3692 5842
798 482 1042 532 xxxva-mur.
1186 470 1190 479 “
1537 479 1608 547 535

240 658 286 719 IP
311 658 380 737 (per
402 660 518 726 vum.
565 659 658 737 Atqui
683 658 753 721 LlO
779 659 912 736 aequalis
937 658 986 718 e'st
1009 657 1065 737 ipsi
1092 658 1179 724 NIH.
1214 657 1284 736 quia
1308 658 1370 731 AI,
1395 658 1436 718 lP
1460 659 1603 738 aequales
1641 709 1643 714 .

241 755 277 807 et
301 745 375 808 lllO
400 748 456 827 ipsi
480 749 536 809 ΛΡ
559 748 731 827 parallelus.
779 749 941 808 Relractus
967 749 1057 825 igitur·
1086 746 1165 807 intra
1192 765 1300 824 corpus
1330 747 1457 807 densum
1479 749 1603 810 veniens

242 836 358 896 incidet
382 837 411 897 in
436 856 573 897 aversam
588 838 653 916 ejus
677 838 861 917 superficiem
876 835 952 896 XIG
973 837 1072 913 (cujus
1096 835 1349 914 perpendicularis
1370 855 1423 915 per
1438 836 1452 896 1
1468 846 1515 897 est
1530 838 1602 910 AL)

242 923 357 1003 angulo
382 927 430 1004 qui
456 927 545 986 tertia
572 935 657 1006 parte
687 927 783 1004 major
811 936 859 986 est
883 945 971 1004 quanr
995 923 1076 984 LlO.
1124 924 1226 984 Habet
1255 924 1346 1002 igitur
1376 925 1525 986 refractus
1553 927 1602 986 ille

243 1014 329 1075 iutra
344 1033 451 1094 corpus
474 1017 607 1096 crystalli
633 1015 834 1076 inclinationis
851 1016 878 1074 in
896 1034 1004 1074 aversa
1021 1014 1174 1091 superficie
1195 1023 1299 1092 partes
1315 1023 1453 1093 quatuor.
1490 1014 1605 1076 Exieus

243 1121 319 1164 vero
343 1121 397 1182 per
421 1105 434 1165 Ι
459 1104 486 1164 iu
512 1104 637 1164 liberum
661 1111 761 1164 acrem
786 1104 907 1163 dimidio
933 1104 1075 1181 majorem
1100 1103 1190 1162 debet
1209 1107 1237 1161 in
1258 1110 1327 1162 abre
1352 1102 1452 1163 sortiri
1476 1103 1603 1164 inclina-

243 1192 374 1265 tionem,
409 1193 479 1271 quia
502 1194 550 1271 qui
575 1213 612 1254 ex
636 1194 687 1254 illo
718 1200 788 1251 abre
821 1193 926 1252 incidit
950 1194 977 1251 iu
1004 1210 1168 1251 convexum
1201 1191 1376 1264 iuclinatuS,
1403 1191 1503 1269 perdit
1526 1193 1607 1254 intra

243 1299 355 1359 corpus
380 1283 501 1342 tertiam
523 1290 640 1360 partem
666 1281 867 1341 inclinationis
892 1284 961 1360 (per
986 1282 1098 1351 VIII).
1146 1280 1227 1357 Ergo
1259 1280 1419 1341 inclinatus
1444 1282 1495 1341 ille
1520 1290 1604 1343 trans

243 1371 360 1430 lentem
390 1370 418 1430 in
451 1378 520 1431 a'cre
551 1371 644 1431 lrabet
675 1390 729 1429 sex
761 1382 881 1449 parteS,
916 1370 1048 1448 qualium
1081 1370 1207 1442 angulus
1240 1369 1314 1429 ΜΠ
1338 1370 1386 1429 vel
1411 1369 1480 1430 LlO
1514 1371 1607 1431 habet

243 1467 352 1538 partes
376 1468 447 1519 tres.
494 1460 610 1540 Duplus
634 1460 725 1538 igitur
750 1469 797 1519 est
821 1461 948 1538 angulus
972 1459 1051 1518 illius
1077 1457 1279 1518 inclinationis
1303 1460 1342 1519 ad
1365 1460 1507 1537 angulum
1522 1459 1605 1521 LlO.

244 1548 345 1627 Atqui
369 1549 437 1609 LlP
461 1549 553 1609 etiam
582 1550 689 1628 duplus
715 1560 762 1608 est
786 1550 823 1608 ad
848 1548 934 1621 LlO,
960 1548 1029 1626 quia
1052 1546 1139 1620 LlO,
1165 1542 1236 1607 OIP
1260 1548 1412 1627 aequales.
1458 1549 1540 1628 Ergo
1565 1550 1606 1610 IP

245 1646 295 1697 est
319 1637 370 1697 ille
395 1637 433 1696 ab
453 1638 497 1697 lll
522 1640 645 1699 veniens
669 1639 826 1709 refractus,
852 1648 884 1697 et
904 1639 949 1697 bis
974 1637 1090 1716 quidem
1116 1637 1272 1710 refractus,
1297 1638 1390 1697 semel
1414 1637 1443 1697 in
1467 1638 1606 1716 ingressu

246 1727 262 1787 1
285 1727 413 1787 convexi
436 1727 524 1799 DIM,
550 1727 657 1788 iterum
681 1726 708 1785 in
734 1746 857 1803 egressu
883 1728 895 1786 l
919 1726 1044 1787 convexi
1070 1723 1155 1784 GlK.
1203 1724 1304 1794 Quare
1325 1726 1350 1786 P
1373 1734 1507 1787 centrum
1532 1747 1605 1788 con-

248 1816 317 1875 vexi
341 1815 460 1875 obversi
475 1816 547 1876 BDl
571 1826 618 1876 est
642 1816 723 1876 locus
748 1835 907 1875 concursus
931 1815 1142 1894 parallelorum
1163 1812 1226 1887 CB,
1243 1815 1311 1887 AI),
1328 1815 1391 1875 HI:
1417 1817 1441 1875 si
1463 1817 1605 1877 convexi-

246 1911 330 1966 tates
356 1905 465 1964 luerint
490 1906 644 1985 aequales.
684 1903 851 1984 (Compara
873 1905 1024 1976 XXXIV,
1049 1903 1185 1978 XXXV,
1205 1903 1405 1976 XXXVIII.)
1444 1906 1607 1967 Memoriae

248 2013 343 2053 causa
360 1992 420 2053 sic:
447 1993 569 2055 tribus
593 1994 883 2053 seruidiauretris
903 2003 989 2072 post
1013 2012 1218 2053 convexum
1244 1994 1444 2065 obversum,
1470 1995 1607 2056 duabus

248 2089 336 2161 post
360 2101 546 2155 aversum,
572 2103 640 2144 una
663 2091 753 2161 post
772 2090 975 2161 utrumque.

338 2171 407 2246 XL.
455 2172 636 2232 Porisnra.
694 2173 786 2231 Patet
828 2173 913 2242 hinc,
959 2171 983 2231 si
1024 2170 1198 2249 inaequales
1241 2170 1351 2232 fuerint
1388 2172 1606 2248 convexitates,

247 2269 392 2339 puuctum
425 2280 586 2321 concursus
617 2263 678 2322 lore
711 2270 780 2339 post
814 2262 924 2321 lentem
957 2260 986 2319 in
1020 2260 1184 2333 distantia,
1228 2280 1304 2339 quae
1337 2260 1416 2321 iuter
1452 2261 1607 2341 utriusque

248 2349 453 2410 convexitatis
482 2351 720 2412 semidiametros
752 2359 897 2410 versetur.
945 2351 1044 2428 Major
1073 2349 1191 2409 scilicet
1218 2349 1443 2411 semidiametro
1473 2351 1605 2426 minoris,

248 2438 321 2517 quia
346 2438 446 2499 altera
468 2440 639 2519 superficies
664 2448 712 2501 est
736 2440 771 2498 de
801 2440 905 2517 majori
939 2439 1066 2511 circulo,
1100 2457 1175 2516 quae
1205 2439 1230 2498 si
1265 2440 1301 2499 de
1336 2439 1453 2517 aequali
1487 2439 1605 2516 fuisset,

247 2527 467 2589 semidiametri
491 2518 631 2589 mensura
654 2531 683 2590 in
709 2529 764 2589 hoe
788 2527 948 2589 intervallo
974 2528 1090 2587 luisset.
1129 2527 1227 2587 Minor
1250 2547 1320 2587 veru
1341 2527 1488 2589 diametro
1508 2529 1606 2590 mino-

247 2617 304 2691 ris,
341 2617 413 2696 quia
443 2619 615 2695 superficies
649 2618 770 2678 minoris
801 2637 857 2677 non
888 2628 935 2677 est
958 2618 1033 2677 sola.
1081 2615 1182 2676 Minor
1215 2617 1341 2695 denique
1385 2618 1607 2681 semidiametro

247 2705 392 2784 majoris,
422 2707 505 2784 quia,
538 2707 563 2766 si
589 2707 754 2785 superficiei
780 2707 901 2766 minoris
927 2707 1054 2767 circulus
1079 2705 1214 2785 aequalis
1244 2705 1367 2782 luisset,
1397 2714 1460 2767 tum
1489 2708 1607 2769 demum
1709 2718 1714 2727 “

245 2795 466 2856 semidiametri
490 2797 613 2874 majoris
647 2815 786 2856 mensura
818 2796 847 2856 in
871 2797 927 2856 hoc
962 2795 1121 2856 intervallo
1145 2794 1272 2868 fuisset,
1307 2815 1384 2856 nuuc
1415 2805 1515 2858 autem
1549 2816 1606 2857 nou
1637 2815 1643 2827 ·

246 2884 389 2963 aequalis
412 2885 466 2944 scd
491 2885 584 2946 minor
609 2894 666 2945 est.

339 2973 423 3034 XLI.
471 2974 696 3053 Propositio.
749 2973 917 3052 Longinqui
949 2974 1051 3051 puncti
1083 2973 1118 3032 de
1152 2992 1184 3032 re
1218 2972 1328 3033 visibili
1363 2975 1437 3035 radii
1471 2974 1606 3053 proxime

244 3063 361 3123 lentem
394 3075 590 3138 concurrunt,
630 3064 848 3142 propinquioris
882 3064 985 3141 puncti
1019 3063 1168 3123 radiorum
1201 3082 1363 3124 concursus
1396 3071 1467 3144 post
1495 3064 1608 3125 lentem
1698 3072 1700 3077 '

243 3161 295 3211 est
318 3152 472 3213 remotior.

335 3241 415 3302 Nam
439 3260 493 3319 per
516 3242 667 3301 XXXIV.
694 3241 828 3301 XXXV.
858 3240 1044 3300 XXXb'lll.
1079 3240 1107 3299 in
1139 3260 1240 3301 earum
1274 3241 1479 3302 schematibus
1510 3243 1607 3305 tribus

242 3338 359 3411 puncto
389 3331 501 3389 infinite
526 3330 652 3390 distanti
677 3348 838 3390 concursus
870 3340 917 3388 cst
941 3331 974 3398 κ’,
1001 3330 1023 3389 S
1048 3330 1095 3389 vel
1119 3330 1152 3391 P.
1180 3331 1324 3391 Vicissim
1353 3342 1462 3408 puncto
1487 3334 1608 3394 radiosa

243 3419 285 3481 ad
311 3438 374 3479 rem
399 3420 581 3493 accedente,
616 3428 650 3479 ut
674 3439 711 3478 ex
736 3417 895 3496 longinquo
920 3418 974 3477 liat
998 3419 1211 3497 propinquum,
1245 3428 1276 3479 et
1300 3420 1447 3481 collocato
1472 3420 1501 3482 in
1525 3423 1558 3496 F,
1586 3421 1608 3484 S

243 3509 294 3569 vel
318 3508 354 3583 P,
380 3527 541 3569 concursus
566 3509 696 3569 excurrit
721 3508 750 3568 iu
776 3507 933 3578 inlinitum,
959 3526 1013 3584 per·
1038 3508 1159 3566 casderrr
1184 3516 1215 3567 et
1238 3528 1292 3586 per
1317 3510 1374 3570 Ill.
1422 3510 1512 3571 Datis
1536 3529 1608 3572 vero

244 3597 395 3658 extremis
420 3599 529 3658 dantur
553 3607 584 3658 et
608 3597 802 3666 intermedia,
827 3604 859 3654 ut
883 3609 993 3673 puncto
1017 3605 1157 3656 versaute
1189 3597 1269 3657 ultra
1292 3599 1327 3671 F,
1352 3597 1376 3659 S
1399 3599 1447 3658 vel
1472 3600 1505 3672 P,
1532 3619 1607 3659 cou-

244 3704 354 3747 cursus
385 3687 533 3746 radioruur
559 3690 611 3747 liat
635 3687 714 3747 iutra
737 3686 896 3756 infinitum,
932 3684 1110 3765 longinquus
1142 3694 1242 3745 tauren
1267 3686 1308 3746 sit
1331 3689 1509 3767 quantisper
1531 3689 1607 3750 visi-

243 3775 305 3836 bile
331 3775 420 3835 valde
445 3777 656 3855 propinquum,
682 3785 712 3834 et
737 3775 866 3834 vicissim
891 3773 1001 3834 visibili
1025 3775 1054 3834 iu
1075 3774 1268 3853 longinquum
1292 3785 1419 3837 exeunte
1444 3797 1607 3839 concursus

244 3863 322 3943 ipsis
338 3866 372 3937 F,
398 3862 484 3925 Svel
501 3867 523 3924 P
538 3864 733 3943 propinquet:
760 3873 791 3923 et
813 3862 939 3940 denique
956 3864 1172 3933 (XXXVIII.)
1196 3865 1221 3924 si
1247 3866 1392 3945 utrimque
1417 3886 1552 3928 convexa
1567 3868 1609 3929 sit

245 3954 323 4026 leus,
350 3960 460 4032 puncto
476 3955 595 4015 radiosa
611 3953 750 4013 diametri
771 3952 929 4012 intervallo
954 3954 1080 4013 absente
1100 3976 1118 4013 a
1141 3954 1230 4026 lente,
1256 3974 1417 4016 concursus
1433 3956 1524 4019 etiarn
1540 3957 1607 4018 dia-

245 4051 344 4104 metro
368 4043 458 4116 absit,
484 4044 576 4105 radiis
601 4043 630 4103 iu
655 4044 734 4103 lente
758 4041 913 4120 parallelis
937 4043 1147 4104 existentibus.

695 4185 829 4246 Lentis
854 4182 998 4247 effecta
1021 4204 1087 4264 per
1110 4204 1159 4245 se.

339 4308 442 4371 XLII.
489 4309 688 4370 Definitio.
736 4307 811 4370 Cum
837 4310 988 4387 quaelibet
1018 4308 1081 4368 lens
1106 4328 1241 4369 convexa
1272 4317 1361 4388 cogat
1396 4312 1496 4372 radios
1521 4311 1608 4373 unius

249 4396 379 4459 lucentis
403 4399 507 4476 puncti
531 4399 569 4458 ad
593 4419 682 4459 unum
707 4407 821 4458 certum
854 4404 1017 4475 puncturu;
1052 4398 1081 4456 id
1114 4416 1185 4458 vero
1221 4398 1337 4476 longius
1370 4408 1440 4477 post
1472 4409 1607 4462 centrum

250 4486 353 4560 abeat,
378 4487 405 4548 si
429 4487 531 4548 lucens
555 4489 750 4566 propinquum
775 4494 836 4560 est,
867 4506 955 4566 quam
979 4487 1006 4547 si
1030 4485 1220 4564 longinquum
1251 4490 1319 4566 (per
1347 4488 1455 4562 XLl):
1488 4489 1606 4570 quoties

252 4574 344 4654 igitur
368 4595 529 4638 concursus
554 4586 695 4655 punctum
720 4575 889 4637 nourinatur
913 4575 1098 4655 simpliciter,
1122 4575 1195 4634 nihil
1220 4576 1332 4645 addito,
1358 4577 1545 4657 intelligatur
1569 4579 1605 4639 de

251 4682 287 4727 eu
310 4673 444 4744 puncto,
477 4665 516 4727 ad
541 4666 619 4745 quod
643 4675 789 4744 coguntur
813 4673 844 4725 et
874 4673 1056 4727 concurrunt
1086 4664 1272 4728 radiationcs
1304 4667 1406 4745 puncti
1439 4666 1604 4747 longinqui,

252 4753 371 4815 scilicet
391 4755 566 4833 parallelae.

341 4842 461 4905 XLIII.
498 4843 707 4904 Problema.
746 4841 845 4920 Super
860 4842 929 4902 albo
949 4843 1064 4921 pariete
1078 4842 1201 4921 pingere
1217 4842 1348 4904 visibilia
1362 4843 1443 4904 lente
1458 4864 1603 4907 convexa.

339 4933 377 4994 lu
400 4951 521 4993 camera
544 4932 673 4993 obscura
697 4932 762 4991 leus
786 4950 922 4991 convexa
946 4931 1086 4992 obsideat
1109 4931 1227 4992 unicam
1252 4933 1451 4995 fenestellam.
1503 4935 1606 5017 Papy-

252 5036 304 5084 ω
326 5020 367 5083 ed
398 5030 543 5101 puuctum
574 5038 736 5083 concursus
770 5019 948 5099 applicetur.
994 5021 1073 5083 tiam
1105 5030 1249 5100 puuctum
1280 5021 1324 5085 rei
1355 5020 1485 5086 visibilis
1515 5041 1607 5104 super
