3692 5842
746 488 935 564 cwssffl·
1450 489 1512 558 tot

160 670 243 753 gulis
266 667 406 731 membris
429 669 466 730 ad
491 669 579 748 tinem
608 667 784 756 ordipandis
812 669 974 731 admonita.
1021 670 1088 732 Hoc
1113 668 1281 749 exemplum
1309 672 1457 751 quomodo
1482 673 1522 735 ad

160 760 260 841 ipsum
281 776 423 839 magnum
445 758 548 820 mundi
573 777 682 840 corpus
706 758 829 840 ejusque
852 758 1028 821 facultatem
1052 757 1327 821 architectatricem
1351 760 1393 821 sit
1416 768 1521 825 trans-

160 849 336 923 ferendum,
369 847 498 928 ambigo.
544 847 611 911 Aut
633 847 711 909 enim
743 849 832 910 sedes
856 846 883 908 ei
906 848 1008 922 nulla,
1042 846 1102 908 nisi
1126 847 1245 927 inipso
1275 847 1390 929 liquido
1420 849 1519 913 inani:

159 947 215 1001 ant
236 938 264 1000 si
286 937 318 999 iu
340 936 440 1016 globis
463 937 630 1013 stellarum,
655 937 744 999 sedes
768 937 797 999 ei
819 956 879 998 uon
902 956 981 999 uua:
1014 942 1068 999 aut
1091 934 1116 998 si
1139 937 1171 998 iu
1193 935 1283 1016 globo
1306 938 1405 1014 Solis,
1430 941 1520 1003 sedes

159 1028 191 1089 ei
214 1026 440 1107 angustissima,
466 1045 611 1089 excursus
635 1026 813 1102 immensus,
837 1025 953 1089 infinito
978 1025 1096 1087 similis.
1142 1024 1276 1088 Primum
1305 1027 1406 1089 dicere
1429 1030 1520 1105 malo,

159 1116 263 1179 inesse
286 1116 317 1177 iu
340 1122 407 1176 tota
430 1114 603 1177 substantia
629 1115 771 1176 aetherea
801 1134 907 1189 uuam,
933 1134 991 1197 qua
1013 1115 1154 1194 planetae
1179 1115 1358 1192 decurrunt,
1382 1117 1520 1195 alteram,

159 1225 220 1289 qua
242 1206 321 1267 fixae
336 1210 431 1278 stant,
456 1204 633 1267 facultatem
649 1204 778 1266 similem
793 1203 926 1265 naturali
947 1204 1094 1277 facultati,
1120 1223 1197 1286 qnae
1219 1212 1268 1266 est
1284 1206 1315 1267 in
1331 1206 1521 1284 animalibus,

157 1295 348 1377 praefectam
371 1300 454 1355 certo
478 1294 572 1371 operi,
596 1293 674 1375 quod
697 1293 786 1356 riobis
810 1300 859 1355 est
881 1293 1094 1368 definiendum,
1119 1300 1152 1355 ut
1174 1302 1335 1373 appareat,
1359 1295 1407 1357 cui
1429 1313 1520 1377 prae·

163 1385 252 1465 cipue
279 1384 358 1452 bono
390 1381 568 1444 facultatem
597 1384 675 1445 hanc
698 1382 729 1444 iu
752 1382 869 1445 coelum
902 1383 1146 1457 introducamus,
1178 1401 1254 1463 quae
1285 1383 1342 1446 has
1376 1377 1541 1448 uovorum'

159 1473 294 1537 siderum
326 1469 420 1533 veluti
458 1471 626 1534 succisivas
663 1491 772 1552 operas
805 1472 897 1551 juxta
933 1478 1084 1560 exerceat.
1140 1470 1215 1535 Cum
1248 1470 1340 1551 igitur
1370 1476 1521 1537 essentiae

157 1562 320 1625 aethereae
346 1560 499 1642 proprium
522 1561 564 1623 sit
585 1561 751 1642 pollucere,
784 1580 880 1643 neque
908 1560 1008 1641 possit
1035 1578 1104 1622 esse
1132 1559 1330 1641 pellucidum,
1360 1563 1440 1644 quod
1462 1584 1523 1627 nou

156 1651 210 1713 vel
231 1650 355 1713 fluidum
379 1656 428 1711 est
448 1650 499 1711 vel
523 1650 568 1711 ita
589 1660 624 1713 ut
647 1651 733 1712 initio
757 1650 823 1725 fuit,
848 1670 915 1712 cum
937 1650 1062 1714 fluidum
1085 1656 1178 1723 esset,
1202 1659 1369 1729 permanet,
1394 1659 1427 1714 ut
1450 1672 1520 1735 cry-

158 1739 289 1812 stallus,
321 1739 569 1820 quemadmodum
601 1740 631 1802 in
665 1739 784 1820 Optiois
815 1739 945 1800 dictum:
978 1738 1094 1800 coelum
1126 1737 1229 1820 utique
1258 1759 1319 1803 nou
1352 1741 1389 1801 de
1417 1759 1520 1804 eorum

155 1828 377 1912 pellucidomm
401 1834 450 1889 est
471 1846 591 1907 genere,
616 1848 693 1910 quae
717 1829 826 1890 duritie
849 1828 979 1910 quadam
1002 1828 1081 1889 hunc
1101 1827 1240 1889 effectum
1263 1828 1414 1905 retinent3
1438 1831 1518 1911 quod

158 1918 371 1981 demonstrant
393 1925 547 1993 cometae,
580 1918 630 1999 qui
654 1937 893 2000 quaquaversum
916 1916 1089 1996 trajiciunt,
1113 1917 1189 1978 nihil
1208 1917 1343 1997 impediti
1367 1939 1386 1980 a
1410 1918 1519 1981 solidi-

156 2014 225 2071 tate
247 2007 311 2068 ulla
334 2006 459 2069 orbium.
505 2006 615 2069 Adhuc
638 2026 710 2087 ergo
743 2007 860 2069 coelum
883 2025 952 2067 curu
974 2006 1017 2068 sit
1042 2004 1183 2079 fluidum,
1217 2006 1327 2067 debeat
1354 2026 1427 2069 vero
1450 2026 1521 2071 esse

157 2103 193 2159 et
212 2095 411 2178 pellucidum,
444 2104 679 2159 consentaneum
706 2103 768 2172 est,
801 2095 978 2158 facultatem
1006 2093 1139 2176 aliquam
1162 2094 1190 2156 ei
1216 2110 1377 2174 praeesse,
1405 2097 1519 2178 quain

156 2187 218 2249 hoc
242 2205 296 2248 suo
321 2191 402 2246 statu
425 2186 572 2247 retinetur
592 2186 642 2248 hic
665 2185 771 2264 ingens
795 2204 934 2265 campus,
965 2183 1054 2266 idque
1077 2183 1141 2246 lieri
1165 2183 1390 2247 continuatione
1412 2186 1518 2265 cujus-

157 2276 231 2338 dam
253 2273 400 2336 lerissimi
423 2273 545 2349 caloris,
569 2294 627 2357 quo
650 2275 683 2336 id
705 2275 790 2337 coelo
812 2281 996 2355 praestetur,
1020 2273 1100 2353 quod
1123 2271 1201 2334 oculi
1228 2272 1402 2338 humoribus
1425 2294 1518 2355 prae-

158 2371 260 2428 statur
289 2364 327 2425 ab
359 2362 546 2425 inhabitante
577 2365 642 2426 vita
649 2384 659 2440 3
690 2371 725 2426 ut
753 2365 853 2426 calore
885 2364 987 2443 vegeti
1019 2380 1137 2442 semper
1159 2369 1316 2441 turgeant,
1340 2371 1518 2448 constetque

159 2453 250 2517 oculo
274 2472 329 2515 sua
351 2458 382 2513 et
403 2452 597 2532 pelluciditas
620 2462 652 2515 et
674 2454 777 2534 figura.
820 2451 899 2515 Huic
923 2452 1015 2532 igitur
1038 2451 1155 2513 animae
1179 2450 1317 2514 dabimus
1338 2453 1396 2516 hoc
1419 2454 1515 2530 officii,

158 2549 196 2607 ut
217 2543 265 2604 vel
289 2542 366 2623 ipsa,
390 2542 460 2603 dum
482 2550 593 2623 purgat
611 2549 643 2604 et
664 2542 794 2623 depurat
815 2560 923 2623 corpus
948 2561 1044 2616 suum,
1068 2541 1255 2621 proprietate
1279 2561 1334 2603 sua
1356 2541 1514 2606 essentiali

156 2631 330 2712 hujusmodi
353 2649 482 2711 vapores
513 2631 642 2713 pingues
665 2639 697 2694 et
719 2630 852 2711 impuros
880 2638 971 2710 cogat
992 2637 1024 2692 et
1045 2628 1134 2713 quasi
1161 2630 1319 2710 detergat,
1349 2631 1398 2692 vel
1422 2632 1514 2694 etiarn

158 2727 301 2784 excretos
324 2739 362 2781 ex
383 2720 483 2799 globis
507 2721 665 2783 stellarum
687 2721 774 2803 quasi
796 2720 1022 2801 possessionem
1045 2737 1171 2781 vacuam
1194 2727 1341 2800 occupet3
1368 2720 1513 2784 utrolibet

157 2829 232 2872 vero
255 2809 344 2872 modo
366 2827 405 2870 ex
427 2809 556 2872 materia
578 2811 702 2872 inventa
725 2810 773 2871 vel
796 2810 918 2889 genita3
949 2809 1028 2872 iuter
1050 2810 1143 2883 fixas,
1176 2809 1297 2871 stellam
1320 2808 1511 2888 immobilem,

156 2900 238 2963 inter
258 2895 409 2980 planetas,
433 2907 581 2962 cometam
603 2900 744 2962 mobilem
766 2899 891 2975 efficiam
916 2918 952 2960 eo
977 2898 1134 2972 instinctu,
1158 2917 1216 2979 quo
1238 2898 1317 2962 hauc
1339 2907 1513 2964 terrestrem

156 2988 334 3051 facultatem
364 2988 443 3050 inter
481 2990 624 3052 animalia
658 2990 799 3052 diffusam
836 2988 1034 3063 animalcula,
1071 2994 1106 3050 ut
1143 2988 1313 3068 papiliones
1342 2996 1374 3052 et
1403 2989 1513 3052 similia

142 3077 302 3153 ,fabricari
325 3077 464 3140 diximus.

245 3165 358 3229 Audivi
375 3168 521 3248 quosdam
538 3185 668 3249 eousque
692 3184 881 3247 progressos,
903 3172 940 3227 ut
953 3165 1011 3226 hac
1030 3165 1175 3227 facultate
1196 3166 1300 3227 confisi
1319 3184 1386 3229 sese
1405 3167 1514 3229 faciles

158 3256 303 3319 exhibere
326 3255 430 3331 velint,
455 3256 481 3317 si
505 3256 572 3336 quis
594 3275 632 3317 ex
650 3257 760 3318 mundo
785 3255 875 3316 etiam
898 3254 1039 3316 muudum
1054 3253 1288 3334 gigni-probare
1311 3256 1395 3317 velit.
1428 3256 1514 3329 Quos

154 3364 217 3409 non
240 3344 379 3426 impedit,
412 3345 490 3426 quod
514 3344 619 3405 vident
649 3363 776 3425 corpora
805 3344 907 3405 mundi
931 3362 991 3405 nou
1018 3344 1199 3405 cohaerere:
1230 3362 1300 3405 nam
1324 3364 1420 3427 neque
1442 3364 1513 3427 cry-

89 3442 90 3446 ’
156 3433 300 3498 stallinns
330 3434 436 3495 humor
469 3432 548 3495 oculi
578 3434 689 3496 tunicis
721 3452 857 3495 annexus
880 3440 947 3507 est;
978 3431 1092 3494 excidit
1118 3432 1196 3493 enim
1220 3432 1271 3493 vix
1293 3436 1427 3513 apertis,
1458 3452 1513 3495 nec

155 3535 241 3605 opus¹
256 3531 291 3585 nt
311 3523 482 3599 recidatur;
506 3540 563 3584 nec
584 3522 671 3585 venis
693 3523 785 3584 alitur
808 3531 861 3584 aut
883 3521 1007 3595 crescit,
1036 3521 1089 3582 sed
1112 3539 1244 3600 vapore:
1263 3517 1306 3595 ³⁸)
1330 3524 1418 3604 quale
1441 3523 1513 3605 quid

155 3612 250 3675 etiam
273 3613 310 3673 de
334 3612 432 3675 stellis
453 3612 484 3674 in
508 3631 583 3673 aura
604 3611 748 3674 aetherea
779 3612 873 3680 libere
904 3610 1078 3672 volantibus
1107 3610 1240 3690 profiteri
1262 3610 1291 3672 is
1312 3620 1434 3692 potest,
1462 3610 1513 3694 qui
1599 3619 1602 3628 '

157 3697 302 3766 mundum
324 3720 362 3763 ex
383 3703 493 3764 mundo
516 3702 641 3781 gignere
662 3701 738 3763 vult.

247 3792 361 3854 Vemm
394 3791 545 3854 calumnia
575 3789 699 3853 veritati
730 3790 855 3852 struitur
877 3789 936 3851 hoe
963 3788 1180 3851 additamento.
1227 3789 1262 3850 In
1289 3789 1408 3852 homine
1436 3808 1512 3871 quae

159 3881 292 3944 facultas
315 3880 414 3961 giguit
433 3880 600 3961 pediculos,
626 3881 714 3961 louge
736 3878 861 3942 inferior
883 3885 945 3953 est,
973 3898 1061 3960 quam
1083 3884 1118 3941 ut
1139 3878 1247 3958 gignat
1267 3878 1425 3942 bominem.
1471 3881 1515 3943 Et

156 3971 188 4033 in
212 3970 308 4033 Terra
330 3970 516 4046 facultatem,
540 3971 660 4052 quade
684 3969 756 4044 dixi,
779 3988 867 4031 nemo
891 3968 1024 4047 negabit.
1070 3968 1282 4048 Prodigiosum
1303 3975 1404 4030 tamen
1428 3987 1512 4032 com-

155 4068 293 4122 mentum
322 4059 431 4134 fuerit,
460 4058 592 4142 siquis,
620 4079 678 4123 non
709 4058 808 4121 dicam
831 4057 870 4119 ad
892 4057 1118 4137 generationem
1147 4058 1273 4120 alterins
1296 4060 1424 4133 Terrae,
1459 4059 1513 4121 sed

155 4155 276 4212 tantum
298 4148 338 4209 ad
360 4149 470 4209 nudam
493 4149 769 4231 augmentationem
793 4148 858 4228 ejus
878 4147 960 4209 vires
984 4146 1162 4210 extenderit.
1203 4146 1391 4211 censeantur
1414 4145 1513 4211 facul-

155 4244 240 4302 tates
264 4254 302 4298 ex
325 4237 474 4318 operibus
488 4256 542 4319 per
566 4258 621 4301 sua
644 4257 785 4320 corpora,
817 4256 878 4298 nou
906 4245 1012 4298 contra
1042 4256 1135 4317 opera
1167 4236 1298 4298 omnium
1321 4255 1358 4298 ex
1381 4256 1440 4299 uno
1462 4237 1513 4299 vel

158 4327 259 4391 altero
278 4326 435 4388 facultatis
451 4327 597 4407 exemplo.
635 4330 684 4391 Ita
698 4327 748 4390 hic
763 4344 880 4408 quoqne
897 4326 925 4387 si
941 4326 1095 4407 praesidet
1110 4327 1171 4388 ista
1190 4326 1321 4389 facultas
1336 4326 1513 4390 retinendae

154 4414 359 4500 pelluciditati
382 4415 534 4491 aetheris,
558 4435 634 4497 opus
657 4436 743 4479 sunm
765 4416 873 4490 habet,
901 4435 960 4497 quo
983 4415 1140 4478 facultatis
1162 4434 1270 4478 nornen
1293 4423 1428 4491 tueatur,
1454 4415 1513 4478 etsi

155 4525 219 4568 nou
241 4511 375 4585 generat
422 4506 470 4567 Ne
493 4505 592 4567 dicam
614 4507 694 4587 qnod
717 4524 826 4587 corpus
849 4505 915 4585 ejus
938 4505 1102 4584 generandi
1135 4514 1239 4568 careat
1261 4505 1400 4584 organis,
1424 4505 1512 4588 quale

155 4594 229 4675 quid
252 4592 440 4657 Aristoteles
463 4602 569 4657 contra
592 4595 750 4657 stellarum
776 4602 905 4668 motum,
938 4594 988 4676 qui
1010 4596 1064 4657 fiat
1087 4594 1151 4656 sine
1176 4594 1312 4669 orbibus,
1344 4594 1511 4676 usurpavit.

156 4682 222 4748 Sed
244 4682 297 4746 isti
320 4684 391 4746 belli
415 4683 588 4764 philosophi
620 4684 774 4760 laborant,
805 4692 838 4745 ut
860 4684 974 4746 habeat
996 4685 1079 4747 Deus
1111 4685 1191 4765 qnod
1215 4685 1252 4746 ab
1276 4692 1400 4747 aeterno
1431 4691 1513 4764 agat,

157 4791 248 4856 quem
270 4772 310 4834 ad
332 4775 420 4836 finem
442 4775 583 4836 mundum
606 4793 644 4835 ex
667 4774 776 4835 mundo
799 4780 924 4836 nectunt
945 4792 999 4855 per
1023 4775 1257 4853 generationem.
1298 4774 1413 4845 Quibus
1437 4773 1514 4835 illud

156 4864 292 4926 fortasse
323 4882 383 4924 nou
417 4863 604 4926 incommode
635 4863 883 4944 respondebitur:
921 4864 1133 4925 aeternitatem
1164 4883 1223 4925 non
1254 4864 1364 4926 hahere
1398 4872 1512 4944 partes3

156 4953 261 5035 itaque
291 4951 447 5032 temporis
467 4953 584 5016 initium
607 4973 627 5014 a
649 4960 716 5014 tota
744 4952 824 5034 peti;
855 4953 935 5033 quod
966 4953 1038 5014 mibi
1067 4953 1106 5015 D.
1130 4953 1293 5034 Augustini
1326 4953 1416 5015 lectio
1445 4952 1513 5015 risa

158 5049 210 5105 ast
232 5059 405 5123 suggerere.
935 5073 939 5082 ·

747 5162 932 5173 —-—-
