3692 5842
737 470 819 536 eaput
839 467 927 522 mx·
1444 470 1506 540 72⁷

155 651 197 712 ad
231 649 362 714 infinitas
395 650 614 730 astrologorum
644 648 866 730 praedictiones
898 669 936 711 ex
970 649 1088 728 trigono
1120 648 1209 729 igneo
1241 648 1417 714 desumtas:
1453 653 1508 716 sed

156 829 256 892 bitur:
280 841 313 892 nt
337 829 417 892 clare
439 837 556 909 pateat,
580 847 637 908 quo
662 836 799 908 respectu
823 828 853 889 id
876 827 938 902 fiat.
964 825 1087 908 etquid
1111 825 1375 908 trigonusigneus
1398 849 1451 911 per
1474 849 1507 895 ss

154 918 257 999 possit
280 918 387 999 quidve
411 938 430 982 1
453 918 544 980 stella
573 917 751 996 adjuvetur;
783 916 908 997 denique
933 927 966 979 11
985 916 1038 978 fiat
1052 915 1212 1004 'separatio
1236 935 1346 993 eorum,
1371 938 1447 1000 qnae
1471 939 1510 984 ex

156 1006 378 1087 astrologorum
394 1006 524 1069 decretis
544 1004 744 1085 conjunctioni
757 1024 889 1086 ,magnae
904 1004 1123 1080 adscribuntur,
1138 1005 1176 1068 ab
1191 1004 1239 1076 iis,
1257 1025 1332 1087 qnae
1346 1009 1509 1090 astrologis

155 1106 190 1160 et
213 1096 388 1160 nominatim
411 1096 551 1158 Fabricio
574 1116 641 1158 meo
665 1094 730 1174 spei
754 1108 889 1157 metusve
912 1105 944 1158 et
967 1095 1053 1155 varia
1075 1094 1261 1176 praejudicia
1283 1106 1507 1177 suggesseruut.

155 1185 238 1248 Nam
261 1186 424 1247 secuudum
448 1184 594 1266 principia
618 1183 692 1264 Cap.
717 1179 771 1246 26.
796 1181 849 1248 27.
874 1192 1020 1264 usurpata
1042 1184 1123 1246 credi
1150 1192 1268 1266 potest,
1292 1184 1387 1248 Deum
1410 1187 1510 1268 ipsum

155 1274 291 1355 aliquam
314 1275 460 1337 rationem
484 1272 594 1355 habere
619 1292 737 1347 eorum,
768 1293 843 1353 quae
872 1273 990 1335 sincera
1020 1281 1120 1334 mente
1145 1292 1182 1335 ex
1205 1274 1394 1355 astrologicis
1418 1295 1509 1356 prae-

155 1362 256 1443 ceptis
280 1364 509 1444 depromuntur:
535 1363 741 1443 utplurimum
765 1362 904 1444 expediat
924 1383 961 1424 ea
979 1370 1163 1441 perpurgata
1182 1362 1296 1425 haberi.
1332 1363 1375 1426 Et
1398 1366 1509 1429 dictum

156 1452 279 1534 quidem
302 1462 350 1515 est
372 1452 515 1533 proximis
539 1452 689 1532 capitibus
714 1450 862 1531 etiamque
887 1450 915 1512 iu
936 1451 1136 1532 superioribus
1160 1452 1298 1532 sparsim,
1324 1454 1395 1534 quid
1417 1463 1509 1518 natu·

156 1541 264 1604 raliter
286 1542 317 1604 iu
341 1542 518 1605 facultatem
550 1541 630 1620 globi
654 1541 783 1602 Telluris
815 1560 890 1615 eam,
925 1560 1001 1621 quae
1033 1540 1174 1602 metauris
1205 1550 1344 1621 praeest,
1377 1543 1511 1624 potuerit

157 1631 235 1693 haec
258 1632 428 1712 conjunctio
453 1629 593 1703 Saturni,
616 1630 703 1691 Jovis
727 1631 919 1707 11Μ11111Ἰ
942 1649 1017 1709 quae
1041 1629 1126 1698 annis
1154 1623 1248 1706 1603,
1276 1626 1369 1695 1604.
1394 1632 1511 1696 initium

159 1720 234 1783 lecit
255 1720 374 1801 trigono
398 1721 495 1800 igneo.
541 1720 773 1799 Astrologornm
803 1719 921 1798 quidem
955 1719 1078 1779 decreta
1100 1718 1143 1781 sic
1167 1729 1237 1781 sunt
1260 1730 1453 1802 comparata,
1477 1715 1538 1786 nt'
1626 1745 1628 1752 ⁸

157 1807 375 1872 melancholico
399 1808 510 1871 homiui
533 1818 646 1870 metum
670 1808 914 1885 conflagrationis
939 1806 1040 1868 mundi
1065 1807 1186 1887 injicere
1208 1810 1337 1888 possint.
1376 1808 1511 1882 Quorum

157 1899 386 1979 persuasionem
405 1900 467 1980 jam
492 1898 665 1960 confirmare
690 1897 872 1975 incipiebant
895 1896 1012 1958 calidae
1031 1898 1189 1959 nonnullae
1213 1917 1357 1961 annornm
1380 1919 1509 1980 sequeu-
1538 1963 1541 1970 ,

159 1988 234 2051 tium
257 2000 379 2068 partes:
414 1989 487 2049 haec
511 1986 578 2067 ipsa
606 2007 675 2049 vero
708 1995 811 2047 aestas
841 1986 909 2047 auni
938 1980 1038 2060 1606,
1072 2004 1147 2065 qnae
1180 1987 1358 2050 humiditate
1391 1988 1512 2051 excedit

155 2078 290 2153 modum,
315 2077 450 2140 funditus
476 2077 582 2138 iterum
612 2075 764 2138 convellit.
812 2073 862 2136 Sic
887 2073 956 2136 olim
981 2093 1057 2135 auno
1086 2072 1183 2164 isal,
1213 2096 1280 2139 1111
1303 2077 1450 2158 astrologi
1473 2097 1511 2140 ex

160 2166 302 2258 opinione
343 2166 452 2245 trigoni
489 2165 574 2246 aquei
612 2166 750 2227 luctuosa
782 2175 814 2225 et
845 2164 995 2226 horrenda
1026 2163 1140 2226 diluvia
1169 2161 1392 2243 praedixissent
1416 2175 1510 2250 (comp.

160 2272 257 2333 vml,
283 2288 308 2336 p.
328 2269 408 2333 16111
434 2256 546 2317 creduli
569 2254 701 2316 nonnulli
725 2252 853 2315 desertis
876 2252 1058 2333 planitiebus
1078 2252 1107 2313 in
1127 2261 1272 2316 montana
1294 2273 1362 2317 sese
1385 2274 1509 2336 recepe-

159 2356 241 2408 runt.
287 2344 380 2424 Atqui
405 2364 462 2407 non
488 2342 572 2423 aquis
596 2343 648 2417 illi,
674 2343 727 2403 sed
751 2342 840 2421 paulu
863 2349 934 2422 post
956 2342 1101 2422 sanguiue
1125 2342 1323 2422 agricolarum
1347 2346 1510 2410 inundante

160 2454 220 2504 non
244 2434 331 2514 pauci
354 2434 480 2514 periere.
519 2433 609 2494 Vana
631 2441 679 2493 est
704 2432 805 2512 itaque
828 2431 1000 2511 squalurum
1016 2438 1047 2492 et
1061 2430 1232 2494 siccitatum
1251 2435 1367 2498 exsulo
1391 2435 1507 2498 nomine

159 2522 242 2605 ignei
264 2523 374 2601 trigoni
398 2520 595 2602 exspectatio.
640 2521 708 2582 Non
732 2521 828 2588 miuus
856 2520 935 2581 euim
966 2520 1148 2600 pluviarum,
1180 2521 1309 2598 nivium,
1334 2524 1509 2588 diluviorum

160 2613 220 2675 erit
243 2631 297 2692 per
321 2613 375 2675 bos
399 2610 464 2677 200
488 2630 597 2684 annos,
626 2630 714 2691 quam
737 2618 844 2671 exacto
868 2630 962 2689 nqueo
987 2609 1104 2689 trigono
1128 2611 1181 2673 1111
1207 2611 1423 2683 incendiorum,
1448 2612 1508 2675 ful-

159 2702 274 2766 minum
296 2702 512 2783 siccitatisque.
558 2700 679 2762 Dictum
701 2698 781 2761 enim
802 2699 901 2779 capite
927 2699 981 2762 VI.
1011 2699 1267 2773 denominationes
1290 2700 1329 2762 ab
1353 2701 1508 2764 elementis

161 2802 195 2856 et
219 2792 263 2854 sic
286 2790 380 2854 etiam
403 2792 442 2852 ab
466 2791 533 2871 igne
557 2789 676 2851 venisse
701 2788 836 2867 trigonis,
861 2807 917 2849 non
942 2807 980 2849 ex
1008 2796 1115 2851 natura
1137 2809 1216 2870 sua,
1230 2790 1324 2852 multo
1351 2791 1449 2853 miuus
1472 2809 1509 2852 ex

161 2882 290 2956 effectu,
320 2881 373 2942 sed
399 2900 436 2941 ex
459 2899 539 2944 mero
563 2879 782 2956 astrologorum
812 2877 946 2939 arbitrio.
994 2875 1021 2939 Ο
1045 2878 1210 2940 vanitatem
1238 2878 1383 2942 infinitam
1406 2888 1507 2942 astro-

161 2972 312 3049 logorum,
347 2969 397 3049 qui
424 2988 573 3049 nunquam
604 2987 710 3047 sapere
740 2965 898 3045 incipiunt,
930 2985 1081 3046 nunquam
1110 2978 1231 3029 cessant
1253 2968 1300 3030 his
1329 2968 1509 3032 futilissimis

162 3058 435 3122 denominationum
459 3059 640 3120 ludicrarum
664 3056 866 3118 fundamentis
888 3055 1082 3135 prognostica
1104 3074 1160 3117 sua
1182 3058 1406 3135 superstruere!

193 3133 202 3152 ⁸
251 3146 353 3220 Quid?
377 3167 472 3210 nonne
497 3148 615 3227 qnidam
641 3166 675 3207 eo
691 3145 839 3206 amentiae
863 3153 934 3205 sunt
955 3145 1116 3224 progressi,
1142 3145 1258 3227 utquia
1280 3155 1394 3209 certum
1411 3148 1508 3211 habe·

159 3258 228 3302 mus
252 3236 426 3314 Christiani,
454 3248 568 3311 ,Coelos
589 3253 620 3300 et
633 3247 746 3300 Terram
766 3244 812 3313 qui
833 3261 905 3297 nuuc
918 3251 992 3307 sunt,
1012 3243 1070 3314 igni
1090 3245 1227 3299 reservari
1247 3245 1360 3300 indiam
1378 3246 1505 3318 judiciis¹⁴

159 3330 239 3390 bunc
263 3327 345 3389 illum
376 3326 494 3406 ignem,
527 3327 581 3387 hoc
607 3335 723 3404 tempus
746 3321 811 3386 200
835 3341 977 3383 annorum
1008 3322 1081 3384 illud
1114 3330 1232 3402 tempus
1264 3343 1332 3386 esse
1361 3327 1507 3390 adventus

158 3416 294 3487 Domini,
318 3415 377 3478 diei
400 3415 581 3479 novissimae
596 3412 751 3476 ctJudicii
776 3410 900 3472 extremi
925 3409 990 3472 ansi
1013 3412 1075 3472 siut
1096 3412 1291 3491 conjectare?
1314 3411 1373 3485 Qui
1387 3426 1508 3495 praeter

160 3506 324 3569 stultitiam
344 3505 490 3586 opinionis
506 3505 543 3566 de
558 3503 662 3582 ignitis
681 3501 864 3581 temporibus
883 3498 1047 3579 impietatis
1067 3499 1158 3561 etiam
1173 3500 1215 3562 rei
1229 3500 1312 3578 fiunt,
1337 3511 1507 3568 statuentes

159 3597 239 3658 hunc
262 3596 362 3659 mnndi
385 3594 537 3656 interitum
560 3594 689 3656 futurum
713 3591 873 3652 secuudum
897 3597 1022 3649 naturae
1046 3607 1182 3650 cursum:
1207 3589 1251 3651 sic
1267 3598 1301 3652 ut
1318 3610 1356 3653 ex
1377 3594 1508 3657 motibus

160 3685 312 3748 coelorum
336 3693 422 3747 tauto
445 3693 515 3746 ante
538 3681 671 3764 praedici
694 3680 805 3762 possit,
830 3697 896 3740 curn
921 3688 1044 3739 teneant
1072 3677 1175 3740 fideles
1199 3698 1321 3755 omnes,
1345 3681 1423 3744 huuc
1448 3682 1506 3745 ad-

155 3781 284 3837 ventum
315 3772 434 3837 Domini
467 3775 528 3836 fore
558 3772 647 3852 plane
680 3766 886 3849 improvisum,
921 3766 996 3827 adeo
1026 3775 1059 3828 ut
1089 3767 1161 3829 luris
1194 3768 1320 3849 alicujus
1351 3769 1507 3852 irruptioni

160 3872 361 3943 comparetur.
409 3860 522 3925 Contra
545 3859 713 3940 hujusmodi
740 3856 893 3919 vesaniam
917 3855 1032 3918 inculco
1062 3855 1263 3920 firmissimum
1285 3859 1342 3922 hoc
1365 3860 1504 3924 axioma:

160 3954 205 4016 rei
234 3949 371 4028 naturali,
397 3952 493 4033 qualis
518 3961 566 4012 est
593 3951 651 4012 iste
674 3949 787 4012 reditus
811 3945 1006 4025 trigonorum,
1030 3965 1089 4008 nou
1109 3945 1270 4010 adhaerere
1294 3948 1386 4011 ullam
1408 3949 1506 4030 signi-

161 4042 332 4106 ficationem
356 4042 444 4104 ullius
475 4036 757 4119 praeternaturalis,
790 4035 847 4097 nisi
876 4034 1004 4096 accedat
1035 4035 1174 4098 voluntas
1197 4047 1228 4099 et
1250 4038 1406 4100 arbitrium
1430 4033 1504 4119 eju's,

162 4132 193 4195 in
216 4131 300 4211 eujus
329 4139 482 4211 potestate
515 4148 564 4192 res
596 4129 648 4192 1111
678 4125 947 4207 praeternaturalis
975 4132 1023 4185 est
1049 4124 1167 4204 posita,
1199 4141 1232 4188 ut
1263 4146 1330 4189 cum
1358 4127 1433 4191 iride
1456 4148 1505 4192 111

161 4220 267 4284 babet.
313 4223 358 4284 At
380 4226 511 4294 constat,
536 4224 634 4280 motus
658 4216 806 4278 coelorum
829 4212 962 4292 permitti
986 4221 1121 4275 naturae.
1508 4215 1512 4222 '

250 4311 321 4374 Jam
344 4310 422 4392 quod
446 4308 580 4371 homines
604 4306 714 4368 attinet
736 4321 894 4382 eorumque
919 4302 1186 4381 congregationes:
1212 4304 1270 4366 etsi
1288 4304 1407 4385 quidem
1430 4325 1503 4368 con-

158 4400 346 4483 junctionum
369 4418 541 4480 magnarum
564 4396 696 4476 ipsarum
720 4392 797 4454 inter
821 4391 902 4471 ipsos
926 4391 1082 4453 evidentes
1104 4391 1205 4453 videre
1221 4391 1294 4455 licet
1315 4394 1448 4468 effectus,
1471 4402 1506 4458 nt

163 4510 256 4570 supra
278 4490 408 4564 dictum;
442 4488 500 4549 etsi
524 4483 676 4547 etiamad
704 4482 846 4544 articulos
878 4480 1116 4560 conjunctionum
1146 4481 1240 4543 multa
1270 4483 1414 4562 specialia
1436 4501 1518 4546 sese¹

163 4581 391 4645 accommodant
413 4597 451 4639 ex
473 4575 626 4648 historiis;
656 4591 731 4653 quae
755 4571 845 4632 Petro
869 4570 906 4630 de
929 4569 1037 4632 Aliaco
1061 4569 1215 4632 Cardiuali
1245 4571 1390 4634 dederuut
1412 4592 1503 4636 occa-
1594 4627 1597 4632 .

163 4672 295 4745 sionem,
330 4666 523 4747 comparandi
555 4662 698 4726 historias
722 4669 754 4722 et
775 4658 951 4738 religionum
979 4658 1117 4738 periodos
1145 4678 1209 4720 cum
1243 4661 1444 4737 astronomia;
1461 4657 1503 4737 ¹⁰)

164 4780 288 4843 quornm
311 4758 412 4837 aliqua
434 4756 533 4835 capite
557 4751 684 4832 septimo
708 4751 737 4811 in
762 4748 875 4818 tabella
897 4758 968 4809 sunt
991 4747 1028 4809 ob
1051 4747 1152 4810 oculos
1181 4748 1298 4829 posita:
1330 4757 1430 4813 tamen
1454 4751 1503 4834 qni

165 4849 325 4930 diligenter
353 4845 453 4908 omnia
482 4842 624 4924 expendit
660 4838 878 4919 deprehendet,
912 4856 969 4898 nou
1003 4836 1058 4898 sub
1089 4837 1171 4916 ipsus
1203 4838 1345 4901 articulos
1375 4840 1504 4903 revoluti

165 4939 275 5019 trigoni
297 4936 376 5018 ignei
399 4953 507 4997 novam
530 4928 658 5012 aliquam
673 4947 769 4991 rerum
789 4926 896 4989 faciem
911 4946 949 4988 ex
967 4926 1127 5005 improviso
1150 4928 1314 4991 exstitisse.
1352 4926 1503 5011 Quidquid

165 5029 246 5092 enim
267 5024 454 5108 experientia
474 5042 528 5104 per
550 5020 667 5084 modum
695 5017 863 5080 naturalem
886 5013 1102 5078 transscribere
1124 5027 1227 5104 potest
1247 5017 1295 5096 his
1318 5017 1505 5104 trigonorum
