<?xml version="1.0" encoding="UTF-8"?>
<!DOCTYPE html PUBLIC "-//W3C//DTD XHTML 1.0 Transitional//EN"
    "http://www.w3.org/TR/xhtml1/DTD/xhtml1-transitional.dtd">
<html xmlns="http://www.w3.org/1999/xhtml" xml:lang="en" lang="en">
 <head>
  <title>
</title>
<meta http-equiv="Content-Type" content="text/html;charset=utf-8" />
  <meta name='ocr-system' content='tesseract 3.04.00' />
  <meta name='ocr-capabilities' content='ocr_page ocr_carea ocr_par ocr_line ocrx_word'/>
</head>
<body>
  <div class='ocr_page' id='page_1' title='image "./joanniskepleria01frisgoog/joanniskepleria01frisgoog_0711.png"; bbox 0 0 3692 5842; ppageno 0'>
   <div class='ocr_carea' id='block_1_1' title="bbox 739 433 1514 563">
    <p class='ocr_par' dir='ltr' id='par_1_1' title="bbox 739 433 1514 563">
     <span class='ocr_line' id='line_1_1' title="bbox 739 433 1514 563; baseline 0.005 -5"><span class='ocrx_word' id='word_1_1' title='bbox 739 433 824 558; x_wconf 68' lang='lat' dir='ltr'>cos</span> <span class='ocrx_word' id='word_1_2' title='bbox 839 491 933 545; x_wconf 81' lang='lat' dir='ltr'>xxm</span> <span class='ocrx_word' id='word_1_3' title='bbox 1449 492 1514 563; x_wconf 84' lang='lat' dir='ltr'>oss</span> 
     </span>
    </p>
   </div>
   <div class='ocr_carea' id='block_1_2' title="bbox 152 666 1514 2088">
    <p class='ocr_par' dir='ltr' id='par_1_2' title="bbox 156 666 1513 837">
     <span class='ocr_line' id='line_1_2' title="bbox 157 666 1513 750; baseline 0.003 -18"><span class='ocrx_word' id='word_1_4' title='bbox 157 666 227 732; x_wconf 88' lang='lat' dir='ltr'>Soli</span> <span class='ocrx_word' id='word_1_5' title='bbox 249 667 392 732; x_wconf 88' lang='lat' dir='ltr'>Lunaeve</span> <span class='ocrx_word' id='word_1_6' title='bbox 422 667 602 731; x_wconf 89' lang='lat' dir='ltr'>circumfusa</span> <span class='ocrx_word' id='word_1_7' title='bbox 623 667 694 731; x_wconf 87' lang='lat' dir='ltr'>aliis</span> <span class='ocrx_word' id='word_1_8' title='bbox 722 669 907 749; x_wconf 80' lang='lat' dir='ltr'><strong>temporibus</strong></span> <span class='ocrx_word' id='word_1_9' title='bbox 930 670 1022 733; x_wconf 89' lang='lat' dir='ltr'>aliter</span> <span class='ocrx_word' id='word_1_10' title='bbox 1047 669 1177 746; x_wconf 90' lang='lat' dir='ltr'>habeat,</span> <span class='ocrx_word' id='word_1_11' title='bbox 1204 670 1270 750; x_wconf 85' lang='lat' dir='ltr'>jam</span> <span class='ocrx_word' id='word_1_12' title='bbox 1299 670 1513 749; x_wconf 89' lang='lat' dir='ltr'>incrassescst,</span> 
     </span>
     <span class='ocr_line' id='line_1_3' title="bbox 156 757 824 837; baseline 0.003 -18"><span class='ocrx_word' id='word_1_13' title='bbox 156 775 230 820; x_wconf 84' lang='lat' dir='ltr'>mox</span> <span class='ocrx_word' id='word_1_14' title='bbox 252 757 360 819; x_wconf 83' lang='lat' dir='ltr'>iterum</span> <span class='ocrx_word' id='word_1_15' title='bbox 384 757 545 837; x_wconf 90' lang='lat' dir='ltr'>depuretur</span> <span class='ocrx_word' id='word_1_16' title='bbox 567 765 599 819; x_wconf 92' lang='lat' dir='ltr'>et</span> <span class='ocrx_word' id='word_1_17' title='bbox 621 757 824 821; x_wconf 86' lang='lat' dir='ltr'>discutiatur?</span> 
     </span>
    </p>

    <p class='ocr_par' dir='ltr' id='par_1_3' title="bbox 153 846 1514 1730">
     <span class='ocr_line' id='line_1_4' title="bbox 247 846 1514 928; baseline 0.004 -20"><span class='ocrx_word' id='word_1_18' title='bbox 247 847 287 908; x_wconf 91' lang='lat' dir='ltr'>V.</span> <span class='ocrx_word' id='word_1_19' title='bbox 333 847 438 928; x_wconf 82' lang='lat' dir='ltr'>Neque</span> <span class='ocrx_word' id='word_1_20' title='bbox 461 854 578 909; x_wconf 87' lang='lat' dir='ltr'>tantum</span> <span class='ocrx_word' id='word_1_21' title='bbox 600 846 730 928; x_wconf 81' lang='lat' dir='ltr'>eclipses</span> <span class='ocrx_word' id='word_1_22' title='bbox 753 848 831 910; x_wconf 90' lang='lat' dir='ltr'>banc</span> <span class='ocrx_word' id='word_1_23' title='bbox 846 867 910 910; x_wconf 90' lang='lat' dir='ltr'>rem</span> <span class='ocrx_word' id='word_1_24' title='bbox 933 848 1119 924; x_wconf 87' lang='lat' dir='ltr'>confirmant,</span> <span class='ocrx_word' id='word_1_25' title='bbox 1144 848 1199 910; x_wconf 88' lang='lat' dir='ltr'>sed</span> <span class='ocrx_word' id='word_1_26' title='bbox 1223 848 1314 912; x_wconf 87' lang='lat' dir='ltr'>etiam</span> <span class='ocrx_word' id='word_1_27' title='bbox 1337 849 1415 912; x_wconf 87' lang='lat' dir='ltr'>citra</span> <span class='ocrx_word' id='word_1_28' title='bbox 1430 850 1514 914; x_wconf 87' lang='lat' dir='ltr'>Solis</span> 
     </span>
     <span class='ocr_line' id='line_1_5' title="bbox 156 935 1513 1017; baseline 0.003 -19"><span class='ocrx_word' id='word_1_29' title='bbox 156 935 309 998; x_wconf 89' lang='lat' dir='ltr'>defectum</span> <span class='ocrx_word' id='word_1_30' title='bbox 330 936 417 998; x_wconf 87' lang='lat' dir='ltr'>Luna</span> <span class='ocrx_word' id='word_1_31' title='bbox 444 936 532 998; x_wconf 90' lang='lat' dir='ltr'>uobis</span> <span class='ocrx_word' id='word_1_32' title='bbox 560 936 649 1015; x_wconf 88' lang='lat' dir='ltr'>hujus</span> <span class='ocrx_word' id='word_1_33' title='bbox 676 937 720 999; x_wconf 91' lang='lat' dir='ltr'>rei</span> <span class='ocrx_word' id='word_1_34' title='bbox 743 937 954 999; x_wconf 84' lang='lat' dir='ltr'>documentum</span> <span class='ocrx_word' id='word_1_35' title='bbox 981 938 1117 1017; x_wconf 84' lang='lat' dir='ltr'>praebet.</span> <span class='ocrx_word' id='word_1_36' title='bbox 1163 937 1254 1000; x_wconf 82' lang='lat' dir='ltr'>Anno</span> <span class='ocrx_word' id='word_1_37' title='bbox 1282 935 1381 1013; x_wconf 83' lang='lat'>1553,</span> <span class='ocrx_word' id='word_1_38' title='bbox 1409 948 1443 1001; x_wconf 92' lang='lat' dir='ltr'>ut</span> <span class='ocrx_word' id='word_1_39' title='bbox 1465 940 1513 1002; x_wconf 85' lang='lat' dir='ltr'>vir</span> 
     </span>
     <span class='ocr_line' id='line_1_6' title="bbox 157 1023 1514 1108; baseline 0.003 -22"><span class='ocrx_word' id='word_1_40' title='bbox 157 1023 262 1105; x_wconf 81' lang='lat' dir='ltr'>gravis</span> <span class='ocrx_word' id='word_1_41' title='bbox 293 1043 330 1087; x_wconf 89' lang='lat' dir='ltr'>ac</span> <span class='ocrx_word' id='word_1_42' title='bbox 359 1024 584 1087; x_wconf 89' lang='lat' dir='ltr'>literatissimus</span> <span class='ocrx_word' id='word_1_43' title='bbox 613 1025 653 1087; x_wconf 88' lang='lat' dir='ltr'>ad</span> <span class='ocrx_word' id='word_1_44' title='bbox 682 1044 729 1088; x_wconf 91' lang='lat' dir='ltr'>me</span> <span class='ocrx_word' id='word_1_45' title='bbox 759 1026 954 1107; x_wconf 82' lang='lat' dir='ltr'>perscripsit,</span> <span class='ocrx_word' id='word_1_46' title='bbox 986 1025 1053 1087; x_wconf 91' lang='lat' dir='ltr'>visa</span> <span class='ocrx_word' id='word_1_47' title='bbox 1082 1034 1131 1087; x_wconf 90' lang='lat' dir='ltr'>est</span> <span class='ocrx_word' id='word_1_48' title='bbox 1160 1026 1282 1108; x_wconf 79' lang='lat' dir='ltr'>Hispali</span> <span class='ocrx_word' id='word_1_49' title='bbox 1310 1029 1397 1090; x_wconf 87' lang='lat' dir='ltr'>Luna</span> <span class='ocrx_word' id='word_1_50' title='bbox 1422 1029 1514 1108; x_wconf 83' lang='lat' dir='ltr'>juxta</span> 
     </span>
     <span class='ocr_line' id='line_1_7' title="bbox 157 1109 1514 1197; baseline 0.001 -19"><span class='ocrx_word' id='word_1_51' title='bbox 157 1114 264 1178; x_wconf 86' lang='lat' dir='ltr'>Solem</span> <span class='ocrx_word' id='word_1_52' title='bbox 287 1122 372 1176; x_wconf 88' lang='lat' dir='ltr'>stans</span> <span class='ocrx_word' id='word_1_53' title='bbox 395 1113 426 1175; x_wconf 92' lang='lat' dir='ltr'>in</span> <span class='ocrx_word' id='word_1_54' title='bbox 448 1114 587 1177; x_wconf 87' lang='lat' dir='ltr'>Piscibus</span> <span class='ocrx_word' id='word_1_55' title='bbox 609 1113 642 1176; x_wconf 91' lang='lat' dir='ltr'>in</span> <span class='ocrx_word' id='word_1_56' title='bbox 665 1114 730 1195; x_wconf 90' lang='lat' dir='ltr'>ipso</span> <span class='ocrx_word' id='word_1_57' title='bbox 754 1115 832 1178; x_wconf 90' lang='lat' dir='ltr'>coeli</span> <span class='ocrx_word' id='word_1_58' title='bbox 855 1115 965 1177; x_wconf 91' lang='lat' dir='ltr'>medio.</span> <span class='ocrx_word' id='word_1_59' title='bbox 984 1109 1026 1189; x_wconf 79' lang='lat'>³¹)</span> <span class='ocrx_word' id='word_1_60' title='bbox 1065 1117 1145 1178; x_wconf 87' lang='lat' dir='ltr'>Tota</span> <span class='ocrx_word' id='word_1_61' title='bbox 1167 1116 1277 1178; x_wconf 87' lang='lat' dir='ltr'>civitas</span> <span class='ocrx_word' id='word_1_62' title='bbox 1300 1119 1461 1197; x_wconf 77' lang='lat' dir='ltr'>spectabat</span> <span class='ocrx_word' id='word_1_63' title='bbox 1483 1128 1514 1180; x_wconf 94' lang='lat' dir='ltr'>et</span> 
     </span>
     <span class='ocr_line' id='line_1_8' title="bbox 154 1202 1513 1286; baseline 0.003 -20"><span class='ocrx_word' id='word_1_64' title='bbox 154 1203 338 1266; x_wconf 79' lang='lat' dir='ltr'>testabatur.</span> <span class='ocrx_word' id='word_1_65' title='bbox 385 1202 513 1274; x_wconf 77' lang='lat' dir='ltr'>Quando</span> <span class='ocrx_word' id='word_1_66' title='bbox 537 1221 610 1265; x_wconf 87' lang='lat' dir='ltr'>vero</span> <span class='ocrx_word' id='word_1_67' title='bbox 633 1203 732 1266; x_wconf 90' lang='lat' dir='ltr'>simile</span> <span class='ocrx_word' id='word_1_68' title='bbox 754 1204 939 1266; x_wconf 88' lang='lat' dir='ltr'>novilunium</span> <span class='ocrx_word' id='word_1_69' title='bbox 962 1204 1028 1284; x_wconf 91' lang='lat' dir='ltr'>quis</span> <span class='ocrx_word' id='word_1_70' title='bbox 1057 1204 1158 1266; x_wconf 82' lang='lat' dir='ltr'>vidit?</span> <span class='ocrx_word' id='word_1_71' title='bbox 1194 1205 1346 1286; x_wconf 89' lang='lat' dir='ltr'>Numquid</span> <span class='ocrx_word' id='word_1_72' title='bbox 1375 1216 1513 1270; x_wconf 88' lang='lat' dir='ltr'>veterum</span> 
     </span>
     <span class='ocr_line' id='line_1_9' title="bbox 157 1290 1512 1374; baseline 0.002 -19"><span class='ocrx_word' id='word_1_73' title='bbox 157 1290 299 1355; x_wconf 87' lang='lat' dir='ltr'>doctriua</span> <span class='ocrx_word' id='word_1_74' title='bbox 320 1291 442 1354; x_wconf 91' lang='lat' dir='ltr'>biduum</span> <span class='ocrx_word' id='word_1_75' title='bbox 464 1300 496 1353; x_wconf 92' lang='lat' dir='ltr'>et</span> <span class='ocrx_word' id='word_1_76' title='bbox 518 1292 648 1372; x_wconf 90' lang='lat' dir='ltr'>amplius</span> <span class='ocrx_word' id='word_1_77' title='bbox 669 1301 742 1373; x_wconf 91' lang='lat' dir='ltr'>post</span> <span class='ocrx_word' id='word_1_78' title='bbox 771 1294 907 1374; x_wconf 89' lang='lat' dir='ltr'>copulam</span> <span class='ocrx_word' id='word_1_79' title='bbox 930 1293 1026 1373; x_wconf 91' lang='lat' dir='ltr'>primo</span> <span class='ocrx_word' id='word_1_80' title='bbox 1049 1294 1155 1356; x_wconf 89' lang='lat' dir='ltr'>Lunae</span> <span class='ocrx_word' id='word_1_81' title='bbox 1184 1295 1320 1374; x_wconf 89' lang='lat' dir='ltr'>aspectui</span> <span class='ocrx_word' id='word_1_82' title='bbox 1352 1295 1512 1360; x_wconf 82' lang='lat' dir='ltr'>vindicat?</span> 
     </span>
     <span class='ocr_line' id='line_1_10' title="bbox 155 1381 1511 1463; baseline 0.003 -20"><span class='ocrx_word' id='word_1_83' title='bbox 155 1381 255 1463; x_wconf 79' lang='lat' dir='ltr'>Igitur</span> <span class='ocrx_word' id='word_1_84' title='bbox 276 1382 353 1445; x_wconf 87' lang='lat' dir='ltr'>haec</span> <span class='ocrx_word' id='word_1_85' title='bbox 374 1381 480 1461; x_wconf 90' lang='lat' dir='ltr'>quinta</span> <span class='ocrx_word' id='word_1_86' title='bbox 502 1382 675 1444; x_wconf 84' lang='lat' dir='ltr'>testificatio</span> <span class='ocrx_word' id='word_1_87' title='bbox 699 1391 749 1445; x_wconf 90' lang='lat' dir='ltr'>est</span> <span class='ocrx_word' id='word_1_88' title='bbox 771 1384 847 1462; x_wconf 88' lang='lat' dir='ltr'>ejus,</span> <span class='ocrx_word' id='word_1_89' title='bbox 872 1383 952 1463; x_wconf 91' lang='lat' dir='ltr'>quod</span> <span class='ocrx_word' id='word_1_90' title='bbox 975 1383 1199 1454; x_wconf 84' lang='lat' dir='ltr'>contendimus,</span> <span class='ocrx_word' id='word_1_91' title='bbox 1221 1401 1329 1462; x_wconf 91' lang='lat' dir='ltr'>nempe</span> <span class='ocrx_word' id='word_1_92' title='bbox 1352 1385 1511 1447; x_wconf 82' lang='lat' dir='ltr'>materiam</span> 
     </span>
     <span class='ocr_line' id='line_1_11' title="bbox 155 1469 1512 1553; baseline 0.003 -20"><span class='ocrx_word' id='word_1_93' title='bbox 155 1469 246 1545; x_wconf 86' lang='lat' dir='ltr'>coeli,</span> <span class='ocrx_word' id='word_1_94' title='bbox 270 1489 337 1532; x_wconf 90' lang='lat' dir='ltr'>cum</span> <span class='ocrx_word' id='word_1_95' title='bbox 359 1470 429 1532; x_wconf 89' lang='lat' dir='ltr'>aliis</span> <span class='ocrx_word' id='word_1_96' title='bbox 453 1470 637 1550; x_wconf 83' lang='lat' dir='ltr'>temporibus</span> <span class='ocrx_word' id='word_1_97' title='bbox 660 1470 702 1533; x_wconf 92' lang='lat' dir='ltr'>sit</span> <span class='ocrx_word' id='word_1_98' title='bbox 723 1471 799 1545; x_wconf 88' lang='lat' dir='ltr'>alia,</span> <span class='ocrx_word' id='word_1_99' title='bbox 824 1472 993 1534; x_wconf 83' lang='lat' dir='ltr'>subtilitate</span> <span class='ocrx_word' id='word_1_100' title='bbox 1017 1472 1144 1534; x_wconf 88' lang='lat' dir='ltr'>multum</span> <span class='ocrx_word' id='word_1_101' title='bbox 1167 1492 1187 1533; x_wconf 85' lang='lat' dir='ltr'>a</span> <span class='ocrx_word' id='word_1_102' title='bbox 1210 1491 1244 1534; x_wconf 91' lang='lat' dir='ltr'>se</span> <span class='ocrx_word' id='word_1_103' title='bbox 1267 1472 1336 1553; x_wconf 87' lang='lat' dir='ltr'>ipsa</span> <span class='ocrx_word' id='word_1_104' title='bbox 1358 1473 1512 1548; x_wconf 84' lang='lat' dir='ltr'>differens,</span> 
     </span>
     <span class='ocr_line' id='line_1_12' title="bbox 153 1558 1513 1644; baseline 0.003 -23"><span class='ocrx_word' id='word_1_105' title='bbox 153 1558 227 1641; x_wconf 93' lang='lat' dir='ltr'>plus</span> <span class='ocrx_word' id='word_1_106' title='bbox 243 1558 335 1621; x_wconf 87' lang='lat' dir='ltr'>etiam</span> <span class='ocrx_word' id='word_1_107' title='bbox 358 1560 535 1643; x_wconf 89' lang='lat' dir='ltr'>quandoque</span> <span class='ocrx_word' id='word_1_108' title='bbox 551 1559 701 1623; x_wconf 77' lang='lat' dir='ltr'>claritatis</span> <span class='ocrx_word' id='word_1_109' title='bbox 720 1559 864 1623; x_wconf 90' lang='lat' dir='ltr'>imbibere</span> <span class='ocrx_word' id='word_1_110' title='bbox 880 1580 968 1641; x_wconf 90' lang='lat' dir='ltr'>quam</span> <span class='ocrx_word' id='word_1_111' title='bbox 987 1560 1058 1622; x_wconf 90' lang='lat' dir='ltr'>aliis</span> <span class='ocrx_word' id='word_1_112' title='bbox 1078 1559 1284 1641; x_wconf 87' lang='lat' dir='ltr'>temporibus:</span> <span class='ocrx_word' id='word_1_113' title='bbox 1309 1560 1411 1644; x_wconf 84' lang='lat' dir='ltr'>itaque</span> <span class='ocrx_word' id='word_1_114' title='bbox 1434 1563 1513 1626; x_wconf 89' lang='lat' dir='ltr'>alias</span> 
     </span>
     <span class='ocr_line' id='line_1_13' title="bbox 154 1647 1455 1730; baseline 0.001 -18"><span class='ocrx_word' id='word_1_115' title='bbox 154 1648 265 1730; x_wconf 86' lang='lat' dir='ltr'>magis,</span> <span class='ocrx_word' id='word_1_116' title='bbox 278 1648 366 1717; x_wconf 71' lang='lat' dir='ltr'>,alias</span> <span class='ocrx_word' id='word_1_117' title='bbox 388 1647 486 1710; x_wconf 84' lang='lat' dir='ltr'>urinas</span> <span class='ocrx_word' id='word_1_118' title='bbox 509 1667 670 1711; x_wconf 88' lang='lat' dir='ltr'>occaecare</span> <span class='ocrx_word' id='word_1_119' title='bbox 694 1651 798 1712; x_wconf 92' lang='lat' dir='ltr'>oculos</span> <span class='ocrx_word' id='word_1_120' title='bbox 820 1649 974 1711; x_wconf 92' lang='lat' dir='ltr'>hominum</span> <span class='ocrx_word' id='word_1_121' title='bbox 997 1650 1028 1712; x_wconf 92' lang='lat' dir='ltr'>in</span> <span class='ocrx_word' id='word_1_122' title='bbox 1050 1649 1189 1711; x_wconf 86' lang='lat' dir='ltr'>videndis</span> <span class='ocrx_word' id='word_1_123' title='bbox 1213 1650 1250 1711; x_wconf 92' lang='lat' dir='ltr'>de</span> <span class='ocrx_word' id='word_1_124' title='bbox 1274 1650 1322 1712; x_wconf 91' lang='lat' dir='ltr'>die</span> <span class='ocrx_word' id='word_1_125' title='bbox 1346 1652 1455 1713; x_wconf 89' lang='lat' dir='ltr'>stellis.</span> 
     </span>
    </p>

    <p class='ocr_par' dir='ltr' id='par_1_4' title="bbox 152 1737 1513 2088">
     <span class='ocr_line' id='line_1_14' title="bbox 246 1737 1512 1820; baseline 0.005 -22"><span class='ocrx_word' id='word_1_126' title='bbox 246 1737 333 1810; x_wconf 83' lang='lat' dir='ltr'>Quae</span> <span class='ocrx_word' id='word_1_127' title='bbox 362 1748 539 1817; x_wconf 88' lang='lat' dir='ltr'>argumenta</span> <span class='ocrx_word' id='word_1_128' title='bbox 568 1739 619 1800; x_wconf 93' lang='lat' dir='ltr'>ubi</span> <span class='ocrx_word' id='word_1_129' title='bbox 650 1739 747 1801; x_wconf 93' lang='lat' dir='ltr'>locum</span> <span class='ocrx_word' id='word_1_130' title='bbox 770 1739 800 1800; x_wconf 91' lang='lat' dir='ltr'>in</span> <span class='ocrx_word' id='word_1_131' title='bbox 823 1739 981 1801; x_wconf 87' lang='lat' dir='ltr'>academia</span> <span class='ocrx_word' id='word_1_132' title='bbox 1002 1739 1186 1819; x_wconf 86' lang='lat' dir='ltr'>repererint,</span> <span class='ocrx_word' id='word_1_133' title='bbox 1217 1746 1281 1801; x_wconf 90' lang='lat' dir='ltr'>tum</span> <span class='ocrx_word' id='word_1_134' title='bbox 1309 1739 1428 1803; x_wconf 90' lang='lat' dir='ltr'>demum</span> <span class='ocrx_word' id='word_1_135' title='bbox 1455 1759 1512 1820; x_wconf 89' lang='lat' dir='ltr'>ego</span> 
     </span>
     <span class='ocr_line' id='line_1_15' title="bbox 153 1822 1513 1910; baseline 0 -20"><span class='ocrx_word' id='word_1_136' title='bbox 153 1827 332 1901; x_wconf 88' lang='lat' dir='ltr'>obsecrabo,</span> <span class='ocrx_word' id='word_1_137' title='bbox 353 1835 389 1889; x_wconf 92' lang='lat' dir='ltr'>ut</span> <span class='ocrx_word' id='word_1_138' title='bbox 404 1826 472 1889; x_wconf 90' lang='lat' dir='ltr'>huic</span> <span class='ocrx_word' id='word_1_139' title='bbox 494 1826 587 1889; x_wconf 91' lang='lat' dir='ltr'>etiam</span> <span class='ocrx_word' id='word_1_140' title='bbox 601 1829 708 1891; x_wconf 87' lang='lat' dir='ltr'>Novae</span> <span class='ocrx_word' id='word_1_141' title='bbox 732 1827 850 1904; x_wconf 85' lang='lat' dir='ltr'>stellae,</span> <span class='ocrx_word' id='word_1_142' title='bbox 874 1846 1008 1909; x_wconf 90' lang='lat' dir='ltr'>quaeque</span> <span class='ocrx_word' id='word_1_143' title='bbox 1023 1828 1102 1890; x_wconf 87' lang='lat' dir='ltr'>hanc</span> <span class='ocrx_word' id='word_1_144' title='bbox 1125 1847 1204 1890; x_wconf 90' lang='lat' dir='ltr'>anuo</span> <span class='ocrx_word' id='word_1_145' title='bbox 1224 1822 1318 1892; x_wconf 80' lang='lat'>1596.</span> <span class='ocrx_word' id='word_1_146' title='bbox 1343 1829 1513 1910; x_wconf 89' lang='lat' dir='ltr'>praecessit</span> 
     </span>
     <span class='ocr_line' id='line_1_16' title="bbox 152 1914 1509 2000; baseline 0.001 -22"><span class='ocrx_word' id='word_1_147' title='bbox 152 1935 251 1998; x_wconf 82' lang='lat' dir='ltr'>parva</span> <span class='ocrx_word' id='word_1_148' title='bbox 273 1915 303 1977; x_wconf 93' lang='lat' dir='ltr'>in</span> <span class='ocrx_word' id='word_1_149' title='bbox 328 1915 423 1989; x_wconf 83' lang='lat' dir='ltr'>Oete,</span> <span class='ocrx_word' id='word_1_150' title='bbox 456 1923 585 1998; x_wconf 84' lang='lat' dir='ltr'>atquae</span> <span class='ocrx_word' id='word_1_151' title='bbox 613 1937 692 1979; x_wconf 89' lang='lat' dir='ltr'>anno</span> <span class='ocrx_word' id='word_1_152' title='bbox 719 1914 813 1979; x_wconf 77' lang='lat'>1572.</span> <span class='ocrx_word' id='word_1_153' title='bbox 844 1916 977 1978; x_wconf 81' lang='lat' dir='ltr'>maxima</span> <span class='ocrx_word' id='word_1_154' title='bbox 999 1916 1030 1977; x_wconf 92' lang='lat' dir='ltr'>in</span> <span class='ocrx_word' id='word_1_155' title='bbox 1054 1915 1251 1996; x_wconf 84' lang='lat' dir='ltr'>Cassiopeia,</span> <span class='ocrx_word' id='word_1_156' title='bbox 1282 1917 1408 1998; x_wconf 89' lang='lat' dir='ltr'>denique</span> <span class='ocrx_word' id='word_1_157' title='bbox 1432 1936 1509 2000; x_wconf 90' lang='lat' dir='ltr'>quae</span> 
     </span>
     <span class='ocr_line' id='line_1_17' title="bbox 153 2001 1510 2088; baseline 0.001 -20"><span class='ocrx_word' id='word_1_158' title='bbox 153 2025 235 2068; x_wconf 83' lang='lat' dir='ltr'>auno</span> <span class='ocrx_word' id='word_1_159' title='bbox 261 2001 355 2069; x_wconf 86' lang='lat'>1600.</span> <span class='ocrx_word' id='word_1_160' title='bbox 379 2007 411 2068; x_wconf 93' lang='lat' dir='ltr'>iu</span> <span class='ocrx_word' id='word_1_161' title='bbox 434 2004 559 2087; x_wconf 80' lang='lat' dir='ltr'>Cygno,</span> <span class='ocrx_word' id='word_1_162' title='bbox 588 2024 664 2088; x_wconf 90' lang='lat' dir='ltr'>quae</span> <span class='ocrx_word' id='word_1_163' title='bbox 686 2006 836 2087; x_wconf 85' lang='lat' dir='ltr'>hodieque</span> <span class='ocrx_word' id='word_1_164' title='bbox 864 2013 1035 2087; x_wconf 88' lang='lat' dir='ltr'>spectatur,</span> <span class='ocrx_word' id='word_1_165' title='bbox 1068 2024 1260 2087; x_wconf 88' lang='lat' dir='ltr'>quaecuuque</span> <span class='ocrx_word' id='word_1_166' title='bbox 1283 2024 1321 2067; x_wconf 89' lang='lat' dir='ltr'>ea</span> <span class='ocrx_word' id='word_1_167' title='bbox 1344 2007 1385 2069; x_wconf 90' lang='lat' dir='ltr'>sit</span> <span class='ocrx_word' id='word_1_168' title='bbox 1408 2008 1510 2086; x_wconf 79' lang='lat' dir='ltr'>(cujrrs</span> 
     </span>
    </p>
   </div>
   <div class='ocr_carea' id='block_1_3' title="bbox 152 2093 1613 2177">
    <p class='ocr_par' dir='ltr' id='par_1_5' title="bbox 152 2093 1613 2177">
     <span class='ocr_line' id='line_1_18' title="bbox 152 2093 1613 2177; baseline 0 -20"><span class='ocrx_word' id='word_1_169' title='bbox 152 2093 318 2175; x_wconf 87' lang='lat' dir='ltr'>descriptio</span> <span class='ocrx_word' id='word_1_170' title='bbox 343 2097 514 2176; x_wconf 89' lang='lat' dir='ltr'>sequetur),</span> <span class='ocrx_word' id='word_1_171' title='bbox 537 2096 658 2170; x_wconf 90' lang='lat' dir='ltr'>uthis,</span> <span class='ocrx_word' id='word_1_172' title='bbox 681 2095 817 2177; x_wconf 92' lang='lat' dir='ltr'>inquam,</span> <span class='ocrx_word' id='word_1_173' title='bbox 840 2095 927 2157; x_wconf 88' lang='lat' dir='ltr'>novis</span> <span class='ocrx_word' id='word_1_174' title='bbox 950 2094 1019 2156; x_wconf 85' lang='lat' dir='ltr'>fixis</span> <span class='ocrx_word' id='word_1_175' title='bbox 1042 2105 1147 2157; x_wconf 83' lang='lat' dir='ltr'>sextus</span> <span class='ocrx_word' id='word_1_176' title='bbox 1170 2096 1399 2175; x_wconf 87' lang='lat' dir='ltr'>argumentandi</span> <span class='ocrx_word' id='word_1_177' title='bbox 1423 2098 1510 2159; x_wconf 90' lang='lat' dir='ltr'>locus</span> <span class='ocrx_word' id='word_1_178' title='bbox 1608 2162 1613 2174; x_wconf 60' lang='grc'>,</span> 
     </span>
    </p>
   </div>
   <div class='ocr_carea' id='block_1_4' title="bbox 151 2183 1510 2533">
    <p class='ocr_par' dir='ltr' id='par_1_6' title="bbox 151 2183 1510 2533">
     <span class='ocr_line' id='line_1_19' title="bbox 153 2183 1509 2266; baseline 0 -19"><span class='ocrx_word' id='word_1_179' title='bbox 153 2184 351 2265; x_wconf 88' lang='lat' dir='ltr'>relinquatur.</span> <span class='ocrx_word' id='word_1_180' title='bbox 388 2185 424 2246; x_wconf 93' lang='lat' dir='ltr'>ln</span> <span class='ocrx_word' id='word_1_181' title='bbox 442 2202 587 2265; x_wconf 86' lang='lat' dir='ltr'>praesens</span> <span class='ocrx_word' id='word_1_182' title='bbox 610 2193 712 2247; x_wconf 87' lang='lat' dir='ltr'>autem</span> <span class='ocrx_word' id='word_1_183' title='bbox 733 2184 861 2266; x_wconf 91' lang='lat' dir='ltr'>quinque</span> <span class='ocrx_word' id='word_1_184' title='bbox 880 2184 1030 2265; x_wconf 86' lang='lat' dir='ltr'>prioribus</span> <span class='ocrx_word' id='word_1_185' title='bbox 1047 2183 1278 2264; x_wconf 88' lang='lat' dir='ltr'>probationibus</span> <span class='ocrx_word' id='word_1_186' title='bbox 1302 2186 1431 2247; x_wconf 87' lang='lat' dir='ltr'>sufficiat</span> <span class='ocrx_word' id='word_1_187' title='bbox 1451 2186 1509 2247; x_wconf 90' lang='lat' dir='ltr'>hoc</span> 
     </span>
     <span class='ocr_line' id='line_1_20' title="bbox 151 2273 1510 2353; baseline -0.002 -16"><span class='ocrx_word' id='word_1_188' title='bbox 151 2273 325 2337; x_wconf 87' lang='lat' dir='ltr'>reddidisse</span> <span class='ocrx_word' id='word_1_189' title='bbox 341 2273 514 2348; x_wconf 85' lang='lat' dir='ltr'>verisimile,</span> <span class='ocrx_word' id='word_1_190' title='bbox 537 2273 696 2336; x_wconf 85' lang='lat' dir='ltr'>materiam</span> <span class='ocrx_word' id='word_1_191' title='bbox 718 2273 794 2336; x_wconf 90' lang='lat' dir='ltr'>coeli</span> <span class='ocrx_word' id='word_1_192' title='bbox 813 2293 881 2335; x_wconf 91' lang='lat' dir='ltr'>esse</span> <span class='ocrx_word' id='word_1_193' title='bbox 904 2273 1114 2335; x_wconf 76' lang='lat' dir='ltr'>altercabilem:</span> <span class='ocrx_word' id='word_1_194' title='bbox 1138 2273 1264 2353; x_wconf 87' lang='lat' dir='ltr'>proinde</span> <span class='ocrx_word' id='word_1_195' title='bbox 1287 2274 1362 2336; x_wconf 91' lang='lat' dir='ltr'>nihil</span> <span class='ocrx_word' id='word_1_196' title='bbox 1385 2273 1510 2336; x_wconf 89' lang='lat' dir='ltr'>absurdi</span> 
     </span>
     <span class='ocr_line' id='line_1_21' title="bbox 153 2361 1509 2445; baseline -0.001 -19"><span class='ocrx_word' id='word_1_197' title='bbox 153 2363 315 2445; x_wconf 88' lang='lat' dir='ltr'>consequi,</span> <span class='ocrx_word' id='word_1_198' title='bbox 339 2362 456 2444; x_wconf 91' lang='lat' dir='ltr'>siquis</span> <span class='ocrx_word' id='word_1_199' title='bbox 480 2362 707 2436; x_wconf 86' lang='lat' dir='ltr'>dicat,Novae</span> <span class='ocrx_word' id='word_1_200' title='bbox 740 2363 856 2425; x_wconf 86' lang='lat' dir='ltr'>stellae</span> <span class='ocrx_word' id='word_1_201' title='bbox 876 2362 1036 2424; x_wconf 88' lang='lat' dir='ltr'>materiam</span> <span class='ocrx_word' id='word_1_202' title='bbox 1060 2381 1098 2424; x_wconf 88' lang='lat' dir='ltr'>ex</span> <span class='ocrx_word' id='word_1_203' title='bbox 1125 2361 1192 2443; x_wconf 91' lang='lat' dir='ltr'>ipsa</span> <span class='ocrx_word' id='word_1_204' title='bbox 1219 2364 1344 2426; x_wconf 83' lang='lat' dir='ltr'>fixarum</span> <span class='ocrx_word' id='word_1_205' title='bbox 1379 2364 1509 2444; x_wconf 86' lang='lat' dir='ltr'>sphaera</span> 
     </span>
     <span class='ocr_line' id='line_1_22' title="bbox 153 2451 1268 2533; baseline 0 -19"><span class='ocrx_word' id='word_1_206' title='bbox 153 2459 303 2525; x_wconf 86' lang='lat' dir='ltr'>coactam,</span> <span class='ocrx_word' id='word_1_207' title='bbox 326 2453 474 2533; x_wconf 87' lang='lat' dir='ltr'>stellaque</span> <span class='ocrx_word' id='word_1_208' title='bbox 498 2452 651 2514; x_wconf 84' lang='lat' dir='ltr'>exstincta</span> <span class='ocrx_word' id='word_1_209' title='bbox 673 2452 702 2513; x_wconf 91' lang='lat' dir='ltr'>in</span> <span class='ocrx_word' id='word_1_210' title='bbox 727 2452 852 2514; x_wconf 90' lang='lat' dir='ltr'>eandem</span> <span class='ocrx_word' id='word_1_211' title='bbox 876 2451 1012 2514; x_wconf 88' lang='lat' dir='ltr'>vicissim</span> <span class='ocrx_word' id='word_1_212' title='bbox 1035 2470 1104 2514; x_wconf 86' lang='lat' dir='ltr'>esse</span> <span class='ocrx_word' id='word_1_213' title='bbox 1127 2452 1268 2514; x_wconf 88' lang='lat' dir='ltr'>refusam.</span> 
     </span>
    </p>
   </div>
   <div class='ocr_carea' id='block_1_5' title="bbox 588 3000 1077 3266">
    <p class='ocr_par' dir='ltr' id='par_1_7' title="bbox 588 3000 1077 3266">
     <span class='ocr_line' id='line_1_23' title="bbox 686 3000 975 3103; baseline -0.007 -25"><span class='ocrx_word' id='word_1_214' title='bbox 686 3002 806 3103; x_wconf 87' lang='lat' dir='ltr'>Caput</span> <span class='ocrx_word' id='word_1_215' title='bbox 832 3000 975 3076; x_wconf 88' lang='lat' dir='ltr'>XXIV.</span> 
     </span>
     <span class='ocr_line' id='line_1_24' title="bbox 588 3182 1077 3266; baseline -0.004 -22"><span class='ocrx_word' id='word_1_216' title='bbox 588 3182 812 3266; x_wconf 65' lang='lat' dir='ltr'>Despectam</span> <span class='ocrx_word' id='word_1_217' title='bbox 833 3182 919 3246; x_wconf 79' lang='lat' dir='ltr'>Novi</span> <span class='ocrx_word' id='word_1_218' title='bbox 943 3182 1077 3246; x_wconf 60' lang='lat' dir='ltr'>sidaec.</span> 
     </span>
    </p>
   </div>
   <div class='ocr_carea' id='block_1_6' title="bbox 151 3340 1510 4745">
    <p class='ocr_par' dir='ltr' id='par_1_8' title="bbox 151 3340 1510 4407">
     <span class='ocr_line' id='line_1_25' title="bbox 242 3340 1508 3425; baseline 0.001 -20"><span class='ocrx_word' id='word_1_219' title='bbox 242 3344 277 3405; x_wconf 93' lang='lat' dir='ltr'>Iu</span> <span class='ocrx_word' id='word_1_220' title='bbox 300 3361 332 3404; x_wconf 89' lang='lat' dir='ltr'>re</span> <span class='ocrx_word' id='word_1_221' title='bbox 356 3343 447 3405; x_wconf 91' lang='lat' dir='ltr'>dubia</span> <span class='ocrx_word' id='word_1_222' title='bbox 469 3362 529 3405; x_wconf 94' lang='lat' dir='ltr'>uon</span> <span class='ocrx_word' id='word_1_223' title='bbox 551 3341 677 3404; x_wconf 92' lang='lat' dir='ltr'>multum</span> <span class='ocrx_word' id='word_1_224' title='bbox 699 3343 886 3405; x_wconf 88' lang='lat' dir='ltr'>contendam.</span> <span class='ocrx_word' id='word_1_225' title='bbox 935 3340 1099 3420; x_wconf 87' lang='lat' dir='ltr'>Theologi,</span> <span class='ocrx_word' id='word_1_226' title='bbox 1123 3359 1226 3404; x_wconf 90' lang='lat' dir='ltr'>eorum</span> <span class='ocrx_word' id='word_1_227' title='bbox 1249 3342 1408 3417; x_wconf 88' lang='lat' dir='ltr'>contrarii,</span> <span class='ocrx_word' id='word_1_228' title='bbox 1432 3363 1508 3425; x_wconf 90' lang='lat' dir='ltr'>quos</span> 
     </span>
     <span class='ocr_line' id='line_1_26' title="bbox 151 3429 1509 3514; baseline -0.001 -18"><span class='ocrx_word' id='word_1_229' title='bbox 151 3452 246 3514; x_wconf 89' lang='lat' dir='ltr'>supra</span> <span class='ocrx_word' id='word_1_230' title='bbox 268 3433 475 3506; x_wconf 84' lang='lat' dir='ltr'>refutavimus,</span> <span class='ocrx_word' id='word_1_231' title='bbox 499 3431 605 3492; x_wconf 85' lang='lat' dir='ltr'>faciles</span> <span class='ocrx_word' id='word_1_232' title='bbox 628 3440 708 3506; x_wconf 88' lang='lat' dir='ltr'>sunt,</span> <span class='ocrx_word' id='word_1_233' title='bbox 730 3440 765 3492; x_wconf 92' lang='lat' dir='ltr'>ut</span> <span class='ocrx_word' id='word_1_234' title='bbox 787 3439 925 3492; x_wconf 88' lang='lat' dir='ltr'>statuant</span> <span class='ocrx_word' id='word_1_235' title='bbox 946 3429 1123 3492; x_wconf 88' lang='lat' dir='ltr'>miraculum</span> <span class='ocrx_word' id='word_1_236' title='bbox 1142 3431 1241 3493; x_wconf 88' lang='lat' dir='ltr'>aDao</span> <span class='ocrx_word' id='word_1_237' title='bbox 1266 3431 1332 3510; x_wconf 91' lang='lat' dir='ltr'>ipso</span> <span class='ocrx_word' id='word_1_238' title='bbox 1354 3440 1509 3510; x_wconf 88' lang='lat' dir='ltr'>patratum</span> 
     </span>
     <span class='ocr_line' id='line_1_27' title="bbox 151 3518 1507 3601; baseline -0.005 -13"><span class='ocrx_word' id='word_1_239' title='bbox 151 3531 256 3588; x_wconf 88' lang='lat' dir='ltr'>creato</span> <span class='ocrx_word' id='word_1_240' title='bbox 279 3542 358 3585; x_wconf 93' lang='lat' dir='ltr'>novo</span> <span class='ocrx_word' id='word_1_241' title='bbox 383 3522 491 3584; x_wconf 92' lang='lat' dir='ltr'>sidere.</span> <span class='ocrx_word' id='word_1_242' title='bbox 528 3522 594 3583; x_wconf 79' lang='lat' dir='ltr'>Nos</span> <span class='ocrx_word' id='word_1_243' title='bbox 618 3541 709 3601; x_wconf 87' lang='lat' dir='ltr'>supra</span> <span class='ocrx_word' id='word_1_244' title='bbox 731 3520 862 3582; x_wconf 89' lang='lat' dir='ltr'>siderum</span> <span class='ocrx_word' id='word_1_245' title='bbox 885 3520 992 3581; x_wconf 91' lang='lat' dir='ltr'>horum</span> <span class='ocrx_word' id='word_1_246' title='bbox 1011 3518 1111 3598; x_wconf 88' lang='lat' dir='ltr'>magis</span> <span class='ocrx_word' id='word_1_247' title='bbox 1134 3527 1225 3599; x_wconf 90' lang='lat' dir='ltr'>atque</span> <span class='ocrx_word' id='word_1_248' title='bbox 1245 3518 1343 3598; x_wconf 90' lang='lat' dir='ltr'>magis</span> <span class='ocrx_word' id='word_1_249' title='bbox 1367 3520 1507 3582; x_wconf 86' lang='lat' dir='ltr'>crebres-</span> 
     </span>
     <span class='ocr_line' id='line_1_28' title="bbox 151 3607 1508 3694; baseline -0.003 -19"><span class='ocrx_word' id='word_1_250' title='bbox 151 3631 227 3675; x_wconf 89' lang='lat' dir='ltr'>cens</span> <span class='ocrx_word' id='word_1_251' title='bbox 257 3612 427 3694; x_wconf 84' lang='lat' dir='ltr'>frequentia</span> <span class='ocrx_word' id='word_1_252' title='bbox 455 3610 604 3672; x_wconf 91' lang='lat' dir='ltr'>curiosius</span> <span class='ocrx_word' id='word_1_253' title='bbox 634 3609 848 3671; x_wconf 84' lang='lat' dir='ltr'>exstimulavit.</span> <span class='ocrx_word' id='word_1_254' title='bbox 894 3610 1001 3691; x_wconf 90' lang='lat' dir='ltr'>Itaque</span> <span class='ocrx_word' id='word_1_255' title='bbox 1026 3610 1058 3669; x_wconf 87' lang='lat' dir='ltr'>si</span> <span class='ocrx_word' id='word_1_256' title='bbox 1084 3607 1154 3669; x_wconf 90' lang='lat' dir='ltr'>huic</span> <span class='ocrx_word' id='word_1_257' title='bbox 1182 3608 1350 3670; x_wconf 86' lang='lat' dir='ltr'>sententiae</span> <span class='ocrx_word' id='word_1_258' title='bbox 1383 3610 1508 3691; x_wconf 90' lang='lat' dir='ltr'>acquie-</span> 
     </span>
     <span class='ocr_line' id='line_1_29' title="bbox 151 3695 1510 3779; baseline -0.001 -16"><span class='ocrx_word' id='word_1_259' title='bbox 151 3701 314 3777; x_wconf 84' lang='lat' dir='ltr'>vissemus,</span> <span class='ocrx_word' id='word_1_260' title='bbox 338 3701 413 3763; x_wconf 89' lang='lat' dir='ltr'>nihil</span> <span class='ocrx_word' id='word_1_261' title='bbox 437 3708 503 3762; x_wconf 86' lang='lat' dir='ltr'>erat</span> <span class='ocrx_word' id='word_1_262' title='bbox 525 3717 602 3779; x_wconf 93' lang='lat' dir='ltr'>opus</span> <span class='ocrx_word' id='word_1_263' title='bbox 625 3700 662 3759; x_wconf 90' lang='lat' dir='ltr'>de</span> <span class='ocrx_word' id='word_1_264' title='bbox 685 3698 811 3760; x_wconf 86' lang='lat' dir='ltr'>materia</span> <span class='ocrx_word' id='word_1_265' title='bbox 839 3698 949 3760; x_wconf 89' lang='lat' dir='ltr'>dicere.</span> <span class='ocrx_word' id='word_1_266' title='bbox 995 3696 1054 3760; x_wconf 89' lang='lat' dir='ltr'>Dei</span> <span class='ocrx_word' id='word_1_267' title='bbox 1077 3714 1204 3777; x_wconf 89' lang='lat' dir='ltr'>namque</span> <span class='ocrx_word' id='word_1_268' title='bbox 1233 3695 1328 3760; x_wconf 91' lang='lat' dir='ltr'>solius</span> <span class='ocrx_word' id='word_1_269' title='bbox 1357 3717 1447 3779; x_wconf 92' lang='lat' dir='ltr'>opus,</span> <span class='ocrx_word' id='word_1_270' title='bbox 1471 3718 1510 3762; x_wconf 84' lang='lat' dir='ltr'>cx</span> 
     </span>
     <span class='ocr_line' id='line_1_30' title="bbox 151 3785 1508 3869; baseline -0.001 -16"><span class='ocrx_word' id='word_1_271' title='bbox 151 3790 250 3853; x_wconf 92' lang='lat' dir='ltr'>nihilo</span> <span class='ocrx_word' id='word_1_272' title='bbox 273 3810 386 3853; x_wconf 90' lang='lat' dir='ltr'>creare.</span> <span class='ocrx_word' id='word_1_273' title='bbox 423 3791 493 3853; x_wconf 87' lang='lat' dir='ltr'>Jam</span> <span class='ocrx_word' id='word_1_274' title='bbox 516 3789 639 3869; x_wconf 88' lang='lat' dir='ltr'>quiade</span> <span class='ocrx_word' id='word_1_275' title='bbox 659 3788 785 3849; x_wconf 89' lang='lat' dir='ltr'>materia</span> <span class='ocrx_word' id='word_1_276' title='bbox 807 3788 948 3863; x_wconf 81' lang='lat' dir='ltr'>diximus,</span> <span class='ocrx_word' id='word_1_277' title='bbox 972 3806 1040 3849; x_wconf 88' lang='lat' dir='ltr'>eam</span> <span class='ocrx_word' id='word_1_278' title='bbox 1055 3785 1220 3848; x_wconf 89' lang='lat' dir='ltr'>coelestem</span> <span class='ocrx_word' id='word_1_279' title='bbox 1243 3805 1311 3849; x_wconf 90' lang='lat' dir='ltr'>esse</span> <span class='ocrx_word' id='word_1_280' title='bbox 1327 3794 1508 3864; x_wconf 84' lang='lat' dir='ltr'>statuentes,</span> 
     </span>
     <span class='ocr_line' id='line_1_31' title="bbox 152 3875 1507 3958; baseline 0 -17"><span class='ocrx_word' id='word_1_281' title='bbox 152 3879 301 3943; x_wconf 81' lang='lat' dir='ltr'>addamus</span> <span class='ocrx_word' id='word_1_282' title='bbox 332 3890 364 3943; x_wconf 90' lang='lat' dir='ltr'>et</span> <span class='ocrx_word' id='word_1_283' title='bbox 392 3881 429 3942; x_wconf 89' lang='lat' dir='ltr'>de</span> <span class='ocrx_word' id='word_1_284' title='bbox 461 3878 608 3940; x_wconf 87' lang='lat' dir='ltr'>efficiente</span> <span class='ocrx_word' id='word_1_285' title='bbox 638 3895 692 3938; x_wconf 90' lang='lat' dir='ltr'>seu</span> <span class='ocrx_word' id='word_1_286' title='bbox 721 3877 861 3956; x_wconf 80' lang='lat' dir='ltr'>gignente</span> <span class='ocrx_word' id='word_1_287' title='bbox 895 3876 1048 3950; x_wconf 85' lang='lat' dir='ltr'>naturali,</span> <span class='ocrx_word' id='word_1_288' title='bbox 1085 3875 1113 3938; x_wconf 91' lang='lat' dir='ltr'>si</span> <span class='ocrx_word' id='word_1_289' title='bbox 1144 3895 1203 3957; x_wconf 86' lang='lat' dir='ltr'>qua</span> <span class='ocrx_word' id='word_1_290' title='bbox 1234 3876 1362 3956; x_wconf 90' lang='lat' dir='ltr'>reperiri</span> <span class='ocrx_word' id='word_1_291' title='bbox 1394 3885 1507 3958; x_wconf 85' lang='lat' dir='ltr'>potest</span> 
     </span>
     <span class='ocr_line' id='line_1_32' title="bbox 152 3966 1508 4050; baseline -0.003 -17"><span class='ocrx_word' id='word_1_292' title='bbox 152 3969 270 4050; x_wconf 87' lang='lat' dir='ltr'>Spero,</span> <span class='ocrx_word' id='word_1_293' title='bbox 298 3987 345 4030; x_wconf 89' lang='lat' dir='ltr'>mo</span> <span class='ocrx_word' id='word_1_294' title='bbox 373 3968 477 4048; x_wconf 86' lang='lat' dir='ltr'>aequis</span> <span class='ocrx_word' id='word_1_295' title='bbox 504 3967 627 4029; x_wconf 90' lang='lat' dir='ltr'>auribus</span> <span class='ocrx_word' id='word_1_296' title='bbox 657 3974 814 4046; x_wconf 82' lang='lat' dir='ltr'>exceptum</span> <span class='ocrx_word' id='word_1_297' title='bbox 835 3967 887 4042; x_wconf 90' lang='lat' dir='ltr'>iri,</span> <span class='ocrx_word' id='word_1_298' title='bbox 917 3967 1133 4045; x_wconf 86' lang='lat' dir='ltr'>aBrenggero</span> <span class='ocrx_word' id='word_1_299' title='bbox 1160 3966 1340 4046; x_wconf 89' lang='lat' dir='ltr'>praesertim</span> <span class='ocrx_word' id='word_1_300' title='bbox 1370 3967 1508 4049; x_wconf 85' lang='lat' dir='ltr'>aliisque,</span> 
     </span>
     <span class='ocr_line' id='line_1_33' title="bbox 152 4052 1509 4140; baseline -0.001 -20"><span class='ocrx_word' id='word_1_301' title='bbox 152 4058 206 4140; x_wconf 92' lang='lat' dir='ltr'>qui</span> <span class='ocrx_word' id='word_1_302' title='bbox 229 4064 419 4131; x_wconf 89' lang='lat' dir='ltr'>censuerunt,</span> <span class='ocrx_word' id='word_1_303' title='bbox 442 4076 503 4118; x_wconf 95' lang='lat' dir='ltr'>nou</span> <span class='ocrx_word' id='word_1_304' title='bbox 524 4075 616 4136; x_wconf 93' lang='lat' dir='ltr'>posse</span> <span class='ocrx_word' id='word_1_305' title='bbox 640 4054 724 4117; x_wconf 91' lang='lat' dir='ltr'>sidus</span> <span class='ocrx_word' id='word_1_306' title='bbox 742 4055 799 4117; x_wconf 92' lang='lat' dir='ltr'>hoc</span> <span class='ocrx_word' id='word_1_307' title='bbox 820 4063 946 4117; x_wconf 88' lang='lat' dir='ltr'>naturae</span> <span class='ocrx_word' id='word_1_308' title='bbox 969 4052 1158 4129; x_wconf 87' lang='lat' dir='ltr'>transscribi,</span> <span class='ocrx_word' id='word_1_309' title='bbox 1181 4053 1241 4117; x_wconf 92' lang='lat' dir='ltr'>uisi</span> <span class='ocrx_word' id='word_1_310' title='bbox 1259 4063 1292 4117; x_wconf 93' lang='lat' dir='ltr'>et</span> <span class='ocrx_word' id='word_1_311' title='bbox 1304 4075 1413 4118; x_wconf 91' lang='lat' dir='ltr'>novam</span> <span class='ocrx_word' id='word_1_312' title='bbox 1429 4058 1509 4139; x_wconf 82' lang='lat' dir='ltr'>pluy-</span> 
     </span>
     <span class='ocr_line' id='line_1_34' title="bbox 152 4143 1508 4227; baseline -0.001 -17"><span class='ocrx_word' id='word_1_313' title='bbox 152 4147 238 4219; x_wconf 87' lang='lat' dir='ltr'>sicen</span> <span class='ocrx_word' id='word_1_314' title='bbox 265 4164 422 4227; x_wconf 91' lang='lat' dir='ltr'>corporum</span> <span class='ocrx_word' id='word_1_315' title='bbox 453 4144 633 4206; x_wconf 89' lang='lat' dir='ltr'>coelestium</span> <span class='ocrx_word' id='word_1_316' title='bbox 662 4143 930 4206; x_wconf 89' lang='lat' dir='ltr'>comminiscamur.</span> <span class='ocrx_word' id='word_1_317' title='bbox 976 4143 1097 4207; x_wconf 91' lang='lat' dir='ltr'>Primus</span> <span class='ocrx_word' id='word_1_318' title='bbox 1125 4143 1218 4223; x_wconf 89' lang='lat' dir='ltr'>igitur</span> <span class='ocrx_word' id='word_1_319' title='bbox 1240 4162 1296 4223; x_wconf 90' lang='lat' dir='ltr'>ego</span> <span class='ocrx_word' id='word_1_320' title='bbox 1325 4145 1508 4208; x_wconf 86' lang='lat' dir='ltr'>seutentiam</span> 
     </span>
     <span class='ocr_line' id='line_1_35' title="bbox 151 4233 1508 4313; baseline -0.001 -14"><span class='ocrx_word' id='word_1_321' title='bbox 151 4237 271 4299; x_wconf 86' lang='lat' dir='ltr'>dicam:</span> <span class='ocrx_word' id='word_1_322' title='bbox 303 4245 337 4298; x_wconf 94' lang='lat' dir='ltr'>ut</span> <span class='ocrx_word' id='word_1_323' title='bbox 359 4234 492 4297; x_wconf 85' lang='lat' dir='ltr'>habeant</span> <span class='ocrx_word' id='word_1_324' title='bbox 514 4234 607 4297; x_wconf 89' lang='lat' dir='ltr'>ceteri</span> <span class='ocrx_word' id='word_1_325' title='bbox 637 4234 794 4295; x_wconf 86' lang='lat' dir='ltr'>materiam</span> <span class='ocrx_word' id='word_1_326' title='bbox 816 4233 935 4295; x_wconf 92' lang='lat' dir='ltr'>dicendi</span> <span class='ocrx_word' id='word_1_327' title='bbox 963 4240 1050 4295; x_wconf 89' lang='lat' dir='ltr'>tauto</span> <span class='ocrx_word' id='word_1_328' title='bbox 1079 4233 1287 4313; x_wconf 89' lang='lat' dir='ltr'>copiosiorem.</span> <span class='ocrx_word' id='word_1_329' title='bbox 1333 4235 1382 4297; x_wconf 90' lang='lat' dir='ltr'>Ac</span> <span class='ocrx_word' id='word_1_330' title='bbox 1405 4234 1508 4297; x_wconf 89' lang='lat' dir='ltr'>nascio</span> 
     </span>
     <span class='ocr_line' id='line_1_36' title="bbox 152 4321 1147 4407; baseline -0.004 -20"><span class='ocrx_word' id='word_1_331' title='bbox 152 4324 228 4407; x_wconf 89' lang='lat' dir='ltr'>quid</span> <span class='ocrx_word' id='word_1_332' title='bbox 249 4325 322 4387; x_wconf 94' lang='lat' dir='ltr'>mihi</span> <span class='ocrx_word' id='word_1_333' title='bbox 345 4324 548 4404; x_wconf 80' lang='lat' dir='ltr'>virgilianum</span> <span class='ocrx_word' id='word_1_334' title='bbox 569 4322 619 4384; x_wconf 90' lang='lat' dir='ltr'>hic</span> <span class='ocrx_word' id='word_1_335' title='bbox 643 4322 762 4385; x_wconf 88' lang='lat' dir='ltr'>occinat</span> <span class='ocrx_word' id='word_1_336' title='bbox 783 4323 994 4403; x_wconf 80' lang='lat' dir='ltr'>Pythagoreus</span> <span class='ocrx_word' id='word_1_337' title='bbox 1018 4321 1147 4404; x_wconf 88' lang='lat' dir='ltr'>aliquis:</span> 
     </span>
    </p>

    <p class='ocr_par' dir='ltr' id='par_1_9' title="bbox 418 4429 1215 4745">
     <span class='ocr_line' id='line_1_37' title="bbox 418 4429 1205 4502; baseline -0.005 -15"><span class='ocrx_word' id='word_1_338' title='bbox 418 4431 556 4502; x_wconf 89' lang='lat' dir='ltr'>Principio</span> <span class='ocrx_word' id='word_1_339' title='bbox 577 4431 685 4485; x_wconf 84' lang='lat' dir='ltr'>coelum</span> <span class='ocrx_word' id='word_1_340' title='bbox 705 4445 740 4484; x_wconf 87' lang='lat' dir='ltr'>ac</span> <span class='ocrx_word' id='word_1_341' title='bbox 759 4430 859 4484; x_wconf 84' lang='lat' dir='ltr'>Terras</span> <span class='ocrx_word' id='word_1_342' title='bbox 879 4444 1047 4500; x_wconf 86' lang='lat' dir='ltr'>camposque</span> <span class='ocrx_word' id='word_1_343' title='bbox 1068 4429 1205 4500; x_wconf 87' lang='lat' dir='ltr'>liquentes</span> 
     </span>
     <span class='ocr_line' id='line_1_38' title="bbox 420 4509 1175 4583; baseline -0.005 -16"><span class='ocrx_word' id='word_1_344' title='bbox 420 4515 624 4582; x_wconf 84' lang='lat' dir='ltr'>Lucentemque</span> <span class='ocrx_word' id='word_1_345' title='bbox 644 4512 759 4583; x_wconf 86' lang='lat' dir='ltr'>globum</span> <span class='ocrx_word' id='word_1_346' title='bbox 779 4510 883 4573; x_wconf 85' lang='lat' dir='ltr'>Lunae,</span> <span class='ocrx_word' id='word_1_347' title='bbox 906 4509 1074 4580; x_wconf 84' lang='lat' dir='ltr'>Titaniaque</span> <span class='ocrx_word' id='word_1_348' title='bbox 1096 4516 1175 4563; x_wconf 84' lang='lat' dir='ltr'>astra</span> 
     </span>
     <span class='ocr_line' id='line_1_39' title="bbox 418 4590 1178 4665; baseline -0.008 -17"><span class='ocrx_word' id='word_1_349' title='bbox 418 4592 538 4665; x_wconf 88' lang='lat' dir='ltr'>Spiritus</span> <span class='ocrx_word' id='word_1_350' title='bbox 560 4592 634 4646; x_wconf 88' lang='lat' dir='ltr'>intus</span> <span class='ocrx_word' id='word_1_351' title='bbox 655 4592 723 4655; x_wconf 83' lang='lat' dir='ltr'>alit;</span> <span class='ocrx_word' id='word_1_352' title='bbox 745 4598 884 4660; x_wconf 84' lang='lat' dir='ltr'>totamque</span> <span class='ocrx_word' id='word_1_353' title='bbox 905 4590 999 4645; x_wconf 88' lang='lat' dir='ltr'>infusa</span> <span class='ocrx_word' id='word_1_354' title='bbox 1018 4607 1070 4659; x_wconf 89' lang='lat' dir='ltr'>per</span> <span class='ocrx_word' id='word_1_355' title='bbox 1091 4598 1178 4654; x_wconf 88' lang='lat' dir='ltr'>artus,</span> 
     </span>
     <span class='ocr_line' id='line_1_40' title="bbox 418 4670 1215 4745; baseline -0.008 -14"><span class='ocrx_word' id='word_1_356' title='bbox 418 4676 498 4732; x_wconf 80' lang='lat' dir='ltr'>Mens</span> <span class='ocrx_word' id='word_1_357' title='bbox 518 4673 614 4745; x_wconf 81' lang='lat' dir='ltr'>agitat</span> <span class='ocrx_word' id='word_1_358' title='bbox 632 4674 732 4727; x_wconf 90' lang='lat' dir='ltr'>molem</span> <span class='ocrx_word' id='word_1_359' title='bbox 752 4678 781 4725; x_wconf 86' lang='lat' dir='ltr'>et</span> <span class='ocrx_word' id='word_1_360' title='bbox 801 4686 902 4743; x_wconf 82' lang='lat' dir='ltr'>magrm</span> <span class='ocrx_word' id='word_1_361' title='bbox 923 4689 955 4725; x_wconf 87' lang='lat' dir='ltr'>se</span> <span class='ocrx_word' id='word_1_362' title='bbox 976 4688 1090 4741; x_wconf 88' lang='lat' dir='ltr'>corpore</span> <span class='ocrx_word' id='word_1_363' title='bbox 1111 4670 1215 4724; x_wconf 86' lang='lat' dir='ltr'>miscet.</span> 
     </span>
    </p>
   </div>
   <div class='ocr_carea' id='block_1_7' title="bbox 152 4770 1508 4933">
    <p class='ocr_par' dir='ltr' id='par_1_10' title="bbox 152 4770 1508 4933">
     <span class='ocr_line' id='line_1_41' title="bbox 243 4770 1508 4848; baseline -0.003 -13"><span class='ocrx_word' id='word_1_364' title='bbox 243 4772 429 4836; x_wconf 84' lang='lat' dir='ltr'>Aristoteles</span> <span class='ocrx_word' id='word_1_365' title='bbox 452 4790 523 4833; x_wconf 87' lang='lat' dir='ltr'>vero</span> <span class='ocrx_word' id='word_1_366' title='bbox 548 4770 607 4832; x_wconf 84' lang='lat' dir='ltr'>sic:</span> <span class='ocrx_word' id='word_1_367' title='bbox 631 4777 801 4835; x_wconf 84' lang='lat' dir='ltr'>Proreniunt</span> <span class='ocrx_word' id='word_1_368' title='bbox 819 4796 856 4831; x_wconf 84' lang='lat' dir='ltr'>ex</span> <span class='ocrx_word' id='word_1_369' title='bbox 877 4779 965 4832; x_wconf 84' lang='lat' dir='ltr'>Terra</span> <span class='ocrx_word' id='word_1_370' title='bbox 987 4794 1075 4848; x_wconf 85' lang='lat' dir='ltr'>aeque</span> <span class='ocrx_word' id='word_1_371' title='bbox 1097 4790 1130 4828; x_wconf 84' lang='lat' dir='ltr'>ac</span> <span class='ocrx_word' id='word_1_372' title='bbox 1150 4791 1188 4828; x_wconf 84' lang='lat' dir='ltr'>ex</span> <span class='ocrx_word' id='word_1_373' title='bbox 1207 4774 1321 4829; x_wconf 89' lang='lat' dir='ltr'>humore</span> <span class='ocrx_word' id='word_1_374' title='bbox 1341 4780 1372 4828; x_wconf 92' lang='lat' dir='ltr'>et</span> <span class='ocrx_word' id='word_1_375' title='bbox 1391 4775 1508 4845; x_wconf 83' lang='lat' dir='ltr'>plantae</span> 
     </span>
     <span class='ocr_line' id='line_1_42' title="bbox 152 4854 1507 4933; baseline -0.007 -12"><span class='ocrx_word' id='word_1_376' title='bbox 152 4872 185 4921; x_wconf 78' lang='lat' dir='ltr'>et</span> <span class='ocrx_word' id='word_1_377' title='bbox 205 4864 386 4927; x_wconf 81' lang='lat' dir='ltr'>animalcula,</span> <span class='ocrx_word' id='word_1_378' title='bbox 416 4868 578 4933; x_wconf 82' lang='lat' dir='ltr'>propterea,</span> <span class='ocrx_word' id='word_1_379' title='bbox 600 4864 671 4932; x_wconf 90' lang='lat' dir='ltr'>quod</span> <span class='ocrx_word' id='word_1_380' title='bbox 697 4861 769 4914; x_wconf 90' lang='lat' dir='ltr'>inest</span> <span class='ocrx_word' id='word_1_381' title='bbox 790 4860 817 4912; x_wconf 92' lang='lat' dir='ltr'>in</span> <span class='ocrx_word' id='word_1_382' title='bbox 837 4860 926 4913; x_wconf 88' lang='lat' dir='ltr'>Terra</span> <span class='ocrx_word' id='word_1_383' title='bbox 945 4858 1049 4921; x_wconf 88' lang='lat' dir='ltr'>humor,</span> <span class='ocrx_word' id='word_1_384' title='bbox 1072 4854 1233 4909; x_wconf 85' lang='lat' dir='ltr'>inhumare</span> <span class='ocrx_word' id='word_1_385' title='bbox 1254 4854 1426 4924; x_wconf 86' lang='lat' dir='ltr'>spiritus,.in</span> <span class='ocrx_word' id='word_1_386' title='bbox 1447 4862 1507 4911; x_wconf 84' lang='lat' dir='ltr'>toto</span> 
     </span>
    </p>
   </div>
   <div class='ocr_carea' id='block_1_8' title="bbox 151 4932 1507 5115">
    <p class='ocr_par' dir='ltr' id='par_1_11' title="bbox 151 4932 1507 5115">
     <span class='ocr_line' id='line_1_43' title="bbox 151 4932 1507 5019; baseline -0.007 -8"><span class='ocrx_word' id='word_1_387' title='bbox 151 4971 222 5011; x_wconf 79' lang='lat' dir='ltr'>vero</span> <span class='ocrx_word' id='word_1_388' title='bbox 241 4955 403 5009; x_wconf 79' lang='lat' dir='ltr'>universo</span> <span class='ocrx_word' id='word_1_389' title='bbox 426 4953 520 5007; x_wconf 77' lang='lat' dir='ltr'>calor</span> <span class='ocrx_word' id='word_1_390' title='bbox 540 4938 723 5007; x_wconf 68' lang='lat' dir='ltr'>animalis?</span> <span class='ocrx_word' id='word_1_391' title='bbox 737 4938 845 5019; x_wconf 90' lang='lat' dir='ltr'>quibus</span> <span class='ocrx_word' id='word_1_392' title='bbox 868 4937 969 4999; x_wconf 90' lang='lat' dir='ltr'>verbis</span> <span class='ocrx_word' id='word_1_393' title='bbox 989 4934 1128 5014; x_wconf 90' lang='lat' dir='ltr'>Scaliger</span> <span class='ocrx_word' id='word_1_394' title='bbox 1151 4932 1338 4996; x_wconf 86' lang='lat' dir='ltr'>existimavit</span> <span class='ocrx_word' id='word_1_395' title='bbox 1360 4934 1428 4997; x_wconf 88' lang='lat' dir='ltr'>duci</span> <span class='ocrx_word' id='word_1_396' title='bbox 1450 4955 1507 5002; x_wconf 88' lang='lat' dir='ltr'>uos</span> 
     </span>
     <span class='ocr_line' id='line_1_44' title="bbox 152 5032 636 5115; baseline -0.01 -17"><span class='ocrx_word' id='word_1_397' title='bbox 152 5035 187 5098; x_wconf 90' lang='lat' dir='ltr'>iu</span> <span class='ocrx_word' id='word_1_398' title='bbox 209 5034 315 5097; x_wconf 86' lang='lat' dir='ltr'>abdita</span> <span class='ocrx_word' id='word_1_399' title='bbox 336 5040 462 5096; x_wconf 85' lang='lat' dir='ltr'>naturae</span> <span class='ocrx_word' id='word_1_400' title='bbox 482 5032 636 5115; x_wconf 78' lang='lat' dir='ltr'>mysteria.</span> 
     </span>
    </p>
   </div>
   <div class='ocr_carea' id='block_1_9' title="bbox 0 0 1850 5842">
    <p class='ocr_par' dir='ltr' id='par_1_12' title="bbox 0 0 1850 5842">
     <span class='ocr_line' id='line_1_45' title="bbox 0 0 1850 5842; baseline 0 1"><span class='ocrx_word' id='word_1_401' title='bbox 0 0 1850 5842; x_wconf 95' lang='lat' dir='ltr'> </span> 
     </span>
    </p>
   </div>
  </div>
 </body>
</html>
