3692 5842
244 499 288 566 62
662 499 761 550 Literae
780 499 881 563 chlerl
900 500 1051 566 aliorumque
1069 509 1171 551 mutuae

242 699 349 759 corpus
381 677 545 757 repercutit
573 675 709 737 radium?
755 676 962 756 Nequaquam.
1009 675 1219 754 Repercussus
1250 679 1326 739 enim
1358 695 1417 739 nou
1447 677 1482 739 lit
1505 677 1598 740 intua.

242 769 339 830 Vides
363 767 465 828 ethic
489 774 520 828 et
544 765 604 826 illic
628 765 799 836 dicendum,
837 784 945 846 corpus
973 764 1028 825 illa
1058 766 1157 826 facere
1189 773 1336 845 quatenus
1367 777 1416 828 eat
1439 765 1597 846 superficie

241 858 445 929 terminatum,
482 874 540 916 non
573 872 644 914 vero
677 854 863 931 superficiem
895 861 1043 933 qnatenus
1068 853 1240 934 superficies
1269 856 1332 917 sine
1356 855 1599 919 consideratione

242 947 385 1027 corporis.

332 1052 562 1114 Brenggerus:
599 1049 643 1096 Ais
665 1053 692 1096 tu
711 1046 747 1111 (p.
767 1044 826 1106 57).
856 1062 981 1096 nummum
1005 1049 1231 1112 perrefractionom
1253 1049 1278 1098 iu
1304 1064 1370 1115 aqua
1388 1047 1504 1099 exhibere
1525 1045 1598 1096 oculo

240 1125 375 1188 imaginem
394 1119 554 1176 infundibuli3
582 1133 639 1168 eam
660 1124 744 1167 tamen
770 1133 878 1168 saensu
902 1131 951 1167 uon
975 1126 1041 1169 recte
1063 1120 1167 1169 discerni
1189 1127 1216 1169 et
1236 1129 1366 1184 propterea
1389 1119 1466 1169 rideri
1494 1117 1599 1184 figuram

241 1195 349 1260 planam.
387 1193 433 1241 Eat
454 1191 500 1240 boc
514 1202 588 1256 μεγα
606 1189 670 1238 irae
685 1181 799 1255 αἰτημα,
819 1205 866 1240 uec
883 1190 956 1239 facile
978 1193 1099 1254 reperias,
1119 1192 1160 1255 qui
1176 1192 1222 1240 sibi
1243 1189 1517 1256 patiaturperauaderi.
1540 1204 1597 1239 aea·

242 1282 295 1315 sum
315 1279 369 1314 esse
381 1270 435 1312 tam
455 1263 594 1325 stupidum,
620 1269 647 1310 ut
665 1263 729 1310 inter
746 1262 840 1309 nummi
859 1261 965 1324 liguram
983 1269 1009 1311 et
1028 1262 1173 1311 infundibuli
1195 1278 1244 1311 nou
1256 1264 1333 1327 possit
1354 1263 1506 1316 ducamen.
1524 1274 1597 1324 prae·

241 1339 325 1386 sertim
344 1338 369 1384 in
389 1334 508 1382 distantia
527 1349 576 1382 non
600 1347 701 1397 magna.
731 1332 849 1395 Equidem
872 1333 937 1380 malo
960 1333 1032 1381 fidem
1057 1333 1097 1382 hic
1118 1333 1209 1383 habere
1228 1336 1324 1392 sensui,
1347 1336 1388 1400 qni
1410 1347 1537 1381 nummum
1558 1345 1597 1380 re·

241 1411 346 1458 fractum
363 1405 459 1469 judicat
475 1405 575 1468 planum
594 1411 620 1453 et
638 1404 738 1467 proinde
761 1403 849 1452 suadet
867 1404 1066 1466 perpendiculum
1088 1405 1215 1460 contrahi,
1242 1419 1331 1468 quarn,
1360 1403 1491 1468 repudiato
1514 1415 1598 1456 aenan.

242 1487 328 1530 contra
350 1478 527 1541 experientiam
552 1477 656 1540 figuram
672 1475 765 1538 fingere
783 1473 906 1534 alienam,
934 1475 1022 1524 saltem
1048 1475 1133 1524 tuendi
1151 1476 1319 1540 perpendiculi
1347 1476 1438 1541 gratia,
1476 1473 1599 1538 Agnoscit

242 1553 306 1600 risus
328 1549 434 1613 effigiem
452 1554 477 1596 et
498 1548 680 1611 inscriptionem
700 1560 798 1594 nummo
822 1546 980 1608 impressam,
1002 1561 1065 1610 quae
1087 1560 1134 1595 sua
1157 1548 1321 1610 prominentia
1341 1562 1374 1596 ne
1399 1546 1522 1595 decimam
1544 1545 1597 1608 qui·

242 1624 299 1672 dem
323 1629 419 1684 partem
442 1625 534 1683 aequat
553 1619 696 1668 elevationis
721 1632 764 1666 seu
786 1616 960 1680 profunditatis
973 1618 1131 1677 infundibuli,
1153 1625 1179 1667 et
1194 1618 1259 1667 hauc
1276 1633 1325 1667 non
1343 1619 1420 1682 possit
1441 1612 1599 1680 agnoscere?

244 1692 294 1742 Sed
319 1707 349 1741 eu
369 1692 412 1739 tibi
433 1691 509 1738 aliam
528 1684 713 1754 doxrpuuiur:
739 1689 763 1736 iu
788 1689 866 1737 iocum
891 1690 984 1737 nummi
1005 1689 1110 1751 praefati
1132 1690 1293 1738 substituatur
1317 1703 1408 1742 conus,
1440 1689 1511 1750 cujus
1533 1685 1599 1736 basis

242 1763 352 1827 aequalis
369 1764 400 1809 sit
422 1776 536 1821 nummo,
551 1761 655 1809 altitudo
669 1775 724 1808 vero
739 1759 862 1808 altitudini
882 1759 1042 1816 infundibuli,
1069 1765 1094 1808 et
1115 1759 1199 1809 oculus
1220 1762 1307 1808 unicus
1330 1766 1400 1809 extra
1426 1771 1518 1823 aquam
1543 1771 1597 1822 per·

242 1833 513 1900 pendiculariterillum
535 1834 668 1880 intueatur.
706 1830 839 1880 attolletur
864 1832 940 1894 igitur
965 1832 1031 1880 basis
1060 1833 1112 1893 ejus
1134 1845 1178 1894 per
1202 1831 1385 1880 refractionem.
1422 1828 1517 1878 Verum
1543 1827 1598 1878 coni

243 1921 319 1970 apex,
343 1906 402 1969 quia
420 1905 444 1952 in
465 1902 651 1966 perpendiculo,
683 1918 713 1951 ex
742 1909 786 1951 tua
808 1904 935 1950 sententia
957 1918 1007 1951 non
1028 1902 1175 1958 mutabitur,
1201 1903 1245 1951 sed
1267 1903 1396 1965 apparebit
1422 1901 1447 1950 in
1471 1915 1517 1949 auo
1543 1891 1599 1950 loeo

242 1985 317 2041 atque
337 1978 373 2025 ita
402 1990 477 2024 conus
502 1974 542 2023 ille
569 1974 622 2022 Tibi
646 1974 794 2023 exhibitums
817 1980 855 2021 est
878 1974 986 2036 speciem
1015 1974 1075 2021 disci
1096 1974 1215 2036 perfecti,
1242 1973 1299 2022 mihi
1326 1988 1383 2024 vero
1408 1973 1464 2022 coni
1486 1970 1598 2021 nonnihil

244 2048 327 2098 retusi.
364 2047 444 2108 Huius
467 2047 500 2094 rei
520 2045 654 2095 secuudum
675 2046 850 2108 praescriptam
871 2045 1048 2093 dimensionem
1068 2044 1175 2093 noudum
1197 2044 1245 2093 feci
1265 2045 1412 2108 periculum.
1435 2043 1537 2092 memini
1558 2051 1598 2091 ta-

242 2134 314 2176 men,
342 2134 431 2167 connm
452 2116 620 2166 indifferenter
640 2125 769 2178 acceptum
791 2123 817 2165 et
839 2130 918 2179 aquae
941 2116 1080 2178 impositum
1100 2115 1204 2178 figuram
1227 2117 1281 2164 coni
1306 2131 1355 2164 uon
1372 2115 1434 2164 disci
1453 2111 1513 2162 milri
1532 2121 1598 2163 retu-

241 2190 312 2247 lisao;
338 2189 402 2253 quod
424 2195 450 2237 et
471 2195 498 2237 tn
520 2188 646 2250 explorare
667 2189 772 2250 poteris.
799 2188 862 2235 etsi
888 2189 912 2235 in
934 2187 978 2235 tali
1001 2201 1061 2236 casu
1082 2202 1131 2235 non
1149 2186 1242 2234 discum
1262 2187 1306 2236 sed
1330 2202 1418 2235 conum
1443 2199 1486 2248 per
1507 2186 1599 2235 refrae-

242 2263 333 2310 tiouem
356 2261 462 2309 exhiberi
483 2260 573 2308 rideris
599 2258 706 2322 (dequo
731 2258 764 2306 nil
779 2255 889 2318 dubito),
915 2258 950 2306 nil
972 2259 1076 2307 restabit
1095 2257 1198 2321 amplius
1223 2272 1297 2321 quam
1320 2265 1350 2307 ut
1372 2272 1469 2306 mecum
1492 2269 1599 2312 asseras.

242 2334 326 2397 puncti
347 2333 480 2395 imaginem
505 2346 548 2394 per
571 2331 757 2386 refractionem,
779 2343 986 2394 καταχρηςικως
1011 2330 1116 2384 dictam.
1142 2330 1233 2378 elevari
1257 2343 1287 2378 ac
1317 2328 1419 2392 proinde
1442 2329 1523 2391 ipsum
1544 2341 1598 2390 pet·

242 2403 399 2468 pendiculum
420 2416 515 2467 quoque
538 2401 676 2450 refractioni
691 2415 734 2449 seu
756 2403 864 2463 passioni
886 2403 922 2450 sic
944 2401 1026 2449 dictae
1048 2401 1176 2449 obnoxium
1199 2415 1261 2449 esse.
1287 2397 1345 2461 (itis
1367 2399 1481 2462 adjunxit
1501 2397 1598 2463 Breug·

242 2490 315 2540 gerne
340 2475 454 2529 schema,
480 2473 553 2522 rerba
575 2472 778 2526 nundinatione:
802 2488 856 2520 cum
881 2486 938 2521 vero
960 2487 998 2521 rer
1020 2477 1107 2534 pateat
1129 2486 1159 2522 ex
1183 2472 1241 2535 ipsis
1266 2470 1404 2536 Brenggeri
1427 2470 1516 2527 verbis,
1540 2469 1600 2519 illud

242 2546 403 2596 omittendum
423 2541 582 2602 censuimus.)

332 2636 533 2715 Kepierus:
558 2633 604 2694 De
628 2650 746 2693 nummo
772 2630 800 2690 in
826 2650 903 2710 aqua
922 2630 1032 2692 rectius
1057 2631 1203 2711 loqueris;
1227 2631 1323 2693 minus
1343 2632 1444 2712 itaque
1468 2631 1525 2695 tibi
1548 2651 1599 2696 te-

246 2743 359 2806 puguo‚
385 2743 472 2804 quam
498 2723 577 2784 olim.
612 2721 742 2782 Radium
766 2720 1042 2800 perpendicularem
1063 2721 1128 2799 jam
1153 2721 1198 2781 ais
1222 2720 1250 2781 in
1266 2741 1333 2782 sese
1350 2722 1504 2797 contrabi;
1529 2723 1600 2785 olim

244 2814 349 2875 dixisti
380 2812 514 2889 refringi.
562 2809 649 2879 Quod
680 2810 840 2888 frangitur,
879 2828 916 2869 ex
945 2828 1003 2870 uuo
1031 2810 1065 2869 fit
1092 2809 1202 2883 inulta;
1237 2810 1284 2872 hic
1308 2809 1338 2871 in
1362 2820 1600 2874 recontractus

243 2902 345 2963 radius
364 2908 466 2962 munet
490 2919 574 2960 uuus.
620 2899 665 2958 De
691 2899 879 2958 formavere
904 2897 1080 2959 infundibuli
1104 2917 1161 2959 non
1184 2917 1299 2979 pugno:
1324 2919 1398 2961 sane
1423 2902 1478 2962 tali
1504 2903 1601 2964 forma

244 3009 301 3050 non
327 2990 458 3051 cernitur
481 3007 535 3048 uec
559 2989 614 3048 hoc
639 2986 784 3047 affirmari
817 2988 846 3048 in
879 2986 1027 3066 prioribus
1059 2985 1165 3049 literis.
1211 2988 1282 3049 Dixi
1314 2989 1392 3050 enim
1424 2998 1456 3051 te
1479 2991 1600 3055 vincere

246 3078 305 3140 tuis
330 3076 522 3157 argumentis,
548 3097 614 3138 cnm
638 3094 772 3136 nummus
797 3076 921 3136 deberet
945 3075 1039 3136 rideri
1064 3075 1093 3135 in
1110 3077 1205 3137 forma
1229 3076 1416 3140 infundibuli.
1454 3078 1519 3142 Sed
1543 3081 1601 3142 ad·

246 3166 307 3228 didi
334 3175 433 3227 tamen
458 3166 651 3238 solutionem,
676 3183 713 3224 ex
738 3183 796 3243 qna
818 3165 920 3225 ridere
944 3164 1083 3243 potuisti,
1108 3183 1165 3224 nou
1190 3185 1258 3227 esse
1282 3187 1406 3228 necesse
1422 3170 1601 3233 attribuam

245 3255 484 3336 perpendiculari
509 3258 720 3316 refractionem
744 3263 796 3315 aut
819 3272 970 3315 recursum
995 3254 1023 3313 iu
1048 3273 1126 3313 scsc.
1173 3254 1251 3316 Nam
1277 3265 1330 3317 aut
1359 3276 1416 3319 unc
1441 3260 1528 3321 oculo
1553 3260 1600 3323 ri·

248 3345 336 3406 detur
359 3365 407 3406 res
432 3344 568 3417 (immoto
593 3345 722 3424 cupite),
756 3351 809 3403 ant
842 3341 956 3402 duobus
987 3343 1050 3413 (vel
1073 3349 1154 3403 moto
1178 3345 1305 3424 capite).
1352 3345 1386 3407 Si
1410 3366 1485 3423 uuo,
1517 3347 1601 3410 locus

246 3433 385 3513 imaginis
409 3453 466 3495 uon
492 3434 685 3497 discernitur:
720 3431 745 3492 si
778 3432 906 3504 dnobus,
941 3439 993 3491 aut
1023 3430 1199 3494 alterutrum
1232 3441 1285 3494 aut
1316 3436 1424 3497 ambos
1448 3456 1506 3498 nou
1532 3455 1600 3498 esse

695 3519 960 3599 perpendiculares
984 3538 1108 3581 necesse
1133 3530 1190 3581 est.
1238 3521 1273 3584 Si
1304 3543 1360 3585 uon
1394 3527 1598 3606 perpendicu-

695 3609 791 3680 lares,
825 3608 999 3686 refringitnr
1022 3609 1123 3688 itaque
1154 3609 1257 3672 radius
1281 3620 1314 3673 et
1337 3612 1379 3674 sic
1403 3633 1462 3676 non
1482 3616 1599 3688 mirum,

695 3697 791 3758 locum
816 3695 955 3775 imaginis
978 3697 1073 3758 videri
1097 3697 1258 3762 elevatum.
1297 3700 1384 3763 Oculi
1403 3703 1443 3780 A,
1459 3704 1497 3777 B,
1520 3725 1600 3786 aqna

695 3784 765 3858 CI),
799 3785 909 3847 nummi
939 3795 1073 3846 centrum
1097 3786 1139 3860 E;
1171 3788 1227 3849 BD
1251 3791 1510 3869 perpendicularis
1541 3813 1598 3855 non

693 3873 881 3952 refringitur,
915 3873 972 3935 Ac
997 3893 1067 3935 vero
1092 3894 1149 3935 nou
1173 3880 1430 3958 perpendicularis
1453 3883 1599 3963 refringi·

692 3971 741 4024 tur
764 3963 792 4022 iu
817 3961 878 4023 CF.
928 3961 1079 4025 Continua
1111 3967 1297 4030 mctatricern
1330 3967 1402 4041 AO,
1436 3988 1513 4050 quae
1547 3989 1600 4032 ee-

633 4135 639 4142 ·
693 4050 851 4152 cabitBl]
881 4051 908 4153 in
933 4053 958 4113 i
982 4053 1048 4114 loco
1080 4053 1200 4153 altiore.
1247 4057 1354 4137 Itaque
1385 4058 1519 4122 Flocus
1551 4069 1601 4122 est

693 4148 790 4201 centri
814 4159 954 4220 imaginis
977 4161 1100 4203 nummi.

762 4229 977 4294 Breuggerue:
1013 4229 1052 4279 De
1080 4230 1150 4281 foco
1178 4231 1270 4295 speculi
1298 4232 1420 4296 sphaerici
1449 4237 1553 4289 tentavi
1573 4237 1600 4288 la

691 4308 781 4365 quarta
806 4301 920 4351 diametri
944 4307 1014 4364 parte
1036 4301 1118 4352 locato
1141 4302 1199 4352 dum
1217 4303 1348 4368 Maginum
1370 4308 1489 4370 corripis.
1514 4309 1601 4360 ocules

691 4370 749 4418 milri
777 4377 803 4419 et
829 4372 918 4436 digitos
941 4372 1035 4433 eripere
1062 4375 1173 4431 conaris,
1203 4375 1290 4438 quibus
1310 4378 1382 4425 toties
1406 4378 1455 4427 ridi
1481 4387 1508 4428 et
1532 4381 1600 4430 aenei

691 4441 773 4489 rados
802 4441 865 4490 Solis
887 4442 920 4491 ibi
942 4444 1083 4491 coacervari
1106 4451 1132 4492 ot
1155 4448 1238 4509 ignem
1251 4447 1389 4497 accendere
1402 4445 1437 4512 (p.
1452 4449 1507 4510 57).
1539 4451 1599 4502 Per·

695 4525 780 4575 peram
802 4514 876 4577 igitur
900 4521 929 4561 tu
950 4514 975 4560 in
999 4519 1083 4562 centro
1103 4515 1169 4563 iilum
1193 4516 1314 4573 collocas,
1337 4520 1456 4582 siquidem
1481 4522 1600 4574 adceut-

692 4597 745 4630 rnm
766 4584 928 4631 reflectantur
948 4591 1046 4631 tanturn
1066 4586 1128 4634 radii
1141 4588 1376 4650 perpendiculariter
1396 4591 1551 4644 incidentes:
1572 4601 1601 4644 at

693 4655 751 4716 quia
768 4654 889 4703 diameter
909 4653 972 4703 Solia
985 4655 1112 4704 dimidium
1132 4659 1235 4722 gradum
1255 4659 1379 4711 duntaxat
1395 4671 1498 4728 aequat,
1520 4667 1600 4730 portic

243 4729 337 4794 speculi
358 4726 575 4786 circumsonor
598 4723 718 4772 diameter
732 4721 774 4771 ³0¹
794 4725 935 4787 respondet,
957 4725 1010 4774 sola
1035 4733 1080 4782 est.
1100 4743 1163 4790 quae
1182 4730 1263 4778 radios
1283 4731 1346 4781 Solis
1364 4736 1602 4797 perpendiculariter

245 4801 331 4863 recipit
351 4805 377 4849 et
399 4797 430 4846 ad
460 4802 571 4846 centrum
594 4800 730 4858 retorquet;
762 4795 856 4859 reliqua
878 4797 930 4857 ojus
957 4797 1097 4860 superficies
1119 4801 1198 4848 otiosa
1223 4808 1260 4848 cst
1285 4808 1310 4851 et
1333 4803 1383 4853 huc
1406 4804 1467 4855 alhil
1495 4809 1599 4859 confert.

245 4869 353 4920 Necesse
378 4870 452 4933 igitur
480 4875 534 4922 est.
564 4866 725 4929 paucissimos
750 4866 782 4914 ibi
812 4867 894 4914 radios
919 4866 1016 4930 colligi,
1045 4869 1084 4931 qui
1110 4884 1158 4918 uon
1183 4871 1307 4921 sufficiunt
1330 4881 1359 4923 ut
1381 4876 1465 4940 ignem
1490 4891 1600 4944 umnam

245 4941 393 4989 accendant
430 4938 502 4988 Adde
521 4937 585 5002 quod
617 4937 707 4984 fomitis
730 4937 839 5017 ¹materia
860 4945 944 4986 centro
966 4941 1079 5001 apposita
1096 4941 1178 4990 radios
1199 4941 1264 4991 Solia
1283 4946 1422 5009 intercipit,
1443 4955 1472 4998 ut
1491 4949 1526 5000 ad
1544 4963 1599 5014 epe·

245 5009 327 5060 culum
352 5012 490 5074 pertingere
511 5017 538 5058 et
564 5007 622 5056 iude
642 5007 736 5055 reflecti
761 5020 791 5057 ae
811 5009 893 5072 ignem
912 5009 1051 5059 accendam
1075 5021 1206 5075 nequeant.
1245 5012 1295 5064 Sed
1316 5024 1370 5065 eeto
1387 5019 1442 5079 iam
1458 5033 1490 5070 ea
1502 5019 1600 5088 Magial

405 3585 457 3650 Fig.
479 3582 521 3633 at.

246 5087 272 5131 et
292 5095 350 5131 mea
368 5080 494 5132 nnuuda
515 5077 642 5142 speculum
667 5076 765 5142 aliquod
782 5091 918 5128 coctarum
937 5078 1105 5144 sphaericum,
1129 5084 1199 5144 cuiue
1219 5083 1325 5137 latitudo
1349 5085 1421 5140 fflK
1444 5090 1478 5140 ait
1498 5099 1600 5144 natam
