3692 5842
740 488 823 555 capot
839 490 884 542 tv,
909 487 951 539 10.
1460 492 1519 560 221

167 661 360 740 Guilielmus,
386 665 414 726 in
439 664 494 727 illa
519 684 575 726 sna
603 664 758 727 recondita
786 664 936 744 magnetis
965 665 1227 744 contemplatione,
1257 667 1386 730 correisis
1418 670 1519 732 verbis

166 753 218 816 lib.
243 753 300 816 Vl.
325 773 391 834 cap.
416 748 448 815 2.
495 753 554 815 Vir
576 754 713 835 equidem
736 754 817 827 talis,
852 753 937 831 cujus
966 753 1074 815 divinis
1098 754 1233 824 inventis
1264 775 1367 818 omnes
1392 766 1519 821 naturae

165 840 320 904 studiosos
343 842 500 922 plurimum
524 843 669 905 delectari
692 842 840 919 convenit.
871 840 966 921 Cujus
991 842 1235 917 familiaritatem,
1260 845 1317 906 nisi
1342 846 1413 908 mihi
1432 866 1520 927 porn-

164 949 242 1012 posa
264 930 321 993 illa
342 930 468 1014 'l'ethys'
482 932 644 1005 invideret,
671 931 803 994 discendi
828 931 934 992 ardore
967 951 1013 993 me
1038 933 1183 994 demereri
1207 933 1271 994 sine
1299 953 1409 1015 magna
1437 935 1518 997 dilli-

164 1019 279 1082 cultate
304 1039 404 1100 posse,
429 1029 462 1082 nt
485 1039 542 1081 non
567 1030 615 1081 est
638 1021 769 1100 superba
790 1020 991 1099 philosophia,
1017 1021 1211 1099 speraverim.
1231 1018 1272 1094 ³⁹)

255 1106 343 1180 Quae
366 1128 404 1172 ex
426 1109 534 1170 Proclo
559 1108 648 1171 attuli
678 1109 721 1171 eis
751 1108 862 1170 similia
885 1128 922 1169 ex
947 1105 1108 1170 Cleomede
1139 1110 1260 1189 adjungi
1294 1117 1431 1189 possunt,
1470 1111 1519 1193 qui

163 1218 202 1259 ea
223 1216 315 1277 porro
340 1216 377 1259 ex
399 1197 561 1260 Posidonio
585 1197 716 1272 adducit,
749 1198 802 1258 sed
827 1205 857 1258 et
881 1197 919 1257 ab
949 1197 1055 1259 eodem
1078 1198 1186 1261 Proclo
1219 1197 1248 1260 in
1282 1199 1338 1259 fine
1363 1198 1518 1278 Sphaerae

164 1288 354 1349 referuntur:
379 1286 509 1368 itemque
534 1295 566 1348 et
588 1308 607 1347 a
629 1285 716 1348 Plino
740 1286 790 1348 lib.
807 1286 848 1347 Il.
876 1283 1031 1364 Canopum
1055 1285 1083 1347 in
1098 1287 1238 1369 Aegypto
1263 1287 1291 1348 in
1307 1288 1431 1349 meridie
1446 1289 1519 1350 alti-

163 1375 300 1438 tudinem
330 1370 391 1452 7¹1,
426 1375 571 1459 graduum
600 1376 760 1454 praeferre,
794 1374 824 1435 in
853 1373 963 1435 Rhodo
994 1374 1178 1436 horizontem
1208 1375 1365 1454 stringere,
1401 1376 1429 1436 in
1461 1397 1520 1457 qua

163 1463 264 1526 insula
288 1463 385 1526 noctis
410 1464 546 1526 aestivae
580 1465 617 1526 ad
642 1463 721 1525 diem
743 1462 897 1543 proportio
921 1463 1051 1525 traditur
1075 1485 1120 1534 ea,
1156 1475 1303 1543 quaeest
1340 1463 1375 1527 19
1399 1465 1438 1525 ad
1462 1463 1516 1529 29.

164 1551 241 1616 Cum
266 1553 344 1614 enim
369 1552 437 1615 hinc
461 1553 574 1634 existat
597 1553 725 1614 altitudo
748 1552 933 1613 Rhodiorum
959 1552 1092 1614 civitatis
1116 1548 1191 1627 36⁰,
1218 1553 1423 1614 Alexandriae
1447 1574 1518 1616 vero

162 1641 206 1704 sit
228 1636 300 1717 31⁰,
326 1643 472 1722 quomodo
497 1640 647 1721 Canopus,
674 1642 722 1721 qui
747 1641 775 1702 in
800 1640 906 1702 Rhodo
930 1641 981 1701 vix
1005 1661 1024 1700 a
1047 1642 1169 1702 summis
1193 1643 1344 1703 montibus
1370 1650 1418 1702 est
1442 1662 1515 1704 con-

161 1731 285 1811 spicuns
309 1738 389 1792 teste
412 1731 529 1799 Proclo‚
555 1731 634 1792 idern
656 1730 686 1791 iu
711 1732 854 1811 Aegypto
879 1724 964 1806 7Ἲῖιι
987 1749 1039 1790 seu
1064 1738 1171 1809 quarta
1193 1739 1280 1808 parte
1305 1731 1383 1810 signi
1412 1740 1516 1794 extare

161 1820 290 1900 potest?
335 1820 423 1881 Hanc
447 1820 526 1882 enim
551 1819 738 1881 altitudinem
762 1827 939 1879 constanter
962 1827 993 1879 et
1016 1818 1121 1879 iisdem
1155 1819 1255 1880 verbis
1283 1820 1414 1899 produnt
1436 1821 1515 1881 Pro-

161 1908 228 1970 clus
252 1916 285 1970 et
309 1907 487 1971 Cleomedes
511 1919 542 1969 et
559 1908 685 1982 Plinius,
711 1907 895 1988 astipulante
920 1907 1013 1968 etiam
1037 1907 1221 1981 Ptolemaeo,
1251 1910 1301 1988 qni
1326 1908 1516 1971 latitudinem

162 1999 190 2059 ei
214 1997 325 2061 stellae
349 1997 455 2059 tribuit
477 1993 547 2060 75⁰.
593 1999 658 2059 Aut
686 1996 778 2076 igitur
804 1995 981 2058 hallucinari
1010 2015 1133 2057 necesse
1166 2007 1214 2057 est
1241 2016 1344 2058 omnes
1378 2006 1516 2061 auctores

162 2105 222 2149 uno
247 2106 308 2161 ore,
335 2095 388 2149 ant
411 2086 440 2148 in
465 2086 606 2168 Aegypto
630 2103 735 2148 versus
759 2086 857 2147 tontes
881 2084 954 2158 Nili,
988 2103 1093 2146 versus
1117 2093 1234 2146 montes
1258 2086 1362 2147 Lunae
1392 2095 1425 2147 et
1447 2086 1516 2148 illas

161 2175 313 2255 regiones,
338 2195 414 2255 quae
438 2174 586 2237 continuis
601 2174 709 2255 pluviis
729 2175 857 2236 infestae
882 2183 961 2246 sunt,
987 2193 1111 2235 necesse
1136 2183 1184 2235 est
1203 2174 1291 2254 objici
1309 2175 1517 2254 spectantibus

160 2265 191 2326 in
207 2265 397 2327 Alexandria
420 2271 529 2333 aerem,
554 2265 603 2345 qui
617 2262 820 2343 prodigiosam
844 2262 960 2342 aliquot
973 2263 1118 2341 graduum
1132 2273 1272 2325 causetur
1287 2264 1515 2326 refractionem:
1626 2261 1630 2270 '

160 2354 294 2434 quinon
320 2353 361 2415 sit
383 2355 427 2415 ita
450 2354 587 2433 praecise
611 2353 726 2414 insulae
749 2351 851 2413 Rhodi
879 2351 917 2412 ad
945 2352 1108 2426 meridiem,
1138 2353 1181 2412 uti
1215 2371 1288 2414 sane
1320 2364 1373 2414 est
1390 2353 1516 2415 Rhodus

160 2443 279 2524 aliquot
301 2442 444 2522 gradibus
468 2442 684 2504 occidentalior
706 2440 903 2502 Alexandria.

250 2532 353 2594 Minus
387 2532 517 2593 tortasse
548 2530 699 2592 firmitatis
731 2530 857 2604 obtinet,
896 2528 974 2608 quod
1007 2527 1085 2589 idem
1116 2525 1294 2590 Cleomedes
1334 2530 1517 2592 confidenter

158 2621 302 2696 affirmat,
328 2620 403 2682 duas
427 2639 494 2682 esse
518 2620 625 2681 stellas
649 2620 797 2682 diametro
822 2619 982 2685 distantes,
1008 2618 1125 2679 oculum
1142 2617 1230 2678 Tauri
1256 2626 1287 2679 et
1310 2637 1361 2678 cor
1385 2617 1515 2698 Scorpii.

157 2730 287 2792 quarum
311 2728 503 2791 quaecunque
527 2709 654 2784 oriatur,
688 2708 803 2788 reliqua
831 2707 951 2769 occidat
974 2706 1120 2787 simulque
1145 2706 1173 2766 in
1205 2706 1358 2767 horizonte
1389 2707 1513 2787 conspi-
1544 2743 1550 2752 -

156 2801 285 2862 ciantur.
332 2789 366 2860 Si
391 2798 446 2860 hoc
470 2818 539 2860 vere
568 2798 724 2878 quisquam
758 2816 887 2877 unquam
912 2794 997 2868 vidit,
1025 2813 1079 2873 per
1109 2795 1320 2856 retractionem
1358 2802 1515 2877 utramque

156 2908 252 2970 snpra
276 2887 462 2949 horizontem
486 2889 635 2949 elevatam
660 2886 752 2947 luisse
767 2904 892 2947 necesse
917 2898 974 2958 est,
1000 2903 1065 2945 cnm
1090 2903 1122 2945 re
1142 2903 1214 2945 vera
1232 2904 1289 2946 non
1304 2885 1403 2963 possit
1426 2885 1515 2947 aliter

155 2977 238 3054 lieri,
264 2978 333 3059 quin
359 2976 387 3038 in
411 2976 468 3038 hac
491 2975 721 3056 septentrionali
745 2975 846 3036 mundi
869 2978 1028 3054 parte'ant
1051 2973 1148 3034 altera
1171 2981 1224 3035 aut
1246 2980 1372 3053 utraque
1397 2992 1515 3053 semper

154 3067 236 3130 intra
259 3065 444 3128 horizontem
468 3065 517 3127 sit.
547 3066 626 3127 Nam
650 3063 769 3126 etiarnsi
795 3064 942 3126 diametro
966 3063 1083 3124 distant
1105 3062 1242 3142 praecise
1266 3062 1363 3142 quoad
1379 3063 1513 3143 longitu-

154 3156 275 3218 dinem:
300 3163 426 3235 ntraque
450 3163 551 3216 tamen
575 3154 604 3215 in
620 3155 724 3214 eodem
744 3154 870 3214 australi
886 3151 1105 3231 hemisphaerio
1130 3159 1185 3225 est,
1211 3152 1309 3213 altera
1324 3151 1515 3214 latitudinem

155 3245 273 3307 babens
297 3237 337 3306 5⁰
359 3242 423 3319 31¹,
447 3243 545 3306 altera
567 3241 606 3304 4⁰
629 3240 693 3306 27⁴.

243 3334 312 3396 Huc
336 3333 448 3413 aliquid
472 3332 608 3414 quamvis
632 3331 790 3394 obscurum
814 3350 851 3391 ex
874 3329 976 3391 Procli
999 3326 1146 3391 Diadochi
1175 3328 1250 3390 libro
1274 3329 1512 3411 Hypotyposeon

152 3422 427 3486 astronomicarum
461 3430 493 3482 et
530 3422 594 3501 ejus
624 3421 804 3483 mirabilium
837 3418 1005 3499 quaestion.
1031 3416 1061 3481 8.
1087 3416 1191 3480 reterri
1227 3418 1339 3496 possit:
1374 3419 1510 3497 quamvis

152 3511 274 3574 interim
298 3518 330 3573 et
352 3512 409 3573 hoc
427 3510 555 3586 videtur,
580 3510 660 3590 loqui
679 3510 762 3572 sslurn
786 3508 822 3570 de
840 3527 965 3570 excessu
985 3506 1055 3567 anni
1075 3516 1144 3567 tunc
1160 3505 1265 3566 crediti
1289 3525 1381 3587 snpra
1398 3506 1513 3584 justum

151 3601 315 3664 modulum.
364 3599 469 3661 Verba
491 3607 591 3660 tamen
616 3598 681 3677 ejus
705 3617 744 3659 ex
772 3595 1021 3678 interpretatione
1046 3595 1156 3655 Vallae
1185 3593 1230 3654 ita
1262 3602 1382 3667 sonant,
1420 3615 1456 3656 ac
1485 3595 1511 3656 si

150 3690 315 3753 miraretur
339 3687 452 3768 aliquid
467 3689 679 3751 retractionum
701 3685 859 3749 occasione
883 3685 912 3745 in
928 3683 1009 3745 Solis
1033 3691 1115 3744 motu
1136 3699 1299 3761 apparens;
1314 3692 1406 3746 Solem
1421 3694 1512 3763 ample

150 3790 286 3862 spectari,
309 3796 453 3860 ortumque
474 3788 567 3841 facere
589 3795 721 3860 tanquam
743 3785 937 3839 considentem.
975 3773 1055 3835 Nam
1080 3770 1185 3833 iisdem
1209 3790 1284 3851 pene
1309 3771 1409 3832 verbis
1439 3790 1513 3833 usus

150 3877 202 3932 est
224 3867 406 3932 Wilhslnrus
424 3866 555 3928 Hassiae
571 3863 792 3967 Landgravins,
816 3863 848 3924 in
871 3862 969 3941 prima
991 3881 1047 3922 sua
1070 3861 1107 3923 de
1132 3861 1220 3923 rebus
1244 3861 1453 3922 astronomicis
1473 3860 1512 3922 ad

150 3958 327 4041 Tychonem
350 3956 481 4037 epistola
504 3954 695 4016 retractionis
719 3951 949 4013 animadversae
974 3950 1147 4032 occasiones
1171 3949 1336 4028 explicans.
1380 3949 1426 4011 Ac
1451 3949 1510 4010 etsi

150 4066 229 4130 quae
254 4045 297 4108 ibi
321 4045 448 4108 Proclus
471 4045 606 4119 miratur,
640 4042 677 4103 ob
701 4041 805 4103 vitium
830 4039 939 4101 calculi
971 4049 1040 4101 tunc
1065 4038 1170 4100 usitati
1203 4038 1341 4100 accidere
1364 4047 1510 4118 potuere:

150 4137 198 4200 ita
215 4144 320 4198 nmen
344 4135 374 4196 in
398 4132 564 4197 rationibus
598 4150 700 4193 eornm
727 4128 887 4191 reddendis
910 4128 1037 4190 Proclus
1066 4128 1214 4203 desudat,
1247 4136 1280 4188 ut
1311 4145 1370 4187 non
1402 4127 1512 4207 injuria

148 4224 330 4307 suspiceris,
364 4220 593 4286 retractionibus
622 4239 689 4282 sese
721 4216 960 4280 immisceutibus
989 4217 1143 4297 negotium
1173 4216 1323 4278 redditum
1348 4234 1416 4277 esse
1439 4234 1510 4294 per-

148 4314 286 4396 plexius;
311 4312 389 4394 quod
413 4310 491 4373 citra
514 4328 567 4370 eas
591 4309 636 4371 illi
661 4307 748 4370 facile
774 4306 882 4368 luisset
904 4306 1057 4384 expedire.

239 4400 361 4464 Clarius
376 4399 531 4481 aliquanto
545 4397 716 4459 Martianus
732 4394 868 4474 Capella,
893 4393 1156 4475 Encyclopaediae
1171 4392 1246 4453 libro
1262 4391 1351 4453 Vlll.
1370 4390 1455 4471 cujus
1471 4390 1507 4452 de

148 4492 268 4554 zodiaci
279 4490 439 4552 latitudine
450 4488 542 4548 verba
552 4488 626 4548 haec
637 4495 722 4547 suut:
744 4495 792 4549 Sol
813 4494 884 4547 enim
904 4493 932 4546 in
953 4494 1057 4547 nnllam
1077 4481 1223 4556 (zodiaci)
1238 4494 1374 4546 excedens
1388 4497 1505 4562 partem,

147 4583 177 4638 in
197 4582 287 4638 medio
308 4581 473 4635 libramento
495 4579 583 4632 fertur
606 4579 711 4645 absque
732 4575 791 4645 ipso
806 4574 895 4626 librae
911 4573 1037 4627 confinio.
1073 4573 1144 4627 Nam
1164 4572 1202 4626 ibi
1224 4590 1254 4626 se
1276 4578 1326 4626 aut
1339 4570 1368 4625 in
1383 4576 1507 4626 austrum

140 4675 342 4747 -aquilonemre
364 4668 487 4724 deflectit
507 4669 541 4721 nd
562 4665 699 4720 dimidium
720 4664 779 4717 fere
799 4668 973 4717 moment-um.
1024 4650 1108 4712 Satis
1145 4651 1317 4729 scrupulose
1357 4649 1508 4730 expressit

147 4750 362 4816 refractionem
389 4746 623 4809 horizontalem:
658 4761 749 4823 quare
783 4741 955 4802 absurditas
987 4748 1018 4801 et
1044 4738 1210 4800 insolentia
1238 4739 1394 4815 affirmati,
1428 4739 1507 4820 quod

147 4841 203 4906 Sol
235 4839 326 4902 unico
359 4836 474 4899 zodiaci
507 4834 572 4897 loco
600 4832 629 4894 in
659 4829 850 4892 latitudinem
877 4829 994 4891 zodiaci
1024 4827 1169 4894 declinet.
1203 4827 1404 4908 suspicionem
1434 4828 1506 4891 mihi

147 4930 253 5011 injecit
284 4924 502 5007 hujuscemodi.
557 4925 637 4986 Dnm
669 4918 867 4998 aequinoctia,
905 4917 1094 4998 potissimum
1130 4918 1311 4989 autumnale,
1344 4916 1507 4997 diligenter

148 5019 383 5082 observarentur
407 5011 581 5094 etquidem
605 5012 633 5073 in
657 5005 822 5084 horizonte,
847 5005 919 5069 Sole
944 5006 1059 5069 oriente
1082 5006 1130 5067 vel
1155 5005 1319 5081 occidente,
1343 5015 1506 5088 propterea
