3692 5842
367 477 434 551 tid
862 483 1116 538 meamea
1134 484 1233 551 osea

364 662 395 726 7.
420 671 452 724 et
478 658 549 726 131,
573 657 673 742 quarti
696 659 887 737 Vitellianis,
917 664 1061 743 aequales
1084 682 1173 726 arcus
1200 661 1343 725 circuitus
1371 662 1514 742 planetae
1536 660 1733 741 apparebunt

363 752 556 831 inaequales,
590 750 671 812 circa
702 767 869 829 apogaeum
900 753 1007 831 parvi,
1041 751 1123 814 circa
1157 752 1330 832 perigaenm
1367 750 1481 831 magni.
1534 749 1606 814 Etsi
1636 749 1732 829 igiter

362 839 488 920 planeta
515 841 581 922 ipse
604 840 647 902 sit
670 840 805 919 aequalis
829 840 997 903 celeritatis
1027 841 1058 903 in
1081 843 1218 904 omnibus
1247 841 1390 916 arcubus,
1423 840 1530 903 tardus
1557 849 1666 902 tamen
1689 838 1733 902 ibi

363 929 535 1009 apparebit,
569 929 621 992 ubi
651 947 739 990 arcus
772 939 921 1008 apparent
950 930 1097 1003 minores,
1129 931 1218 994 velox
1241 929 1292 992 ubi
1314 929 1426 1009 magni.

450 1018 536 1080 Haec
560 1037 680 1081 arcuum
703 1017 751 1078 vel
776 1018 943 1081 imminutio
971 1020 1021 1081 vel
1050 1021 1151 1082 auctio
1182 1020 1285 1100 aptica
1311 1028 1453 1081 censetur
1479 1017 1675 1097 potissimum
1698 1017 1731 1080 in

362 1107 569 1181 semicirculis,
594 1108 626 1170 in
650 1109 727 1169 bunc
750 1107 880 1170 modum.
919 1106 1012 1171 SitA
1036 1117 1172 1172 centrum
1191 1110 1283 1181 visus,
1307 1109 1387 1171 idem
1405 1116 1438 1170 et
1454 1107 1563 1170 mundi·
1579 1114 1731 1180 centrnm,

360 1193 388 1258 B
411 1205 547 1259 centmm
571 1197 732 1264 eccentrici
746 1195 841 1270 EOD,
866 1198 966 1276 ejecta
983 1197 1040 1259 AB
1061 1198 1090 1259 iu
1111 1196 1136 1261 C
1161 1208 1193 1259 et
1212 1199 1246 1273 li,
1271 1198 1330 1260 erit
1354 1195 1379 1264 C
1394 1214 1572 1276 apogaeum
1595 1196 1622 1258 Ρ
1640 1196 1730 1276 peri-

451 1337 506 1410 ιι·
535 1336 594 1388 ¹⁰⁴·
685 1303 803 1435 iiiii·
836 1287 878 1436 ll
900 1286 1026 1456 llil
1045 1288 1179 1456 loll
1197 1282 1732 1450 slttl‘dl't‘illttril

502 1470 505 1490 ⁸
683 1483 738 1544 per
761 1482 864 1525 omnes
887 1465 1047 1527 eccentrici
1066 1484 1164 1527 arcus.
1199 1464 1271 1526 Erit
1289 1464 1410 1544 aequali
1432 1463 1618 1542 temporeis
1639 1459 1732 1525 Gen

685 1562 775 1632 atque
799 1552 829 1613 in
852 1552 955 1627 HFG,
980 1562 1143 1633 propterea
1168 1553 1276 1633 majori
1303 1553 1333 1615 in
1356 1550 1442 1616 DGE
1465 1571 1555 1632 qnam
1577 1551 1608 1613 in
1631 1549 1730 1614 DFE.

504 1684 508 1713 ,
632 1697 634 1705 .
683 1640 745 1703 Sed
769 1641 798 1701 in
822 1642 850 1702 D
874 1643 957 1703 etii
984 1643 1124 1705 videatur
1153 1662 1190 1704 er
1222 1652 1326 1704 tantm
1349 1643 1380 1704 A
1407 1642 1437 1704 in
1468 1640 1544 1704 iocis
1577 1639 1731 1719 oppositu

376 1716 643 1816 ,--
683 1731 831 1811 sphaerae
854 1731 990 1806 lixarum,
1015 1733 1099 1809 cujus
1113 1732 1143 1794 A
1167 1741 1311 1806 centrum,
1336 1731 1454 1810 longius
1477 1730 1570 1811 igitar
1593 1730 1625 1789 in
1643 1726 1730 1792 nel-3

497 1814 499 1820 ’
683 1828 825 1893 moratur,
851 1838 941 1899 quam
963 1822 992 1881 in
1016 1821 1109 1882 DFE.
1146 1820 1190 1883 At
1214 1821 1284 1901 qnia
1306 1820 1390 1882 visus
1413 1820 1535 1899 ignorat
1547 1814 1636 1881 DGE
1660 1834 1728 1880 esst

683 1909 825 1987 majorem
849 1926 939 1988 quam
961 1910 1053 1983 DFE,
1078 1919 1241 1989 propterea
1263 1909 1341 1990 quod
1370 1908 1567 1972 remotionem
1593 1905 1728 1986 partium

683 1997 837 2076 utriusque
871 1997 974 2059 circuli
1007 2017 1064 2059 non
1097 1998 1294 2069 internoscit,
1327 1998 1382 2059 sed
1413 1995 1584 2077 aequaliter
1616 1995 1727 2060 abesse

363 2094 462 2168 putat,
487 2087 555 2149 ideo
578 2086 741 2149 tardiorem
763 2095 854 2166 putat
876 2087 1031 2165 planetam
1060 2105 1153 2166 snpra
1175 2087 1263 2149 ΒΔΕ
1288 2086 1406 2161 lineam,
1431 2105 1521 2166 quam
1544 2084 1628 2148 inira
1649 2103 1726 2145 eam.

453 2175 515 2238 Sed
544 2176 680 2258 qnaeris,
712 2193 770 2254 quo
798 2184 976 2253 argumento
1009 2176 1137 2251 sciatur,
1165 2176 1321 2255 planetam
1349 2176 1379 2236 in
1411 2174 1562 2254 oppositis
1590 2174 1725 2253 spectari

363 2265 502 2345 partibus
525 2264 650 2327 circuli?
696 2263 895 2346 Respondes,
928 2266 1023 2345 primo
1047 2284 1086 2326 ex
1108 2266 1139 2326 A
1162 2274 1266 2327 centro
1290 2264 1487 2344 imaginamur
1510 2262 1599 2326 nobis
1624 2263 1724 2326 circs·

363 2354 424 2417 lum
457 2355 632 2427 maximnm,
668 2354 718 2434 qui
750 2354 923 2433 appellatur
950 2353 1189 2434 aequinoctialis.
1245 2354 1362 2418 Deinde
1392 2372 1432 2414 ex
1458 2351 1724 2415 observationibus

362 2443 488 2519 ecimus,
518 2444 597 2508 idern
621 2442 651 2504 A
675 2451 809 2504 centrum
839 2444 921 2505 visus
955 2444 1050 2506 nostri
1082 2442 1195 2505 versari
1230 2444 1322 2508 etiam
1350 2443 1383 2504 in
1405 2460 1442 2503 eo
1464 2442 1575 2524 plano,
1611 2440 1643 2502 in
1667 2458 1723 2521 qna

361 2534 487 2613 planeta
510 2532 660 2613 quispiam
683 2550 769 2592 suum
793 2550 912 2593 cursum
936 2534 1136 2595 eccentricum
1160 2533 1287 2612 perficit
1327 2530 1446 2595 Scimus
1469 2530 1572 2604 etism,
1599 2530 1634 2592 id
1656 2530 1723 2608 pls·

365 2641 433 2684 nnm
460 2642 493 2684 se
508 2624 574 2702 ipso
598 2621 755 2700 aequabile
770 2640 848 2691 esse,
873 2640 931 2684 non
955 2630 1132 2698 tortuosum,
1157 2632 1189 2685 et
1206 2621 1343 2686 inclinari
1366 2621 1405 2683 sd
1418 2618 1548 2699 priorem
1571 2618 1723 2688 circulum,

363 2710 393 2772 id
417 2718 467 2773 est
490 2730 594 2773 secare
617 2710 711 2772 illurn.
758 2710 804 2771 At
826 2728 894 2771 cum
917 2712 975 2772 duo
1006 2712 1110 2774 circuli
1138 2732 1171 2774 se
1202 2720 1323 2784 secant,
1352 2710 1433 2772 linea
1460 2706 1606 2771 sectionis
1640 2727 1721 2770 cons·

362 2801 461 2862 mnnis
486 2808 536 2862 est
558 2808 643 2862 recta
666 2798 720 2872 (Ε.
743 2799 800 2872 xl,
825 2796 879 2871 3).
913 2819 989 2880 quae
1019 2820 1087 2862 cum
1110 2819 1164 2879 per
1187 2810 1323 2862 centrum
1345 2797 1577 2878 aequinoctialis
1600 2807 1669 2871 eat,
1691 2805 1722 2860 nt

359 2907 415 2966 per
431 2889 470 2961 A,
494 2890 572 2968 quod
596 2887 774 2968 supponitur
797 2888 827 2949 in
851 2897 977 2968 utroque
1001 2890 1090 2968 plano
1115 2908 1193 2964 esse,
1217 2888 1335 2950 secabit
1357 2887 1450 2967 igitur
1468 2886 1722 2967 aequinoctialem

360 2977 389 3038 in
414 2978 458 3052 D,
482 2977 510 3039 Ε
534 2977 607 3039 locis
631 2997 669 3037 ex
693 2981 722 3038 A
746 2976 905 3056 oppositis.
955 2976 1022 3048 Quo
1046 2978 1139 3056 igitur
1168 2977 1295 3039 artificio
1327 2978 1453 3056 planeta
1486 2974 1721 3055 deprehenditur

360 3067 389 3128 in
413 3067 665 3145 aequinoctialem
699 3066 844 3139 incidere,
876 3067 982 3128 eodem
1006 3068 1037 3127 in
1060 3068 1127 3127 loca
1150 3065 1292 3147 opposita
1319 3065 1450 3127 incidere
1474 3063 1718 3144 deprehenditur.

361 3158 406 3218 At
431 3156 460 3217 id
484 3156 515 3218 in
540 3156 726 3217 astronomia
749 3163 781 3215 et
804 3155 942 3218 doctrina
964 3155 1052 3235 primi
1076 3156 1196 3217 mobilis
1219 3156 1353 3217 docetur.

449 3245 545 3307 Porro
578 3265 615 3306 ex
649 3243 807 3305 occasione
847 3244 1117 3306 animadversionis
1152 3244 1240 3322 hujus
1271 3242 1454 3323 phantasiae
1486 3240 1665 3304 velocitatis
1690 3251 1720 3302 et

360 3334 517 3396 tarditatis
546 3334 667 3413 opticae
696 3334 861 3394 astronomi
885 3333 913 3393 in
940 3334 1069 3394 alterum
1091 3342 1123 3394 et
1142 3333 1323 3406 contrarium
1345 3331 1481 3395 incidunt
1495 3347 1640 3399 errorem,
1663 3348 1719 3391 nos

360 3432 421 3485 tam
445 3424 529 3485 risus
553 3442 642 3503 quam
665 3422 915 3485 ratiocinationis.
949 3421 1028 3483 Dum
1052 3442 1080 3484 n.
1106 3441 1161 3483 nos
1180 3422 1367 3484 astronomia
1390 3422 1479 3484 docet
1502 3418 1560 3481 boc
1582 3419 1717 3482 umens:

356 3533 394 3574 rc
412 3508 607 3594 ποῤῥωιιροι
630 3534 781 3590 φιρομιια
799 3514 985 3591 dpcdccepor
1003 3517 1147 3573 κινεισθαι
1165 3534 1298 3589 werras
1312 3510 1420 3583 (verbs
1433 3508 1595 3581 Aristot).
1618 3517 1718 3571 astro·

357 3603 437 3664 nomi
470 3620 583 3681 magna
614 3601 829 3680 probabilitate
860 3608 1054 3675 convertunt,
1078 3624 1116 3661 ca
1139 3602 1323 3679 βραδντιροι
1346 3619 1499 3673 revocasset
1526 3592 1719 3677 ιιορῥαηιροι

357 3696 509 3770 pacandas
532 3696 620 3754 dosa.
659 3689 783 3760 Quanto
807 3698 942 3768 tempore
966 3688 1078 3750 diutius
1098 3699 1232 3751 moratur
1254 3688 1424 3768 planetain
1449 3686 1550 3766 aliqua
1573 3706 1649 3750 arcu
1672 3686 1717 3747 rel

357 3781 546 3842 semicirculo
571 3799 661 3861 quarn
693 3780 724 3841 in
748 3778 878 3858 reliquo,
907 3786 993 3840 tantu
1018 3779 1109 3840 etiam
1135 3779 1251 3856 longius
1275 3779 1359 3841 illum
1380 3794 1484 3840 arcum
1511 3775 1719 3838 recessisses

357 3870 424 3930 risu
448 3878 588 3948 arguunt.
634 3869 681 3931 At
708 3886 766 3928 non
794 3875 842 3929 est
870 3867 1044 3929 necessaria
1076 3868 1233 3930 conversio
1257 3876 1289 3929 et
1311 3868 1478 3948 inpartem
1501 3864 1593 3928 iales.
1641 3862 1717 3930 saur

358 3959 437 4018 enim
470 3956 688 4019 retardationis
720 3975 830 4018 causac
860 3956 952 4018 etiam
987 3956 1065 4017 aliae
1093 3958 1141 4017 bis
1172 3957 1280 4035 opticis
1313 3955 1492 4036 permixtae.
1543 3951 1599 4016 Sic
1632 3954 1717 4016 initio

357 4045 551 4109 Ptolemaeus
575 4045 722 4125 deceptus
745 4054 802 4116 est,
828 4045 898 4107 dnm
914 4045 1066 4126 epicyclos
1085 4046 1270 4126 planetarios
1285 4045 1406 4107 nimium
1428 4043 1491 4105 alte
1510 4041 1581 4105 binc
1603 4042 1717 4106 attollit

356 4135 425 4197 inde
449 4134 601 4214 deprimit,
625 4134 696 4214 quia
716 4133 842 4196 alterius
861 4133 920 4195 loci
944 4134 1085 4210 tarditas,
1109 4135 1234 4196 alterins
1257 4134 1405 4196 velocitas
1429 4140 1550 4195 tantm
1564 4133 1716 4212 requirere

355 4222 525 4286 videbatur.
571 4222 635 4285 sed
660 4243 743 4285 error
767 4222 870 4285 statim
893 4223 995 4303 patuit
1017 4241 1055 4286 ex
1079 4223 1284 4303 magnitudine
1312 4221 1488 4302 apparenti,
1512 4220 1615 4284 minas
1637 4219 1717 4285 enin

357 4314 536 4375 crescebant
559 4312 687 4394 epicycli
705 4315 735 4375 in
754 4311 906 4393 perigaeo,
932 4331 1020 4391 quam
1043 4330 1098 4391 pro
1118 4322 1206 4375 tanta
1219 4311 1529 4394 appropinquatione:
1554 4319 1717 4391 propterea

356 4422 449 4463 causa
472 4403 661 4480 deprehensa
684 4410 733 4463 est
760 4401 974 4462 retardationis
999 4401 1106 4472 altera,
1129 4421 1227 4482 qnam,
1251 4410 1285 4462 nt
1308 4401 1396 4462 modo
1419 4400 1492 4472 diri,
1517 4398 1548 4460 in
1571 4399 1714 4463 circum

355 4492 515 4570 aequantia
539 4490 733 4554 Ptolemaeus
757 4490 894 4551 contulit.
934 4491 966 4551 ln
988 4490 1061 4553 Sole
1081 4491 1233 4572 epicyclcs
1251 4490 1349 4552 nullus
1369 4487 1599 4570 requirebam
1623 4507 1713 4569 qnare

355 4580 468 4641 mansit
490 4580 538 4641 hic
562 4598 645 4641 error
667 4580 823 4641 hactenns.
870 4579 1085 4658 Deprehensua
1108 4588 1209 4642 tamen
1234 4590 1282 4641 est
1304 4599 1324 4640 s
1346 4597 1393 4641 me
1421 4576 1518 4659 primo
1549 4596 1608 4657 per
1639 4577 1711 4642 sab·

355 4667 438 4730 tilem
462 4669 705 4731 observationem
728 4668 868 4729 diametri
890 4669 1029 4741 visibilis,
1055 4678 1088 4731 nt
1112 4669 1191 4731 inira
1213 4668 1330 4742 dicam;
1354 4667 1463 4731 deinde
1485 4684 1542 4745 per
1563 4666 1711 4732 obssrrs·

354 4758 452 4818 tiones
484 4758 635 4841 'l'ychonis
666 4757 919 4838 exquisitissimae
951 4756 981 4817 in
1012 4758 1103 4819 stella
1126 4759 1236 4820 Martis
1269 4758 1405 4831 habitas,
1436 4766 1472 4819 ut
1498 4774 1554 4819 stc
1582 4755 1652 4821 loeo
1681 4767 1712 4816 st

354 4857 489 4927 tempore
514 4847 682 4928 explicabo.
730 4848 867 4926 Utraque
897 4845 1014 4907 ratione
1042 4855 1178 4921 constat,
1210 4846 1313 4910 Solem
1344 4846 1467 4910 dimidio
1489 4843 1588 4909 solem
1611 4844 1709 4926 spatio

354 4937 420 5016 ejus
451 4937 702 5010 eccentricitatie,
733 4936 810 5017 quod
835 4935 879 4997 illi
903 4935 942 4996 ab
964 4934 1149 5016 Albetegnio
1174 4945 1206 4998 et
1228 4936 1369 5018 Tychone
1398 4935 1554 5011 tribuitur,
1581 4954 1605 4998 a
1625 4934 1708 4998 nebit

354 5027 506 5094 recedere,
530 5027 633 5105 itaque
657 5036 689 5087 et
711 5026 741 5086 iu
765 5025 838 5089 Sole
860 5032 1043 5106 sequentem
1066 5025 1208 5089 cuculum
1230 5044 1370 5106 regnare.
