3692 5842
247 477 311 544 100
658 475 758 528 literae
776 475 879 541 Keplerl
897 475 1048 542 aliorumque
1065 483 1168 526 mutuae

244 657 317 706 modo
343 653 464 710 naturali,
494 655 558 703 sicut
576 653 644 703 calor
666 653 730 717 ignis
754 667 798 716 por
825 652 1032 715 propinquitatem
1051 659 1077 701 et
1099 652 1222 715 positum,
1249 648 1293 699 sed
1311 663 1357 713 per
1372 648 1452 698 solam
1477 648 1599 698 radiemur

245 728 408 777 reflexionem.
445 724 472 773 Si
491 724 533 774 Sol
550 727 576 773 iu
594 739 622 773 se
640 724 743 772 haberet
761 723 899 772 naturalem
917 724 966 770 viru
985 722 1148 778 adfaciendi,
1167 722 1258 785 ubique
1277 726 1303 769 et
1321 734 1419 784 semper
1436 719 1597 776 calefaceret,

243 806 295 846 tam
313 797 394 846 hieme
412 810 485 858 quam
506 802 611 850 aestate,
632 802 657 842 et
675 795 771 858 quidem
790 795 869 858 magis
888 793 969 841 hieme
988 793 1018 842 ob
1037 797 1155 856 majorem
1180 791 1399 856 propinquitatem.
1435 792 1471 839 Δι
1489 789 1531 840 Sol
1549 805 1598 840 non

243 870 278 917 sic
298 867 413 917 calefacit
425 873 454 916 nt
466 868 538 931 ignis,
558 880 604 914 nec
623 867 699 914 etiam
712 879 756 928 per
773 878 867 913 moram
885 877 961 926 snpra
978 863 1139 920 horizontem,
1157 865 1200 912 eed
1212 877 1257 927 per
1268 861 1494 911 reverberationem
1511 861 1598 910 solam.

242 939 329 1002 ltaque
347 951 406 987 vera
424 944 462 985 est
480 939 579 1000 opinio,
599 935 649 984 Soli
667 950 717 984 non
742 938 823 983 inesse
850 935 958 983 calorem
977 934 1021 983 sed
1045 934 1124 983 solam
1149 934 1211 984 lucis
1238 932 1402 997 qualitatem,
1431 946 1507 996 quam
1532 930 1600 980 calor

242 1011 339 1058 ntione
359 1008 443 1058 aliena
460 1022 504 1070 per
522 1008 678 1056 reflexionem
697 1015 815 1068 sequatur
832 1005 858 1053 in
878 1010 935 1053 aere
959 1010 1050 1054 natura
1069 1004 1157 1055 calido.
1191 1004 1349 1066 Experientia
1368 1016 1465 1067 quoquo
1483 1009 1599 1058 testatur,

243 1082 269 1129 in
288 1080 349 1129 loeis
369 1079 496 1128 nlaioribus
515 1077 566 1128 Soli
583 1078 732 1141 propioribus
750 1079 831 1138 majus
856 1076 932 1139 frigus
952 1089 1098 1139 essequam
1117 1074 1157 1125 bic
1174 1077 1200 1123 in
1220 1075 1298 1124 terris.
1336 1074 1423 1123 ando:
1442 1074 1464 1121 si
1482 1072 1599 1123 calores

242 1150 390 1206 missione,
409 1148 475 1198 unde
494 1149 522 1197 fit
539 1148 603 1212 quod
621 1148 698 1197 nnbes
718 1148 812 1196 aestivo
831 1152 940 1209 tempore
966 1147 1117 1212 conglaciari
1142 1148 1252 1209 possint,
1277 1159 1333 1195 cunr
1350 1145 1451 1194 rolleno
1470 1146 1496 1194 in
1514 1157 1598 1208 super·

242 1220 323 1271 ficiem
341 1221 413 1270 nubis
432 1219 525 1269 cadens
544 1220 617 1269 facile
635 1219 681 1268 hoc
704 1218 823 1281 impedire
842 1213 943 1279 possit?

331 1308 535 1388 Keplerns:
561 1306 750 1367 Sententiam
774 1325 870 1367 meam
899 1315 968 1386 pete
997 1325 1035 1366 ex
1059 1304 1131 1386 Opt.
1157 1303 1233 1384 Cap.
1259 1307 1284 1368 I.
1316 1324 1401 1385 prop.
1430 1303 1546 1366 ultimis
1569 1311 1600 1364 et

244 1394 320 1476 Cap.
338 1396 394 1458 VI.
419 1397 491 1457 item
511 1396 547 1455 de
571 1395 811 1455 reverberatione
831 1395 858 1454 in
874 1394 1087 1473 Disputatione
1108 1395 1144 1454 de
1164 1393 1359 1472 Astrologiae
1384 1392 1597 1454 fundamentis.

244 1485 290 1546 Tu
313 1484 428 1546 falleris
460 1483 643 1544 confundens
674 1483 866 1543 incidentium
890 1491 922 1543 et
951 1483 1234 1544 reverberationem.
1281 1481 1334 1543 Sol
1365 1500 1485 1562 semper
1514 1481 1599 1542 cale-

244 1572 318 1634 facit
351 1574 512 1633 secundum
544 1571 725 1632 incidentiae
758 1572 886 1631 modnm.
933 1571 1011 1632 Nam
1041 1590 1117 1631 anne
1151 1572 1333 1632 calefaceret
1359 1589 1418 1631 non
1452 1568 1599 1638 incidens,

243 1661 433 1740 quantumvis
457 1660 520 1739 ipse
546 1668 627 1720 totus
651 1659 780 1737 ignens?
803 1660 894 1721 Actio
919 1660 949 1719 fit
974 1677 1028 1737 per
1050 1666 1231 1721 contactum.
1278 1659 1348 1720 Jam
1376 1658 1501 1738 obliqua
1523 1656 1599 1720 inci·

243 1748 345 1810 dentia
370 1757 418 1809 est
440 1767 515 1827 pene
539 1748 621 1808 nnlla
645 1747 807 1808 incidentia
830 1748 883 1808 sed
908 1747 1056 1808 transitio.
1095 1748 1162 1808 Non
1184 1765 1255 1826 ergo
1279 1755 1397 1808 tanturn
1415 1765 1470 1826 per
1493 1764 1598 1808 rever·

244 1837 432 1899 beratinuem
455 1837 508 1897 sed
532 1836 624 1897 ctiam
648 1854 700 1914 per
724 1834 904 1897 incidentiae
930 1835 1140 1897 rectitudinem
1164 1835 1322 1897 calefactio
1347 1834 1461 1896 existit.
1510 1832 1599 1904 Quod

244 1933 344 1987 autern
368 1925 434 1985 loca
458 1926 521 1985 alta
551 1925 648 1985 minus
677 1925 789 1998 calida,
814 1943 871 1984 non
896 1924 1007 1984 debent
1029 1942 1102 1985 sane
1133 1943 1200 1985 esse
1229 1924 1329 1985 calida
1352 1922 1390 1983 ob
1421 1922 1598 2004 propinqui·

243 2023 339 2075 tatem
362 2014 400 2073 ad
416 2011 528 2088 Solem,
550 2032 626 2093 quae
646 2013 754 2073 nullius
774 2021 822 2073 est
841 2013 1001 2084 momenti3
1022 2013 1075 2072 sed
1095 2031 1204 2073 causae
1220 2021 1290 2073 sunt
1304 2012 1382 2073 aliae
1402 2011 1597 2073 sufficientes.

243 2102 364 2172 Primo,
399 2102 565 2162 calefacere
590 2101 630 2161 ibi
655 2099 757 2162 Solem
781 2120 867 2162 nenio
892 2100 1026 2178 negabit,
1051 2109 1083 2161 at
1106 2120 1162 2160 non
1188 2101 1231 2162 ita
1255 2100 1393 2172 fortiter,
1423 2099 1495 2178 quia
1518 2099 1602 2161 nulls

243 2190 457 2264 reverberatis,
483 2190 552 2270 qnia
580 2201 737 2248 ventosum
762 2189 802 2250 ibi
832 2199 863 2249 et
893 2189 1035 2250 continua
1062 2188 1260 2267 refrigeratio.
1309 2188 1368 2250 Ubi
1396 2187 1601 2249 reverberatio

243 2278 316 2339 nihil
347 2297 402 2358 per
431 2297 463 2339 se
498 2279 596 2355 ipsam
629 2285 731 2355 potest
759 2279 831 2348 (non
861 2285 909 2337 cst
941 2277 1126 2356 repercussis
1159 2277 1252 2336 radiis
1280 2277 1435 2337 definitum
1469 2275 1601 2356 spatium

244 2365 456 2445 longitudinis,
490 2366 563 2427 nihil
596 2365 674 2425 enim
707 2365 846 2425 obstante
879 2366 906 2425 in
941 2365 1116 2426 immensum
1148 2373 1287 2445 pergunt.
1340 2363 1438 2425 Recte
1471 2381 1601 2444 namque

242 2453 448 2515 Aristoteles:
479 2451 607 2534 σχιζεσιν
628 2453 750 2533 rixosae)
779 2453 831 2512 sed
855 2464 979 2532 propter
1007 2460 1116 2514 a‘erenr.
1164 2452 1288 2514 Scilicet
1315 2450 1520 2514 reverberatio
1544 2470 1601 2512 non

244 2553 387 2604 causatur
410 2543 540 2604 calorem
565 2543 591 2602 in
617 2551 726 2619 puncto
751 2541 799 2602 nbi
823 2543 856 2602 lit
879 2541 1098 2614 reverberatio,
1123 2542 1175 2602 sed
1194 2540 1234 2602 ibi
1258 2540 1307 2601 nbi
1332 2540 1520 2603 reverberati
1535 2559 1601 2602 curu

159 2673 167 2692 .
243 2630 444 2692 incidentibus
469 2630 669 2709 conduplicati
694 2638 874 2691 concurrunt
897 2640 929 2689 et
952 2629 1001 2690 nbi
1026 2630 1112 2689 adest
1133 2630 1261 2691 materia
1284 2629 1392 2691 idonea
1412 2648 1454 2691 sc.
1479 2647 1600 2690 crassus

244 2726 307 2780 adr.
355 2720 388 2780 Iu
414 2722 564 2780 montanis
596 2718 687 2796 igitur
711 2737 805 2796 neque
838 2737 958 2778 crassus
988 2724 1040 2778 aer
1073 2718 1117 2790 (in
1146 2718 1324 2790 verticibus,
1352 2718 1489 2796 inquam,
1514 2735 1600 2778 mon-

245 2808 335 2880 tium)
360 2826 456 2886 neque
481 2810 669 2875 consistens,
694 2815 727 2867 nt
750 2807 778 2866 in
811 2806 993 2867 cavitatibns
1022 2825 1206 2884 camporum,
1236 2825 1330 2886 neque
1362 2807 1536 2872 continuus,
1571 2815 1602 2865 ut

243 2896 272 2957 in
297 2894 497 2974 planitiebus,
532 2905 565 2956 nt
588 2895 726 2972 contagio
752 2895 840 2955 vicini
865 2895 955 2956 calidi
983 2895 1079 2972 magis
1112 2896 1292 2968 incalescat,
1321 2903 1462 2956 contactu
1487 2894 1601 2957 imbuat

244 2990 354 3045 adrem.
402 2983 490 3044 Adde
518 2991 550 3045 ct
582 2984 657 3057 hoc,
691 2984 834 3045 rotundos
868 3004 936 3044 esse
969 2983 1118 3058 vertices,
1153 3003 1210 3044 non
1244 2983 1351 3064 ubique
1384 2992 1475 3062 aptos
1509 2982 1601 3043 rectis

244 3069 425 3132 incidentiis.
1175 3089 1178 3094 ·

331 3160 405 3221 Alia
429 3157 506 3220 ratio
531 3167 578 3218 est
602 3177 654 3220 cur
677 3179 767 3243 snpra
789 3166 890 3220 aerem
915 3159 1009 3238 frigus
1031 3160 1071 3220 sit
1094 3179 1215 3221 merum.
1252 3160 1330 3220 Nam
1356 3157 1426 3239 quid
1450 3168 1499 3220 est
1523 3157 1601 3238 qnod

245 3247 298 3310 Sol
323 3246 508 3309 calefaciat?
549 3248 641 3308 Nulla
669 3267 742 3309 sane
767 3249 894 3308 materia
923 3248 1046 3320 idonea3
1076 3249 1181 3310 aether
1204 3248 1281 3309 enim
1306 3257 1354 3308 est
1377 3246 1466 3308 nimis
1491 3247 1599 3309 tennis.

243 3335 286 3397 Et
308 3337 402 3398 habes
427 3337 455 3398 in
479 3335 553 3396 meis
574 3334 702 3414 Opticis,
727 3337 842 3397 radium
862 3336 943 3397 Solis
966 3335 1005 3397 ibi
1030 3357 1087 3397 nnn
1112 3357 1189 3409 esse,
1214 3338 1267 3397 sed
1294 3336 1395 3397 fuisse.
1434 3337 1478 3399 Ut
1500 3337 1601 3416 pluma

243 3445 301 3488 nou
317 3426 423 3506 recipit
440 3424 602 3486 violentum
617 3436 739 3500 motum,
756 3426 798 3486 sic
814 3426 866 3485 illa
883 3425 1011 3485 materia
1026 3446 1082 3486 non
1105 3426 1212 3505 recipit
1231 3427 1370 3498 calorem,
1387 3425 1482 3505 frigus
1499 3425 1600 3504 igitur.

331 3516 376 3578 At
399 3533 490 3596 qnare
515 3513 685 3592 glacientur
709 3514 827 3574 nubes?
851 3514 981 3574 Primum
1006 3533 1180 3594 vaporque
1205 3514 1368 3575 ferventior
1391 3514 1448 3575 lroc
1471 3513 1600 3576 celerius

246 3604 403 3676 ascendit;
437 3602 529 3682 igitur
562 3603 681 3663 delatus
706 3612 793 3662 extra
826 3613 922 3662 rnetas
957 3604 1036 3662 aivis
1070 3604 1193 3664 infertur
1226 3603 1351 3665 dimidia
1381 3603 1426 3663 sni
1459 3602 1601 3680 partein

243 3693 396 3753 aetherem
422 3691 578 3770 frigidum,
605 3691 698 3769 l'rigns
724 3690 801 3751 enim
831 3699 878 3750 est
902 3691 1023 3768 negatio
1042 3693 1160 3753 caloris.
1198 3693 1304 3770 Frigus
1324 3690 1459 3751 sentiens
1483 3691 1603 3771 cogitur

243 3789 274 3841 et
307 3788 392 3858 tergo
427 3780 557 3840 sustinet
588 3778 689 3840 Solem
723 3799 781 3840 non
816 3780 1053 3857 frigefacientern
1087 3782 1139 3841 sed
1174 3780 1411 3841 calefacientem.
1459 3781 1504 3840 At
1533 3779 1603 3860 quia

242 3867 357 3944 seipse
383 3867 468 3944 tegit,
493 3868 576 3927 calor
601 3868 650 3928 ille
675 3886 711 3928 ex
736 3867 817 3928 Solis
843 3869 912 3939 ictu,
938 3878 970 3928 ιιι
994 3869 1043 3947 qni
1067 3870 1202 3929 estsine
1227 3871 1289 3929 fere
1313 3888 1405 3942 mora,
1431 3888 1490 3929 non
1515 3877 1601 3930 creat

243 3955 374 4034 speciem
404 3955 513 4014 caloris
545 3956 583 4014 ad
617 3955 760 4016 interiora
792 3965 1010 4034 penetrantem.
1057 3958 1106 4017 Fit
1139 3958 1230 4036 igitur
1264 3967 1296 4017 nt
1329 3976 1446 4017 summa
1478 3956 1602 4035 vaporis

243 4042 378 4104 nebulosi
403 4044 599 4120 coagulentur
623 4044 651 4104 in
676 4063 799 4123 aquam,
834 4045 992 4119 interiora,
1027 4065 1105 4124 aqua
1130 4048 1226 4116 facta,
1256 4047 1294 4107 ob
1324 4046 1475 4107 defectum
1504 4045 1601 4108 omitia

243 4133 353 4194 caloris
377 4132 469 4193 ctiam
493 4133 688 4210 congelentnr
712 4144 802 4214 atque
826 4135 869 4195 sic
893 4135 1084 4213 pluviarum
1118 4135 1262 4214 grandine
1291 4134 1426 4205 decidat,
1450 4153 1601 4214 nunquam

241 4222 357 4300 grando
381 4221 457 4282 sola.

331 4327 517 4376 Fabricius:
546 4323 572 4374 Sl
591 4324 633 4375 Sol
652 4327 747 4376 calidus
766 4342 809 4390 per
827 4343 853 4377 so
873 4336 899 4377 et
917 4343 961 4391 per
986 4328 1156 4383 reflexionem,
1183 4341 1226 4377 cur
1249 4343 1299 4377 nou
1325 4329 1401 4377 etiem
1425 4326 1515 4378 stellae
1533 4328 1600 4379 calo·

241 4399 343 4468 faciunt,
363 4413 419 4448 cum
439 4399 474 4445 vis
493 4409 577 4446 earum
596 4399 621 4445 in
640 4413 715 4446 uuum
735 4406 883 4448 coacervata
902 4410 1021 4462 aequaret
1041 4399 1104 4447 Solis
1124 4413 1210 4463 corpus
1229 4406 1255 4447 et
1274 4399 1438 4449 calefaciendi
1457 4399 1544 4449 vires?

330 4487 534 4565 Keplerus:
569 4484 681 4564 Optica
714 4488 795 4547 adito
824 4499 854 4547 et
883 4489 1091 4548 Fundamenta
1119 4487 1323 4566 astrologiae.
1369 4488 1525 4567 Analogia
1551 4497 1602 4550 est

241 4573 476 4655 exquisitissima
501 4574 574 4635 lucis
599 4585 629 4635 et
652 4575 781 4645 caloris;
814 4577 837 4636 si
864 4577 1021 4636 universae
1046 4578 1153 4636 stellae
1186 4576 1355 4648 verticales‚
1382 4575 1597 4652 horizontales,

242 4674 392 4742 nequeunt
420 4665 538 4723 efficere
567 4663 715 4723 claritatis
747 4664 870 4723 diurnae
901 4665 1090 4725 millesimam
1119 4675 1250 4742 partem,
1282 4665 1352 4744 quid
1382 4665 1487 4727 mirum
1511 4666 1539 4728 si
1563 4685 1600 4726 ue

242 4752 350 4812 caloris
374 4751 493 4830 quidem
518 4750 643 4812 Solaris.
690 4751 739 4812 h'il
773 4751 862 4830 igitur
893 4754 1018 4831 impedit
1050 4754 1186 4828 credere,
1220 4773 1286 4814 cnm
1315 4753 1448 4833 ipsarum
1481 4772 1600 4836 quoque

243 4838 308 4898 lnce
332 4842 462 4900 calorem
485 4840 738 4919 proportionalem
763 4860 842 4900 esse.

331 4926 521 4976 Fabricius:
543 4929 615 4987 Quae
635 4941 712 4977 cansa
730 4936 781 4982 est.
808 4928 871 4991 quod
894 4929 1052 4991 paraselenes
1071 4930 1255 4980 semidiameter
1273 4929 1374 4980 dimidia
1398 4943 1497 4995 semper
1514 4933 1548 4981 sit
1567 4931 1600 4982 ad

242 4994 309 5048 tntis
328 4997 544 5055 semidiametrurn,
564 5012 628 5061 quae
647 5006 685 5048 est
704 4997 761 5054 45¹⁸,
780 5008 807 5048 nt
826 5001 877 5062 ipse
897 5000 1026 5063 aliquoties
1044 5000 1193 5051 observari?
