3692 5842
238 480 303 546 ssa
817 476 846 526 1n
866 473 1009 540 napea„
1057 521 1072 547 .

239 676 291 719 seu
317 655 536 735 inconspicuas,
561 654 679 716 omnino
702 671 813 732 magna
835 652 921 714 fieret
943 651 1084 714 refractio
1114 651 1274 714 radiorum.
1319 652 1401 716 Nam
1421 653 1501 734 ignis
1520 653 1571 716 ideo

239 745 394 825 superiora
416 744 520 824 petit,¹
540 742 610 824 quia
633 743 776 804 tenuioris
805 748 853 803 est
880 741 1069 803 substantiae
1097 760 1187 821 qnam
1210 748 1273 806 abr.
1321 743 1365 806 Ut
1387 743 1466 804 enim
1486 743 1573 805 inflate

239 835 344 895 vesica
367 852 404 894 ex
428 852 524 913 aquae
546 832 693 911 profundo
718 831 845 910 emergit
875 831 1007 909 pondere
1036 849 1131 909 aquae
1159 849 1278 892 sursum
1309 832 1404 906 elisa,
1435 832 1479 894 sic
1500 830 1573 894 etim
1620 881 1624 896 .

239 924 328 1003 ignea
351 920 524 983 substantia
547 939 669 981 causam
694 939 837 981 ascensus
861 920 906 980 sui
931 920 1141 981 extenuitate
1164 940 1221 981 sna
1243 921 1451 1002 consequitur,
1474 919 1575 1000 pellitur

240 1012 319 1073 enim
343 1031 361 1071 a
385 1009 567 1072 circumduxi
591 1009 670 1069 aeris
695 1008 833 1069 crassiori
858 1026 993 1086 corpore.
1454 1017 1458 1024 ·

330 1098 405 1161 Cum
429 1098 521 1176 igitur
543 1097 659 1178 physici
682 1097 799 1171 dicant,
824 1116 915 1176 supra
938 1097 1040 1176 capita
1062 1105 1177 1158 uostra'
1195 1096 1407 1159 circumfusam
1430 1115 1498 1159 esse
1519 1097 1576 1158 sub-

239 1190 384 1250 stantiam
409 1187 588 1267 pellucidam
613 1186 778 1247 tenuiorem
803 1192 872 1247 aere
889 1185 945 1246 hoc
968 1197 1081 1259 nostro,
1107 1204 1216 1264 negare
1239 1206 1297 1248 nou
1320 1195 1473 1266 poterunt,
1496 1185 1577 1248 radiet

240 1277 403 1338 visibilium
427 1276 456 1337 in
481 1275 611 1336 transitu
635 1275 792 1336 confinium
817 1274 911 1336 crassi
935 1274 1014 1336 ueris
1038 1285 1069 1334 et
1092 1273 1171 1353 ignis
1194 1274 1341 1337 tenuioris
1365 1275 1577 1356 superficierum.

242 1384 417 1446 quacunque
441 1364 560 1443 oblique
592 1372 767 1437 transcunt,
799 1364 941 1441 refringi:
974 1370 1133 1424 transeunt
1163 1374 1264 1425 autern
1295 1364 1417 1444 oblique
1439 1364 1480 1430 ad
1502 1364 1579 1426 locon

242 1454 412 1534 spectantis
434 1463 556 1532 praeter
579 1471 668 1513 unum
693 1471 805 1513 omnes.
843 1453 983 1532 Undique
1006 1452 1097 1531 igitur
1120 1470 1249 1532 magnae
1271 1453 1380 1514 fierent
1402 1453 1580 1515 refractione

242 1544 402 1605 radiorum.

331 1629 509 1708 Argumenti
534 1629 580 1690 vis
604 1629 809 1708 experimento
833 1629 926 1690 veluti
951 1630 989 1690 ad
1013 1629 1129 1691 oculum
1153 1627 1296 1708 explicari
1319 1637 1436 1708 potest.
1483 1628 1582 1690 Lucest

243 1719 298 1782 Sol
329 1728 433 1780 contra
471 1718 628 1798 parietem.
685 1719 881 1780 luterlocetur
916 1717 1099 1779 thuribulum
1133 1736 1200 1779 curn
1233 1718 1415 1781 carbonibus
1447 1715 1583 1781 vicimo

244 1808 422 1886 tranquillus
447 1807 487 1867 sit
511 1813 576 1880 aer,
601 1826 638 1867 ex
667 1807 817 1869 thuribulo
840 1815 926 1869 recta
956 1808 1100 1868 ascendet
1131 1807 1212 1868 rivus
1243 1806 1364 1886 quidam
1396 1808 1504 1887 igneae
1525 1805 1585 1867 sub-

245 1897 393 1970 stantiae,
426 1896 506 1956 nullo
539 1895 617 1956 fumo
648 1895 798 1968 immixt03
832 1896 876 1956 sin
902 1896 1041 1956 ventuius
1069 1896 1214 1969 interflet,
1247 1895 1330 1957 rivus
1354 1897 1405 1958 ille
1433 1913 1536 1976 parum
1553 1891 1584 1954 etl

246 1987 326 2048 latus
351 1985 493 2046 deflectet
516 1992 605 2044 rento
636 1985 820 2063 concedens,
846 2004 964 2045 sursum
989 1995 1088 2044 tamen
1117 1983 1311 2046 undulatioue
1336 2004 1393 2046 sua
1420 1984 1584 2046 scaturiens.

245 2075 355 2136 Rivum
380 2074 456 2133 hunc
480 2072 559 2151 ignis
582 2073 677 2134 oculis
702 2092 758 2134 non
787 2074 993 2153 consequeris,
1026 2073 1134 2152 qnippe
1163 2074 1262 2134 colore
1285 2074 1365 2135 omni
1394 2087 1544 2136 carentem
1562 2083 1586 2132 et

166 2160 169 2166 ’
246 2163 438 2243 pellucidum.
485 2164 529 2222 At
552 2159 577 2221 si
608 2162 753 2240 parietem
771 2155 956 2241 ¹oppositum
989 2161 1138 2240 aspicias,
1172 2169 1299 2223 tremere
1333 2162 1452 2224 uidebis
1481 2161 1588 2224 umbrat

247 2271 344 2313 rerum
370 2259 455 2311 trans
479 2269 603 2329 prunam
627 2249 656 2310 in
673 2249 745 2312 Sole
768 2252 944 2330 positarum,
970 2270 1045 2329 quae
1068 2252 1191 2311 umbrae
1210 2268 1265 2330 per
1289 2251 1365 2313 hunc
1390 2251 1469 2331 iguis
1493 2251 1588 2312 oaxen

246 2339 445 2419 trajiciuntur.
494 2338 618 2400 Tremor
641 2357 711 2399 rere
741 2349 840 2401 motus
871 2340 988 2419 species
1012 2347 1070 2400 est.
1118 2340 1226 2419 Itaque
1255 2340 1333 2401 radii
1357 2338 1441 2402 Solis
1471 2338 1589 2400 umbrato

247 2426 526 2491 circumscribentes
550 2436 690 2502 tremunt,
715 2425 877 2508 propterea
899 2429 976 2508 quod
1002 2427 1206 2489 ebullitionem
1235 2429 1318 2490 illam
1350 2429 1471 2506 igneam
1500 2437 1589 2490 tram·

248 2527 354 2579 euntes
385 2518 580 2594 franguntur,
612 2516 699 2596 idque
731 2517 812 2578 varie
836 2536 889 2597 pro
917 2517 1002 2577 varia
1035 2517 1255 2595 superficierum
1284 2517 1365 2579 illius
1395 2519 1494 2580 fluxus
1523 2513 1590 2596 ignei

248 2605 536 2669 transformatione:
568 2624 605 2665 ex
629 2624 686 2685 qua
715 2606 898 2668 inconstanti
931 2606 1090 2667 inflexione
1119 2604 1267 2667 radiorum
1292 2605 1321 2666 in
1346 2607 1501 2686 superficie
1524 2603 1592 2667 illius

249 2694 432 2758 ebullitionis
457 2695 587 2755 resultat
620 2694 795 2756 inconstans
819 2696 909 2756 etiam
944 2695 1118 2756 inflexorum
1142 2712 1194 2755 seu
1218 2694 1417 2757 refractorum
1445 2693 1593 2756 incidentia

249 2787 278 2846 in
303 2783 463 2863 parietem,
490 2783 730 2862 inconstansque,
756 2784 812 2844 hoc
837 2793 885 2844 est
907 2793 1049 2856 tremens,
1074 2783 1196 2845 umbrae
1219 2783 1379 2862 projectio.
1427 2785 1495 2846 Hoc
1516 2782 1594 2861 igitur

250 2871 456 2952 experimento
481 2881 612 2943 constat,
637 2872 737 2932 radios
762 2872 837 2933 lucis
853 2872 881 2932 in
905 2873 1060 2950 superficie
1085 2872 1191 2950 igneae
1215 2872 1419 2947 substantiae,
1444 2880 1593 2953 quantum·

249 2962 296 3022 vis
319 2960 516 3039 inconspicua
539 2961 588 3032 sit,
612 2960 798 3022 sensibiliter
821 2961 953 3038 refringi.
995 2961 1088 3022 h'ulla
1111 2960 1203 3039 igitur
1226 2961 1297 3021 talis
1323 2960 1413 3040 ignea
1436 2958 1596 3023 substantia

250 3050 305 3112 sub
329 3050 412 3110 coele
441 3069 577 3127 expansa
601 3060 648 3110 est
676 3051 788 3110 uostris
817 3049 973 3110 imminens
1002 3050 1168 3128 capitibus,
1202 3068 1298 3129 neque
1329 3052 1481 3112 fluctuans
1513 3065 1596 3129 neque

251 3139 423 3218 tranquilla,
449 3140 519 3217 quia
542 3138 753 3199 observatores
778 3139 908 3201 siderum
934 3139 1053 3211 nullam,
1079 3158 1174 3217 neque
1199 3140 1357 3201 tremulam
1381 3138 1597 3219 deprehendunt

251 3229 406 3290 stellarum
434 3227 645 3288 refractionem
676 3227 790 3307 locique
824 3228 1074 3307 permutationem
1103 3246 1198 3305 neque
1226 3237 1434 3302 constantem,
1470 3247 1545 3308 quae
1565 3225 1597 3286 sit

251 3324 491 3377 commensurata
514 3317 625 3396 figurae
650 3317 796 3394 sphaerae
825 3319 948 3395 igneae3
979 3316 1105 3395 denique
1129 3316 1242 3377 nullam
1266 3316 1357 3378 aliam
1386 3325 1512 3398 praeter
1532 3333 1598 3386 eam.

254 3426 329 3485 quae
354 3413 402 3466 est
425 3406 591 3483 superficiei
617 3405 706 3466 aeris.

340 3496 405 3554 lloc
430 3495 630 3554 firmissimum
664 3503 868 3572 argumentum
901 3494 982 3553 l’eua
1014 3511 1128 3553 rursum
1162 3501 1276 3553 tractat
1309 3492 1451 3555 incaute:
1485 3494 1599 3572 dumque

252 3603 351 3644 muros
376 3583 474 3661 quatit
497 3583 644 3662 sphaerae
669 3584 785 3661 igneae,
810 3582 899 3642 nimio
920 3582 1024 3641 arietis
1044 3582 1132 3659 hujus
1152 3581 1280 3660 impulsu
1296 3604 1314 3644 a
1328 3602 1362 3642 se
1378 3583 1445 3660 ipse
1470 3582 1599 3643 laeditur.

251 3674 346 3734 Putat
369 3673 407 3731 ad
431 3671 603 3733 manitatem
623 3672 791 3751 argumenti
814 3671 974 3749 pertinere,
999 3670 1024 3729 si
1039 3671 1128 3749 plane
1146 3671 1244 3731 nullas
1259 3670 1389 3732 siderum
1414 3671 1601 3734 refractiores

252 3762 404 3822 admittat.
453 3762 559 3839 ltaque
592 3780 649 3821 non
684 3761 802 3821 dubitat
835 3760 928 3820 etiarn
961 3758 1222 3820 observationibus
1251 3768 1493 3821 astronomorum
1525 3760 1601 3822 fidem

253 3851 414 3928 derogare,
450 3868 525 3928 quas
558 3849 685 3910 Vitellio
720 3850 851 3911 adducit.
904 3848 1033 3909 Dixerat
1062 3846 1204 3919 Vitellio,
1236 3849 1360 3928 refringi
1392 3850 1497 3911 radios
1528 3846 1601 3918 lucis,

253 3938 342 4016 idque
367 3940 395 3998 iu
420 3939 507 3999 Luna
540 3938 665 4010 sentiri,
700 3939 783 4016 cujus
816 3956 907 4015 saepe
937 3937 997 3997 aliu
1030 3936 1168 3997 rideatur
1200 3936 1345 4010 latitudo,
1377 3958 1467 4017 quarn
1496 3937 1602 4019 qualem

255 4028 377 4088 tabulae
404 4038 534 4088 motuum
560 4026 734 4088 admittant.
782 4027 866 4087 Pena
889 4026 1027 4098 occinuit,
1052 4044 1110 4085 non
1136 4043 1203 4085 esso
1228 4025 1256 4086 iu
1281 4045 1375 4087 causa
1399 4029 1603 4089 refractionem

254 4116 307 4176 sed
332 4116 512 4195 paralium,
538 4135 600 4177 rem
623 4125 723 4176 notam
749 4114 942 4176 astronomis.
980 4114 1059 4175 hlira
1086 4114 1254 4174 mehercule
1281 4115 1393 4195 uegolii
1417 4116 1603 4198 perplexitas.

253 4206 332 4268 Nam
358 4214 388 4265 et
417 4215 541 4283 uterque.
577 4222 676 4265 rerum
711 4205 820 4282 dogma
852 4203 946 4264 hahet
975 4212 1005 4262 et
1036 4210 1159 4283 uterque
1188 4202 1217 4264 id
1245 4203 1476 4284 irnpertiueuter
1508 4203 1605 4286 probat

254 4296 389 4373 interque
410 4294 594 4373 probandum
618 4294 645 4352 in
667 4313 783 4354 errores
809 4292 911 4353 incidit
933 4292 1012 4352 circu
1033 4311 1081 4352 res
1102 4300 1258 4371 cognatas.
1285 4293 1367 4355 Vere
1389 4294 1464 4356 dicit
1479 4291 1604 4360 Vitellio,

255 4384 429 4460 contingere
456 4381 677 4442 incurvationes
701 4383 851 4443 radiorum
877 4381 1050 4442 sideralium
1069 4382 1107 4441 ob
1132 4381 1314 4443 densitatem
1339 4382 1430 4443 airis.
1479 4383 1559 4444 Vere
1579 4391 1605 4440 et

256 4473 310 4533 hoc
335 4473 424 4545 dicit,
461 4472 515 4531 sed
545 4471 685 4544 lhrtuito,
719 4472 746 4531 id
780 4472 807 4531 in
832 4472 918 4531 Luna
952 4469 1144 4547 deprehendi.
1192 4469 1253 4531 Sed
1278 4472 1356 4551 quod
1387 4469 1605 4552 praesupponit,

257 4562 322 4621 loca
351 4562 455 4621 Lunae
489 4560 648 4622 irrel'racta
679 4579 714 4619 ex
749 4562 863 4620 calculo
898 4559 976 4618 illius
1009 4559 1054 4618 sui
1089 4560 1232 4638 temporis
1264 4560 1434 4623 certissime
1470 4557 1605 4641 depromi.

256 4668 350 4728 eoque
379 4649 513 4728 regulum
543 4648 651 4711 stu'tuit
685 4649 939 4710 aestimaudaruru
974 4646 1215 4709 observationum
1241 4657 1274 4709 et
1297 4650 1605 4728 deprehendendarum

257 4756 310 4815 per
334 4758 386 4798 eas
411 4739 638 4808 refractiouum‚
664 4738 856 4798 vehementer
880 4737 999 4816 quidem
1028 4736 1171 4816 deceptus
1198 4738 1261 4798 fuit.
1311 4738 1419 4818 ltaque
1444 4759 1501 4800 non
1527 4737 1605 4800 facile

258 4825 397 4899 dixerim,
432 4837 501 4885 ante
531 4827 701 4907 Tychoncrn
732 4827 829 4886 lirahe
854 4846 872 4885 a
901 4844 1047 4905 quoquam
1079 4826 1283 4906 deprehensus
1316 4847 1384 4886 esse
1417 4828 1606 4889 retractiones

260 4913 371 4987 Lunae,
407 4933 464 4974 non
490 4923 605 4975 tantum
630 4915 667 4974 oh
692 4915 933 4975 incertitudinem
965 4915 1079 4995 antiqui
1104 4916 1226 4989 calculi,
1258 4915 1312 4976 sed
1336 4916 1428 4977 etiarn
1452 4917 1491 4978 ob
1514 4913 1605 4994 negli-

259 5003 391 5078 gentiam
423 5002 650 5064 observatorum
683 5003 824 5080 priorum.
872 5003 1079 5081 Deprehendit
1111 5013 1212 5063 autem
1244 5003 1383 5066 Braheus
1415 5005 1605 5068 retractiones
