3692 5842
336 450 402 524 204
808 455 1001 520 Puthponena
1017 455 1044 506 in
1062 453 1228 506 mulonem.

336 629 624 700 demonstrationem
646 632 767 707 attinet,
792 649 830 693 ea
851 640 957 694 manet
980 629 1152 694 Archimedi
1179 627 1380 694 nibilominus·
1424 626 1508 692 um
1529 625 1633 690 tinen
1652 626 1694 690 sic

336 716 444 780 dnctne
469 718 507 780 ab
530 718 676 780 extremis
698 719 742 782 rei
766 718 910 794 visibilis,
942 728 976 783 nt
998 718 1175 797 contingent
1197 718 1290 782 ulem
1319 715 1505 798 cylindrum.
1536 714 1694 795 seqrrlsn

336 805 458 887 penitus
491 805 587 880 visui,
620 806 801 870 collocutum
829 808 858 871 in
882 831 903 870 α
932 808 1110 883 (schematis
1131 803 1202 880 85),
1232 824 1293 870 non
1324 823 1445 887 semper
1465 803 1694 870 coincidntin

336 901 471 957 centrum
503 893 603 955 vitrei.
650 894 774 958 Dictum
807 897 886 959 enim
909 907 960 960 est
990 915 1096 976 snpra.
1129 895 1156 957 si
1183 914 1221 957 ex
1249 892 1370 976 punctis
1398 912 1503 958 rernm
1534 890 1695 958 eththa

336 982 518 1045 ducerentur
549 989 671 1058 rectae,
704 985 886 1049 transituras
918 993 1053 1048 centrum
1077 985 1134 1047 hoc
1156 992 1189 1047 et
1219 981 1485 1065 perpendiculares
1507 982 1540 1046 in
1568 980 1695 1046 renna

337 1068 511 1142 somnust)
558 1068 608 1132 Sit
631 1088 703 1150 ergo
727 1071 756 1131 in
785 1074 939 1136 schemate
960 1069 1014 1137 86.
1039 1074 1054 1134 1
1077 1081 1213 1136 centrum
1236 1070 1352 1134 retinas
1375 1078 1409 1133 et
1428 1089 1469 1133 ex
1490 1068 1531 1140 0,
1551 1069 1584 1134 D
1606 1070 1695 1149 peri

336 1159 484 1220 ducantur
507 1158 536 1219 in
561 1158 690 1220 retinam
715 1158 784 1232 CM,
807 1161 876 1222 DN.
923 1163 1021 1224 Erunt
1045 1162 1087 1230 Μ,
1110 1162 1139 1224 N
1162 1160 1378 1241 propemodum
1399 1160 1469 1222 loce
1497 1158 1640 1239 picturus
1660 1155 1696 1226 C.

335 1245 364 1310 D
386 1263 441 1326 per
464 1263 555 1325 snpra
578 1247 674 1320 dicta,
698 1249 834 1327 quamvis
858 1248 900 1323 C,
923 1251 952 1312 D
975 1269 1034 1312 non
1057 1250 1147 1330 piane
1172 1249 1258 1312 lineis
1281 1247 1357 1321 Chi,
1381 1245 1456 1323 DN,
1477 1247 1536 1312 eet
1556 1245 1696 1312 retrado

335 1341 368 1404 er
389 1333 515 1396 alterius
538 1333 616 1396 situs
638 1354 707 1397 sese
730 1336 893 1416 pinxerint.
930 1339 975 1401 Ut
997 1338 1088 1417 igitur
1111 1338 1155 1398 rei
1178 1338 1261 1399 visae
1284 1334 1403 1398 termini
1425 1353 1493 1398 curu
1515 1331 1575 1400 01)
1599 1353 1696 1416 qm·

339 1420 429 1486 titate
453 1441 508 1502 per
529 1422 676 1486 visionem
699 1424 825 1486 connexi
849 1436 958 1487 coeunt
980 1425 1009 1487 in
1033 1426 1047 1486 I
1070 1434 1186 1498 centro,
1208 1433 1331 1504 oportet
1352 1423 1417 1503 ejus
1439 1421 1587 1486 terminos
1608 1423 1697 1503 ptus

337 1519 508 1589 competere
532 1508 560 1572 in
583 1511 656 1585 MK,
681 1512 749 1584 ΙΙΙ,
773 1523 806 1574 nt
828 1512 855 1574 si
878 1533 927 1575 res
950 1513 1017 1574 vise
1040 1513 1163 1588 sitKL,
1186 1531 1264 1593 quse
1287 1512 1313 1574 si
1335 1513 1432 1576 minor
1453 1520 1488 1576 et
1509 1511 1697 1576 0⁰an

338 1598 439 1673 luerit,
463 1608 643 1661 concurrent
658 1600 877 1664 Archimedese
892 1602 989 1664 lineae
1007 1612 1078 1682 post
1097 1603 1121 1674 Ι,
1144 1602 1192 1664 sin
1208 1600 1307 1675 latior,
1330 1608 1403 1662 ante
1420 1601 1447 1666 Ι.
1484 1601 1598 1679 ltaque
1620 1599 1697 1680 qud

337 1686 436 1768 ipsum
459 1685 542 1749 Solis
565 1687 744 1750 diametrum
767 1688 892 1764 attinet,
924 1689 954 1750 in
979 1708 1039 1768 qua
1061 1690 1214 1752 metienda
1235 1688 1434 1752 Archimedes
1457 1687 1511 1752 iiio
1534 1689 1604 1752 loco
1626 1705 1696 1750 ver·

337 1782 433 1849 satur,
453 1775 637 1838 contractior
657 1776 711 1838 illa
724 1785 773 1838 est
787 1797 876 1856 qnam
892 1785 926 1841 nt
940 1778 1096 1857 complexu
1110 1779 1184 1840 ΚΠ,
1198 1778 1248 1839 vel
1262 1775 1334 1839 (ΙΙΙ)
1347 1785 1498 1851 tenentur,
1520 1793 1618 1857 quare
1630 1775 1695 1849 KG,

335 1861 392 1926 LD
413 1862 455 1935 (si
472 1862 529 1924 KL
550 1864 592 1925 sit
611 1863 681 1936 Sol)
701 1874 772 1946 post
793 1865 809 1930 1
828 1874 946 1939 coeunt,
967 1884 1096 1945 vereque
1116 1867 1244 1946 angulus
1266 1864 1401 1945 proxime
1415 1865 1514 1928 minor
1532 1875 1585 1928 est
1602 1865 1695 1943 justo.

424 1950 480 2014 Ille
505 1970 575 2013 vero
589 1951 690 2017 Rnbhi
712 1953 802 2028 Levi,
829 1955 914 2034 cnjus
939 1956 1031 2017 verba
1046 1951 1282 2018 Commendinns
1304 1953 1399 2016 refert
1420 1954 1449 2016 in
1473 1952 1698 2020 commentariis

338 2055 429 2119 snper
456 2038 534 2101 hunc
557 2041 790 2104 Archimedenm
824 2043 937 2114 locum,
951 2038 996 2117 ⁸⁶)
1025 2061 1082 2104 non
1114 2042 1248 2124 neglexit
1271 2041 1362 2104 etiam
1387 2041 1471 2104 rsdio
1493 2041 1697 2104 astmnornieo

334 2126 573 2209 profunditatem
596 2127 686 2208 hujus
708 2132 811 2209 puncti
835 2150 997 2194 concursus
1012 2131 1216 2211 investigare:
1240 2129 1429 2210 prodiditque
1447 2129 1547 2211 ipsum
1566 2129 1697 2192 missis

336 2214 418 2296 globi
443 2224 588 2289 centmm,
614 2218 692 2298 qnod
716 2237 784 2280 sese
807 2220 853 2281 nit
869 2218 1021 2282 iuvenisse
1035 2230 1196 2300 postquam
1219 2229 1353 2301 promnde
1373 2228 1497 2286 maximo
1517 2244 1583 2284 eun
1600 2227 1698 2284 mum

339 2313 503 2386 quaesisset.
548 2303 616 2375 Quo
639 2306 757 2368 nomine
782 2308 904 2370 mirifice
933 2308 1089 2370 confirmat
1118 2328 1168 2382 ea,
1201 2327 1279 2389 quse
1302 2325 1395 2386 suprs
1416 2306 1491 2370 Nro.
1515 2303 1547 2370 2
1570 2305 1698 2370 nicete-

336 2411 411 2454 mus.
459 2391 604 2455 Centrum
627 2394 706 2455 enim
730 2394 845 2458 vitreae
869 2396 1032 2475 sphaerae.
1056 2398 1135 2477 qnod
1157 2394 1314 2458 concursui
1336 2394 1527 2475 imaginario,
1550 2394 1579 2458 si
1603 2393 1698 2457 lineas

336 2480 527 2555 ducerentur,
552 2481 770 2545 destinavimus
794 2493 826 2545 et
848 2484 928 2549 circa
952 2485 1030 2565 qnod
1055 2486 1211 2547 ordinatur
1238 2484 1356 2563 pictura
1378 2503 1427 2545 res
1449 2491 1696 2564 repraesentas,

337 2568 367 2631 id
391 2568 511 2649 inquam
536 2578 669 2632 centrum
698 2579 746 2634 est
773 2571 861 2635 simui
894 2581 927 2636 et
955 2573 1072 2635 retinae
1104 2582 1136 2634 et
1158 2591 1251 2635 ureae
1280 2581 1312 2632 et
1341 2572 1430 2634 nlbse
1463 2590 1519 2634 eeu
1551 2571 1698 2634 scierodis

335 2656 469 2720 tunicae:
494 2658 620 2737 ideoque
644 2667 677 2720 et
699 2660 793 2723 totius
816 2660 897 2740 globi
921 2661 1051 2724 ocularis
1074 2670 1219 2722 centrum.
1256 2661 1337 2724 Nam
1360 2660 1439 2741 quod
1461 2658 1625 2724 Rahhinus
1648 2658 1697 2720 ills

336 2743 431 2815 addit,
455 2746 606 2808 invenisse
629 2766 663 2809 se
688 2748 719 2811 id
740 2760 882 2828 punctum
905 2749 937 2810 in
960 2759 1064 2811 centro
1087 2749 1179 2824 visus,
1209 2760 1281 2830 quon
1301 2758 1340 2813 sit
1358 2758 1388 2813 in
1406 2765 1503 2814 santra
1522 2756 1697 2813 humidiutis

338 2845 514 2919 congelatae,
539 2834 569 2895 id
593 2854 631 2897 ex
645 2837 812 2911 Alhateno,
838 2857 891 2898 suu
915 2837 1096 2910 contribule,
1120 2837 1170 2918 qui
1192 2838 1250 2899 hoc
1271 2853 1487 2902 conuntsnsnm
1506 2862 1559 2900 een
1579 2861 1699 2919 usqne·

336 2950 400 2988 esse
421 2939 524 2997 censet,
549 2923 749 3004 descripsisse
771 2925 905 2994 videtur,
930 2926 1010 3005 quod
1037 2925 1169 2988 indidem
1191 2935 1225 2986 et
1247 2925 1374 2987 Vitellio
1397 2925 1427 2986 in
1450 2924 1509 2997 ΙΙΙ,
1535 2924 1565 2987 i.
1593 2935 1698 2988 usus·

334 3011 424 3084 tulit,
450 3010 639 3091 experientia
671 3031 742 3075 vero
766 3014 939 3075 eustomicn
961 3013 1127 3077 clarissime
1151 3013 1280 3084 refutat,
1313 3013 1467 3075 affirmans
1489 3011 1698 3092 crystallinum

338 3099 491 3160 humorem
515 3118 583 3160 esse
607 3099 674 3162 ioco
698 3102 848 3163 anteriore
872 3121 962 3182 quam
985 3111 1034 3166 est
1056 3109 1190 3164 centmm
1205 3102 1297 3181 globi,
1323 3111 1356 3162 et
1374 3100 1564 3180 superliciem
1578 3101 1699 3181 quidem

341 3185 406 3266 ejus
429 3186 611 3248 anteriorem
640 3190 802 3270 depressae
833 3190 1040 3265 rotunditatis,
1069 3210 1127 3252 non
1151 3189 1389 3270 protuberantis.
1435 3189 1472 3251 Iu
1495 3190 1609 3252 ceteris
1632 3189 1698 3252 lle·

342 3275 452 3337 hreeus
476 3274 555 3336 bona
580 3277 673 3338 utitur
696 3278 962 3340 demonstratione.
995 3279 1109 3341 Positis
1133 3279 1211 3339 enim
1235 3278 1264 3338 in
1289 3276 1394 3340 ultimo
1407 3276 1564 3342 schemate
1587 3277 1647 3340 ΙΙΙ.
1668 3289 1699 3339 et

336 3361 393 3426 OD
423 3364 539 3425 duabus
569 3365 792 3447 quibuscunque
820 3366 1057 3446 quantitatibus,
1090 3367 1193 3428 oculus
1216 3368 1273 3429 AB
1302 3367 1346 3428 sic
1373 3366 1570 3440 admovetur,
1606 3375 1640 3428 ot
1662 3363 1697 3438 C,

335 3451 418 3515 Kin
443 3452 523 3513 linea
545 3472 606 3514 nna
628 3455 815 3525 constitutis,
840 3454 931 3517 etism
955 3456 994 3531 D,
1019 3455 1045 3516 L
1068 3455 1097 3516 in
1122 3474 1182 3516 una
1203 3455 1266 3516 sint
1289 3457 1378 3518 linea.
1416 3453 1499 3514 'lunc
1522 3453 1605 3516 enim
1628 3472 1698 3534 pro-

339 3540 449 3603 tractis
473 3538 540 3614 KC,
569 3542 633 3617 LD,
657 3544 692 3604 fit
714 3563 876 3607 concursus
899 3544 930 3605 in
954 3544 985 3616 I,
1009 3542 1109 3622 spatio
1133 3544 1177 3605 IA
1202 3553 1274 3623 post
1295 3543 1373 3605 oculi
1396 3541 1599 3622 superficiem,
1623 3541 1699 3622 quod

337 3639 542 3709 computatum
573 3631 610 3692 nd
639 3632 762 3711 globum
789 3632 917 3711 alicujus
946 3632 1024 3693 oculi
1056 3632 1191 3693 ostendit
1219 3631 1285 3710 ejus
1308 3629 1574 3694 semidiametrum.
1621 3630 1699 3694 Nam

333 3852 428 3907 Possit
458 3852 530 3906 enirn
560 3854 661 3924 aliquis
687 3854 792 3916 dicere,
824 3855 876 3908 has
906 3854 1115 3909 extremitatum
1136 3853 1177 3908 rei
1204 3852 1373 3907 radiationes
1403 3852 1540 3907 interdum
1561 3852 1589 3907 in
1611 3853 1699 3925 ipsum

334 3930 416 3986 vitrei
437 3939 561 3987 cent-rum
582 3933 709 3987 incidere.
752 3933 963 4003 Respondetnr:
993 3934 1018 3987 id
1041 3953 1095 3989 non
1116 3949 1226 4004 semper
1244 3933 1319 3998 heri,
1351 3933 1399 3986 ssd
1420 3939 1487 3986 tunc
1506 3939 1632 3997 tntum,
1652 3933 1700 3986 uhi

333 4011 396 4063 visa
415 4027 460 4063 rer
481 4012 567 4065 iures-it
587 4013 712 4081 sequniis
733 4013 890 4083 complexui
911 4014 971 4067 ΙΙΙ,
1012 4016 1050 4069 Et
1071 4015 1305 4086 quemadmodum,
1327 4030 1358 4068 re
1379 4013 1442 4066 visa
1460 4012 1535 4065 hunc
1555 4011 1609 4066 n.
1629 4029 1700 4068 cou-

333 4089 448 4161 plexum
470 4093 636 4151 excedente.
659 4108 807 4147 concursus
828 4095 865 4147 sit
885 4102 952 4148 ante
973 4096 985 4148 l
1005 4095 1087 4149 vitrei
1114 4101 1238 4149 centrum
1265 4093 1333 4165 (quo
1358 4109 1427 4147 casu
1447 4108 1493 4146 res
1512 4091 1606 4161 major
1621 4093 1701 4164 ju

334 4168 513 4240 appareret),
543 4172 583 4224 ita
604 4171 628 4224 si
648 4188 693 4225 res
715 4173 776 4227 viss
800 4174 911 4228 deficiat
932 4174 969 4228 sb
989 4175 1043 4229 hae
1071 4174 1247 4245 quontitate,
1268 4183 1301 4228 nt
1319 4173 1368 4229 Sol
1396 4170 1521 4242 (visibile
1541 4187 1581 4226 se.
1602 4173 1701 4230 meti·

335 4249 406 4304 medi
426 4248 626 4319 propositum),
658 4258 724 4305 tunc
753 4253 861 4306 omnino
891 4270 1051 4308 concursum
1077 4271 1139 4308 esse
1161 4261 1226 4322 post
1245 4254 1259 4308 l
1279 4253 1361 4307 vitrei
1391 4259 1525 4307 uersuum.
1547 4281 1589 4292 -
1624 4254 1702 4310 llus

336 4328 424 4402 igitur
445 4329 501 4383 tris
527 4330 650 4384 membra
670 4330 698 4383 in
724 4332 902 4402 sequentibus
931 4334 1170 4395 demonstrentur,
1200 4333 1404 4388 mutinentihus
1433 4329 1655 4403 aphusiam
1673 4340 1703 4388 et

336 4408 500 4476 objectionis
521 4417 551 4462 et
570 4409 727 4463 solutionis.

424 4484 452 4550 ⁸)
474 4488 661 4560 Subintellige
692 4505 852 4545 conversam
882 4492 1048 4545 sententiam
1074 4506 1143 4561 pag.
1166 4488 1237 4554 262,
1268 4490 1316 4545 lin.
1340 4487 1393 4553 ³5,
1425 4507 1523 4561 nempe
1543 4499 1578 4545 ut
1606 4499 1701 4547 rectas

335 4582 355 4622 a
374 4566 491 4621 visibilis
521 4569 631 4637 punctis
658 4569 686 4622 in
716 4577 821 4638 puncta
849 4571 974 4639 picturas
1002 4570 1055 4623 sibi
1084 4571 1282 4639 respondentis
1311 4571 1456 4626 doment.
1498 4570 1555 4624 Sed
1582 4570 1700 4644 ioquin,

335 4645 396 4716 quis
418 4646 547 4701 metietur
568 4648 646 4704 illum
667 4650 816 4718 ungulum,
839 4650 897 4702 sive
918 4650 947 4703 in
966 4658 1062 4703 centm
1082 4649 1164 4703 vitrei
1185 4650 1222 4703 sit
1242 4650 1301 4703 sive
1321 4653 1429 4704 extrui
1463 4649 1650 4719 Respondes:
1675 4651 1701 4704 id

336 4724 515 4780 mhimedes
536 4728 636 4791 docuit,
659 4735 691 4781 ut
711 4744 797 4797 suprs
816 4728 974 4784 indicatum.
1016 4729 1175 4799 cylindrum
1199 4729 1272 4784 enim
1299 4730 1428 4785 adhibuit
1454 4729 1541 4784 ulium
1566 4729 1700 4800 ηψπ·

337 4819 380 4865 ee,
402 4803 449 4874 qui
469 4813 546 4858 esset
565 4807 691 4876 sequslis
713 4807 792 4869 visui,
814 4823 932 4877 eumque
952 4809 991 4862 sic
1011 4809 1167 4872 conservis,
1188 4816 1222 4864 ut
1239 4815 1307 4880 (fig.
1326 4811 1375 4877 86)
1393 4810 1467 4865 intes
1478 4809 1536 4874 ΙἘ,
1555 4810 1608 4865 GE
1628 4827 1700 4866 ce·-

337 4887 523 5016 anim
545 4884 572 4938 in
591 4885 652 4948 Bc,
681 4895 710 4940 et
730 4886 892 4948 dhuotiarn
919 4887 1104 4957 cylindrorum
1123 4906 1185 4945 eum
1211 4905 1306 4944 eorum
1327 4889 1488 4959 quntitste
1514 4891 1697 4960 mpurit

539 4979 636 5040 speum.
