3692 5842
856 462 989 514 praem·
1535 466 1599 534 sar

242 639 423 722 quiescunt,
456 659 514 702 non
547 641 644 702 miuus
678 659 767 721 quam
798 641 868 703 illas
901 661 973 702 suas
1006 647 1134 721 quatuor
1156 640 1260 703 Luuas
1284 642 1442 722 multiplici
1466 654 1600 710 motuum

241 728 396 791 varietate
421 728 502 791 circa
525 749 610 791 suum
634 730 706 792 illud
730 731 909 792 domicilium
935 729 1079 791 converti.
1118 729 1165 791 Ex
1189 750 1246 810 quo
1264 733 1400 810 exemplo
1420 735 1514 797 multo
1533 736 1616 814 jam'

242 817 354 898 magis,
379 837 468 898 quam
491 818 573 898 prius
598 819 734 896 exemplo
759 820 872 892 Lunae,
898 819 996 880 discet
1019 818 1141 879 Samiae
1165 820 1372 898 philosophiae
1397 822 1503 898 cultor,
1529 826 1601 904 quid

244 907 467 970 absurditatem
491 906 640 987 dogmatis
664 909 700 969 de
725 915 807 968 motu
831 907 961 968 Telluris
986 905 1138 985 objicienti
1167 907 1308 988 visusque
1337 911 1433 972 nostri
1458 913 1602 975 testimo-

244 996 330 1059 ninm
353 995 499 1075 alleganti
523 996 697 1076 responderi
727 996 834 1075 possit.
882 994 909 1056 O
939 995 1187 1070 multiscium,
1219 1006 1253 1058 et
1283 999 1420 1077 quovis
1451 1011 1602 1079 sceptro

244 1083 460 1166 preciosius
483 1084 754 1165 perspicillum!
780 1103 839 1156 an,
865 1084 923 1164 qui
948 1094 984 1145 te
1009 1086 1147 1145 dextra
1171 1093 1290 1159 tenet,
1316 1086 1384 1148 ille
1409 1108 1480 1149 uon
1505 1089 1601 1167 Rex,

245 1192 320 1237 nou
343 1172 527 1235 Dominus
551 1173 816 1235 constituatur
840 1191 993 1251 operum
1016 1173 1112 1233 Dei?
1158 1173 1239 1234 Vere
1265 1184 1316 1235 tu:

340 1259 451 1336 ,Quod
474 1279 566 1340 supra
589 1271 680 1341 caput
704 1269 765 1335 est,
796 1281 921 1341 magnos
947 1281 1012 1323 cum
1037 1260 1167 1322 motibus
1191 1262 1279 1324 orbes
1303 1263 1427 1341 subjicis
1452 1264 1602 1344 iugenio.“

338 1349 373 1412 Si
408 1349 487 1432 quis,
521 1352 611 1429 paulo
643 1350 765 1430 aequior
790 1349 957 1430 Coperuico
991 1359 1021 1413 et
1045 1348 1169 1412 Samiae
1202 1351 1409 1430 philosophiae
1434 1354 1604 1429 luminibus,

245 1438 296 1502 hic
319 1441 416 1502 solum
440 1441 565 1514 haeret,
596 1439 735 1501 dubitans
764 1440 814 1520 qui
837 1440 899 1500 fieri
924 1440 1041 1518 possit,
1076 1448 1117 1512 ut,
1134 1439 1237 1499 -Terra
1261 1441 1388 1501 medium
1412 1443 1603 1521 planetarum
1681 1466 1683 1468 ·

246 1527 308 1591 iter
331 1547 386 1609 per
408 1547 531 1608 campos
555 1527 708 1591 aetherios
732 1536 859 1603 terente,
876 1528 964 1588 Luua
984 1528 1105 1589 illitam
1130 1535 1304 1589 constanter
1327 1530 1411 1591 velut
1433 1531 1606 1595 individuus

247 1635 352 1680 comes
385 1619 553 1679 adhaereat
583 1616 760 1697 interimque
793 1625 825 1677 et
856 1616 976 1696 globum
1009 1618 1106 1695 ipsum
1137 1616 1266 1677 Telluris
1299 1618 1539 1696 circumvolitat,
1575 1622 1604 1684 in

247 1726 364 1769 morem
380 1707 457 1768 fidae
473 1705 638 1780 caniculae,
663 1725 739 1786 quae
755 1706 902 1767 viatorem
926 1705 1077 1767 domiuum
1102 1705 1194 1766 variis
1218 1705 1394 1785 ambagibus
1419 1728 1496 1769 nuuc
1516 1718 1605 1771 aute·
1642 1736 1653 1753 ·

247 1796 424 1858 cursitando
449 1813 526 1855 nuuc
550 1795 589 1855 ad
614 1795 710 1856 latera
734 1796 891 1873 evagando
916 1794 1027 1872 cingit:
1067 1794 1092 1854 is
1115 1793 1223 1856 Jovem
1251 1795 1400 1874 aspiciat,
1435 1798 1484 1876 qui
1518 1818 1607 1860 mou-

247 1893 370 1948 straute
394 1885 449 1946 hoe
472 1883 647 1962 perspicillo
671 1903 729 1944 non
755 1903 843 1944 uuum
867 1884 961 1945 talem
985 1882 1133 1957 comitem,
1159 1883 1202 1944 uti
1226 1884 1319 1944 Terra
1343 1883 1526 1963 Ooperuico,
1553 1888 1607 1949 sed

247 1974 374 2037 omuino
398 1981 526 2053 quatuor
558 1991 659 2033 secum
693 1982 774 2033 certe
809 1972 902 2033 trahit
934 1991 1084 2052 uunquam
1107 1973 1205 2051 ipsum
1229 1972 1404 2034 descrentes
1428 1973 1606 2055 interimque

248 2082 338 2126 suam
361 2062 496 2142 singulos
520 2060 743 2122 circulationem
766 2069 918 2140 urgentes.

341 2151 404 2216 Sed
428 2153 464 2212 de
489 2150 536 2212 his
560 2150 637 2211 satis
661 2151 772 2210 dictum
795 2151 825 2210 iu
846 2149 1071 2211 Dissertatioue
1095 2169 1161 2211 cum
1177 2148 1294 2211 Nuncio
1310 2147 1447 2211 Sidereo.
1478 2149 1608 2229 Tempus

249 2250 301 2305 est
336 2253 370 2304 ut
397 2240 437 2302 ad
466 2239 519 2301 illa
547 2259 593 2301 me
626 2247 761 2312 vertam,
795 2256 870 2317 quae
894 2246 966 2317 post
989 2239 1099 2300 editum
1123 2238 1271 2300 Nuueium
1296 2237 1453 2300 Sidereum
1481 2249 1609 2319 postque

199 2340 204 2345 ’
249 2330 508 2395 Dissertatiouem
534 2348 599 2390 cum
625 2328 676 2390 illo
700 2347 797 2389 meam
820 2328 986 2407 perspicilli
1010 2327 1098 2405 hujus
1123 2346 1177 2387 usu
1201 2328 1358 2407 patefacta
1381 2336 1460 2388 suut.
1486 2360 1527 2370 -

344 2425 431 2486 Quae,
455 2420 482 2473 iu
502 2420 677 2489 praefatione
702 2434 755 2472 sna
774 2435 903 2489 pergens,
926 2419 1066 2488 Keplerus
1087 2420 1121 2470 dc
1146 2419 1344 2472 recentioribus
1371 2418 1492 2472 Galilaei
1518 2421 1610 2474 detec-

250 2506 375 2564 tionibus
396 2504 424 2556 in
439 2501 516 2554 coelo
531 2500 573 2554 his
589 2500 700 2563 addidit,
723 2517 781 2563 uos,
803 2499 892 2553 causis
909 2515 977 2568 quas
992 2499 1109 2552 diximus
1125 2514 1191 2568 pag.
1208 2499 1275 2561 450,
1290 2499 1356 2552 moti
1375 2499 1606 2560 „Dissertationi“

214 2600 219 2607 ’
249 2585 371 2658 Kepleri
392 2580 589 2653 praemisimus,
613 2597 700 2651 eaque
723 2595 794 2650 quae
816 2581 895 2633 linem
911 2580 1017 2633 faciunt
1038 2579 1219 2649 praefationis
1236 2581 1270 2633 ad
1284 2580 1457 2649 Dioptricam
1478 2580 1611 2650 leguntur

249 2686 319 2741 pag·
341 2662 647 2812 {giemffvr'epetenda
667 2755 808 2792 censemus
823 2739 939 2808 Kepleri
955 2740 1048 2802 rerba,
1071 2739 1169 2809 quibus
1184 2740 1350 2794 concludens
1370 2740 1488 2793 lectores
1509 2744 1610 2804 mouet,

250 2837 283 2884 ut
303 2824 478 2897 Dioptricam
500 2827 609 2876 attente
631 2820 746 2891 legant:
1490 2866 1493 2875 ⁸

342 2904 447 2966 Habes
471 2902 563 2982 igitur
586 2899 680 2960 amice
706 2898 800 2960 lector
823 2898 1029 2959 confirmatam
1052 2896 1217 2977 perspicilli
1240 2898 1327 2958 iidem
1347 2897 1375 2958 iu
1401 2899 1611 2960 observatione

252 3013 398 3061 uovorum
432 2989 604 3053 coelestium
647 2986 732 3046 unius
772 2989 893 3065 iusuper
929 2985 1072 3047 Germani
1105 2986 1288 3047 testimonio.
1354 2984 1433 3055 Quid
1466 2988 1611 3067 impediat

251 3086 346 3168 igitur
382 3099 429 3143 me
465 3075 728 3160 praestantissimo
763 3076 960 3137 instrumento
996 3075 1209 3155 panegyricum
1247 3074 1302 3135 hoc
1342 3075 1443 3138 libello
1478 3096 1609 3159 pangere

253 3171 487 3259 geometricum,
521 3176 608 3248 teque
640 3167 734 3226 lector
763 3165 884 3226 honoris
919 3183 1012 3224 causa
1043 3165 1196 3242 praesenti
1230 3165 1327 3224 auimo
1352 3173 1383 3225 et
1405 3185 1463 3226 uon
1493 3165 1610 3245 vulgari

254 3261 365 3330 mentis
388 3259 567 3331 attentione,
592 3257 661 3317 dum
686 3274 751 3315 eum
776 3273 831 3333 ego
856 3252 962 3326 recito,
989 3252 1156 3314 iuteresse?
1194 3251 1262 3322 Qua
1292 3272 1382 3331 opera
1405 3263 1437 3316 et
1460 3254 1611 3335 ingenium

254 3373 345 3427 acues
371 3357 403 3411 et
421 3366 578 3409 causarum
603 3345 793 3425 perceptione
810 3343 920 3402 evades
941 3342 969 3402 iu
986 3341 1176 3421 philosophia
1196 3342 1320 3414 doctior,
1348 3343 1385 3402 ad
1404 3343 1611 3406 mechanicam

254 3455 286 3508 et
308 3460 409 3506 rerum
432 3436 548 3499 utilium
573 3443 662 3514 atque
682 3433 879 3513 jucundarum
904 3430 1106 3491 inventionem
1132 3431 1314 3504 instructior,
1341 3432 1467 3512 denique
1492 3453 1510 3492 a
1530 3433 1612 3494 mille

254 3533 363 3606 modis,
388 3527 493 3611 quibus
517 3525 623 3604 vulgus
648 3524 677 3584 in
702 3541 831 3584 errorem
855 3521 934 3580 solet
958 3518 1066 3590 induci,
1092 3520 1209 3581 cantior
1233 3529 1322 3600 atque
1347 3521 1449 3582 tutior.

345 3621 427 3682 Vale
451 3626 483 3680 et
505 3617 561 3678 hoc
584 3612 769 3694 praeludium
795 3610 880 3689 aequi
906 3606 1032 3689 bonique
1057 3609 1188 3670 consule.
