3692 5842
241 474 306 542 574
629 477 810 531 memnones
829 463 937 530 hditcrls
954 481 980 530 tu
997 476 1145 546 chptrlcen
1162 477 1209 532 &a

329 651 376 712 att
395 669 419 720 p.
440 653 500 705 524.
537 656 644 706 Pena:
665 655 778 706 Euclides
797 664 881 721 aperte
901 657 987 715 docet,
1008 662 1136 721 asprum
1154 655 1208 706 herl
1225 668 1271 720 per
1288 655 1371 706 radice
1387 661 1552 720 properatae
1567 657 1598 705 ab

241 727 316 777 oculis
335 727 367 775 ad
386 741 424 776 res
444 730 517 778 visas.
554 727 663 790 Legerat
681 726 783 778 Vitellio
807 735 920 778 auctores
938 743 988 778 nou
1013 729 1144 785 obscuros,
1172 728 1214 792 qui
1231 727 1358 783 diem,
1385 735 1501 778 mamam
1525 727 1596 776 iner-

240 799 375 849 esctiouem
396 813 523 848 nervorum
536 800 680 862 opticomm,
700 805 833 863 antequam
846 801 878 848 ad
891 801 974 849 oculos
988 801 1141 864 perveniant,
1155 812 1258 849 causam
1270 812 1336 855 esee,
1354 812 1401 848 cnr
1410 812 1465 850 uua
1475 808 1503 848 et
1513 797 1598 847 eada

134 895 141 914 .
239 884 292 925 ree,
319 870 395 918 etiam
413 870 434 917 si
453 885 469 919 a
487 870 581 920 duobus
600 869 676 918 oculis
705 873 883 933 conspiciatur,
912 885 964 921 uun
982 879 1066 921 tamen
1085 886 1135 920 nou
1154 877 1239 922 sutem
1257 870 1360 935 gemina
1376 877 1508 933 appareat
1544 869 1596 919 Hac

240 940 355 1004 opinione
373 941 481 990 imbutus
500 942 679 1004 pronunciavit,
699 943 814 991 unionem
833 943 966 992 formarum
978 944 1004 992 in
1016 957 1145 993 uerrorum
1162 943 1341 992 intersectione
1358 940 1469 997 efficere,
1488 943 1597 992 munies

240 1026 279 1061 res
297 1012 372 1061 unica
391 1020 518 1075 appareat.
557 1011 639 1073 Quam
658 1026 759 1060 causum
779 1016 831 1076 qnis
850 1029 899 1061 uon
917 1014 1073 1064 inefficacem
1090 1007 1208 1076 judicati
1232 1012 1333 1062 Etenim
1350 1014 1371 1062 ι’
1391 1013 1536 1074 conjunctio
1552 1012 1595 1062 itr-

239 1094 336 1132 mamm
356 1084 380 1131 in
400 1084 573 1132 intersectione
592 1098 719 1131 nervorum
739 1086 874 1148 optinorum
892 1085 925 1133 sit
943 1099 1033 1145 causa,
1054 1100 1097 1135 our
1109 1098 1161 1134 nus
1178 1084 1317 1148 eademque
1328 1097 1368 1134 res
1387 1083 1509 1134 ambabus
1525 1083 1596 1132 σοὺ

240 1154 317 1203 unica
336 1161 471 1215 appareat,
498 1155 539 1217 qni
558 1154 611 1202 lieri
629 1156 733 1216 poterit,
762 1162 789 1203 nt
807 1156 883 1219 digito
909 1155 1015 1205 alterum
1041 1156 1165 1205 oculomm
1193 1161 1321 1219 premente
1347 1155 1427 1204 unica
1443 1167 1483 1204 res
1501 1155 1596 1219 gemina

239 1225 359 1280 rideatur,
379 1239 434 1274 cum
454 1238 486 1274 ea
504 1225 568 1275 oculi
587 1226 679 1286 pressio
698 1241 786 1274 nereos
805 1228 900 1289 opticos
919 1241 969 1275 nou
988 1225 1107 1276 humati
1126 1228 1161 1275 Δι
1178 1226 1257 1290 digito
1275 1225 1382 1275 nitemur
1401 1224 1529 1274 oculorum
1545 1239 1594 1287 pre·

239 1302 333 1352 mauu,
352 1309 404 1345 una
422 1302 448 1346 et
467 1296 554 1346 eadem
572 1310 611 1344 res
630 1311 679 1345 non
693 1311 743 1345 una
761 1297 805 1346 sed
824 1299 924 1361 gemina
943 1305 1054 1359 apparet
1080 1295 1165 1347 Causa
1182 1295 1334 1361 igiturhaec
1347 1296 1382 1346 nd
1400 1297 1593 1356 minuentes·

239 1368 371 1416 lormarum
389 1368 415 1416 iu
442 1368 617 1416 intersectione
646 1368 776 1417 reserenda
800 1383 850 1416 uon
878 1369 932 1416 luit
970 1368 1056 1432 ltaque
1076 1368 1186 1417 Quane
1209 1368 1245 1416 rir
1266 1377 1296 1415 ut
1320 1367 1347 1416 in
1374 1366 1504 1416 medieiu
1520 1366 1592 1414 itsin

240 1439 328 1501 opticis
346 1439 453 1500 primus,
473 1454 528 1487 cum
548 1451 603 1486 eam
623 1451 723 1486 causam
749 1439 863 1501 frigidam
882 1447 908 1487 et
925 1439 1025 1487 inanem
1047 1453 1102 1488 esse
1126 1437 1290 1501 intelligeret,
1309 1437 1343 1486 ad
1360 1437 1591 1486 demonstrationem

240 1523 371 1558 convorsus
390 1511 488 1572 reperit,
508 1509 661 1571 pyramidum
679 1510 724 1557 sub
742 1510 817 1559 radiis
835 1506 956 1559 abloculo
974 1510 1054 1558 misas
1066 1509 1296 1572 comprehensarum
1316 1508 1424 1557 eandem
1444 1522 1501 1558 esse
1518 1507 1589 1558 basin.

243 1580 273 1628 ob
292 1580 365 1641 idque
382 1593 458 1628 unam
478 1587 504 1628 et
522 1581 627 1628 eandem
645 1594 696 1628 rem
715 1580 809 1629 dnobus
828 1580 904 1629 oculis
922 1594 999 1630 unam
1018 1592 1153 1644 apparere:
1177 1579 1254 1644 digito
1272 1593 1330 1628 rero
1349 1579 1458 1628 alterum
1477 1577 1592 1628 oculum

240 1658 376 1713 premente,
397 1651 468 1698 bases
486 1650 541 1698 illas
561 1652 681 1713 geniinari
700 1659 726 1700 et
744 1651 829 1710 dirimi,
850 1653 880 1699 ob
899 1650 972 1716 idque
990 1651 1095 1702 candem
1113 1665 1165 1700 rem
1182 1649 1309 1716 geminam
1327 1650 1405 1700 cerni.

330 1718 374 1781 25)
393 1736 415 1783 p.
438 1718 497 1767 52l.
536 1721 656 1770 Libellum
675 1723 706 1770 de
731 1725 834 1786 reipsa
851 1722 975 1786 Kepleruc
999 1737 1050 1770 uon
1075 1722 1226 1784 conscripsit
1263 1719 1352 1770 Pauca
1375 1719 1448 1770 addit
1464 1720 1492 1770 in
1511 1715 1592 1782 θρόει

241 1805 296 1856 cap.
317 1790 361 1840 111.
381 1788 451 1856 (pag.
472 1789 545 1853 211).
576 1792 605 1840 ln
623 1793 732 1856 epistolis
751 1793 874 1857 quaedam
893 1795 923 1844 de
942 1793 980 1842 his
999 1801 1144 1849 occurrunt,
1163 1808 1218 1842 cnm
1238 1792 1263 1840 in
1282 1793 1328 1846 iis,
1348 1805 1411 1855 quas
1430 1789 1591 1853 praemiu'mut

241 1863 355 1927 Opticae,
381 1870 433 1912 tum
451 1864 477 1912 in
496 1863 604 1926 epistolis
624 1863 656 1913 ad
673 1864 719 1914 lo.
740 1864 880 1921 Remum,
900 1879 966 1914 anuo
981 1860 1058 1914 1619.
1076 1864 1150 1918 datis,
1169 1877 1239 1927 quas.
1257 1871 1382 1927 quatenus
1399 1862 1449 1912 huc
1467 1862 1591 1926 perdunt.

241 1944 363 1995 addimus.
392 1945 478 2007 Agens
497 1944 528 1993 de
548 1951 645 1992 cometa
656 1945 779 2007 Keplerus
797 1945 861 1995 haec
874 1945 949 1994 lerino
968 1946 1077 1998 dixerat:
1097 1938 1120 1991 ei
1135 1943 1243 1990 cometa
1256 1944 1333 1989 esset
1351 1935 1468 1990 reflexio
1481 1932 1591 1994 luminis.

241 2027 398 2072 tunctune
420 2035 457 2071 ex
471 2017 614 2086 parallaxi
635 2019 668 2069 de
683 2018 743 2084 ejus
765 2019 912 2072 altitudine
935 2019 1001 2073 nibil
1023 2019 1250 2077 concluderetur;
1272 2016 1364 2069 imoti
1386 2031 1488 2083 corpus
1508 2014 1590 2068 radios

241 2097 314 2153 Solis
334 2098 525 2168 repercutiens
547 2104 623 2150 esset
650 2099 835 2167 aequabiliter
855 2100 983 2167 planum,
1005 2100 1090 2169 plane
1111 2097 1188 2150 nulla
1208 2104 1284 2149 essct
1303 2096 1482 2165 parallaxis:
1508 2110 1591 2148 cmm

241 2177 361 2232 enimin
389 2185 448 2231 toto
477 2179 621 2231 Terrarum
649 2178 714 2230 orbe
736 2187 871 2232 cometam
893 2180 919 2232 in
940 2181 1035 2232 eadem
1058 2179 1153 2231 aSolc
1173 2177 1325 2229 remotione
1346 2178 1444 2229 eodem
1464 2185 1591 2228 memte

241 2264 386 2312 cernerent
407 2251 468 2329 (qni
494 2258 600 2328 quidem
626 2253 797 2322 cernerent),
821 2259 886 2329 qnia
906 2260 1009 2312 Terrae
1038 2257 1179 2329 quantitas
1206 2257 1240 2308 ad
1262 2256 1335 2310 Solis
1363 2254 1527 2309 distantiam
1544 2270 1591 2306 nou

242 2346 287 2393 cst
313 2338 459 2394 sensibilis.
501 2338 546 2392 Sic
572 2337 665 2390 iridem
691 2338 807 2409 quilibet
835 2355 913 2394 suam
942 2338 1031 2402 videt,
1059 2338 1207 2391 distantem
1234 2351 1253 2388 a
1273 2335 1339 2389 Sole
1365 2353 1419 2408 per
1446 2333 1525 2396 135⁰,
1545 2349 1590 2386 non

242 2417 365 2490 quidem,
397 2417 462 2488 qnia
492 2417 587 2489 aliqua
618 2419 703 2486 plana
733 2419 891 2489 superficies
918 2427 971 2482 est,
993 2420 1040 2471 sed
1067 2417 1132 2488 quia
1152 2420 1202 2469 air
1222 2433 1272 2469 sen
1300 2431 1392 2485 sapor
1412 2416 1441 2470 in
1467 2414 1590 2470 rotundas

242 2498 407 2568 sphaerulas
433 2505 546 2552 coactus
575 2504 633 2559 est,
661 2516 774 2568 qun-rum
801 2499 973 2570 singularum
1001 2496 1180 2552 refractiores
1208 2495 1312 2567 singuli
1339 2496 1435 2550 rident
1459 2493 1539 2550 oculi.
1561 2521 1588 2530 -·

243 2575 338 2636 Quibus
358 2575 483 2638 respoudit
500 2575 632 2625 Remus:
653 2574 692 2626 De
711 2577 779 2628 iride,
798 2577 898 2634 halone,
918 2592 956 2625 res
974 2577 1047 2642 louge
1067 2573 1213 2624 difficiliores
1232 2583 1290 2623 sunt
1309 2575 1457 2638 cuiusquam
1477 2573 1589 2636 opinione

244 2647 343 2697 Dentur
361 2648 427 2696 euim
446 2648 522 2710 primo
551 2654 634 2697 certae
660 2648 842 2698 observationes
860 2649 886 2696 in
904 2647 970 2697 horis
989 2646 1148 2700 eminetis,
1167 2653 1193 2693 et
1216 2644 1420 2709 magnitudines,
1447 2643 1514 2710 quod
1530 2655 1591 2694 uem

244 2718 327 2768 adbuc
354 2720 473 2775 tentavit,
502 2718 566 2767 latet
593 2725 619 2768 et
646 2718 709 2767 alius
737 2719 814 2768 nodus
833 2719 865 2768 de
881 2719 1025 2774 halonibnn,
1049 2716 1148 2782 pareliis
1167 2714 1211 2765 ao.
1231 2739 1266 2747 -
1303 2716 1470 2780 Keplerus
1499 2722 1591 2765 matrs:

242 2794 277 2846 de
298 2792 400 2844 halone
422 2798 452 2845 et
472 2791 584 2846 iridibus
606 2791 701 2863 aliqua
721 2793 807 2861 plana
823 2792 884 2860 jam
905 2801 978 2845 sunt.
1013 2793 1085 2847 Natu
1106 2789 1181 2844 iridis
1202 2789 1408 2844 semidiameter
1428 2786 1592 2858 (priuatim

241 2878 287 2924 est
307 2870 368 2933 45⁰,
390 2870 499 2924 balonis
521 2871 617 2941 22¹l2⁰‚
640 2872 714 2925 iridis
736 2872 914 2926 secundariae
940 2874 990 2926 11⁰
1012 2871 1138 2941 amplius.
1179 2869 1263 2922 Ratio
1288 2872 1413 2939 petenda
1433 2887 1472 2924 ex
1500 2868 1592 2922 rehae-

242 2951 317 3005 tione
340 2950 461 3004 maxima
482 2951 508 3004 in
530 2968 611 3022 aqua.
647 2952 717 3004 Nam
738 2953 783 3005 nbi
806 2953 928 3006 maxima
947 2952 1086 3015 refractio,
1109 2950 1146 3003 ibi
1168 2950 1274 3003 colores
1295 2950 1433 3004 oriuntur.
1464 2949 1592 3003 Ιιὶιειιιι

242 3036 411 3083 constater
441 3031 531 3101 guttis
559 3032 691 3085 rotundis.
735 3034 832 3102 ltaque
864 3035 930 3086 dato
962 3034 1066 3105 angulo
1088 3033 1123 3084 ad
1154 3031 1264 3084 oculum
1288 3048 1327 3084 ex
1351 3046 1410 3083 una
1442 3029 1591 3098 sptuennis

242 3113 325 3163 datur
346 3110 462 3163 circulus
485 3111 559 3165 iridis
581 3130 618 3165 ex
640 3112 751 3165 infinitis
779 3113 869 3183 guttis
895 3114 1019 3166 rotundis
1048 3111 1224 3181 compositus.
1268 3111 1297 3162 ln
1319 3110 1491 3180 pareliorum
1511 3119 1591 3161 tensa

242 3191 329 3261 (quae
351 3197 415 3243 snut
436 3192 528 3245 latera
549 3188 672 3258 hulonis)
694 3193 784 3245 causis
806 3193 933 3247 eruendis
956 3195 1045 3246 adhuc
1066 3193 1175 3245 haereo.
1219 3191 1305 3244 Video
1327 3190 1432 3260 aliquid
1454 3189 1532 3260 qnasi
1551 3203 1594 3256 per

242 3271 440 3340 crepusculum,
463 3274 533 3341 qnod
556 3291 592 3325 ex
607 3273 692 3341 primo
714 3274 766 3326 hac
788 3274 963 3327 delinitione:
986 3272 1121 3342 parelinm
1136 3279 1180 3324 cst
1194 3271 1280 3323 sectio
1302 3279 1401 3322 mutua
1422 3269 1551 3322 halounm
1569 3277 1592 3317 et

241 3352 392 3413 columnae,
416 3353 463 3405 nbi
484 3354 611 3405 columna
633 3354 792 3422 plerumque
814 3372 843 3405 se
871 3353 932 3421 ipsa
952 3361 1149 3422 praeterquam
1170 3350 1197 3403 in
1219 3351 1267 3403 illo
1289 3367 1423 3403 concursu
1446 3360 1491 3403 eet
1512 3350 1592 3402 iuma-

241 3431 355 3501 spioua:
378 3432 561 3500 reduplicatio
583 3449 647 3485 vero
669 3433 776 3485 luminis
799 3433 826 3485 in
848 3450 980 3486 concursu
1003 3432 1070 3486 facit
1091 3432 1196 3484 enitere
1217 3430 1362 3500 parelinm.
1395 3431 1459 3483 Jaru
1480 3427 1593 3498 explicet

241 3511 300 3581 quis
322 3511 387 3564 mihi
409 3528 507 3564 canens
530 3514 690 3572 columnae,
721 3530 768 3565 cnr
790 3513 833 3564 vel
855 3513 991 3566 horizonti
1022 3511 1161 3581 parallelo
1182 3528 1232 3579 per
1253 3517 1377 3563 centrum
1399 3509 1482 3573 Solis,
1504 3509 1546 3561 rel
1565 3508 1593 3558 ad

240 3591 410 3645 horizontem
441 3593 695 3660 perpendicularis,
727 3593 834 3661 qualern
863 3593 917 3646 vidi
946 3593 1035 3646 triduo
1066 3599 1131 3644 anto
1157 3599 1271 3644 inertem
1292 3590 1424 3643 Caesaris
1446 3590 1577 3644 Matthiae¹

240 3671 357 3726 dixisses
375 3671 466 3724 Solem
482 3680 634 3725 cornutum.
664 3674 735 3726 Erat
750 3674 885 3741 parelinm
901 3673 985 3726 altius
1001 3673 1065 3725 Sole
1081 3671 1150 3738 2221,
1158 3676 1177 3725 ⁰.
1206 3671 1300 3723 l'isnm
1315 3670 1379 3724 olim
1395 3680 1424 3723 et
1440 3671 1593 3740 bloguntiae

242 3754 308 3813 tale,
330 3757 363 3802 ut
387 3753 497 3820 scripsit
518 3755 552 3805 ad
575 3769 616 3805 me
637 3754 850 3805 mathematicus
872 3754 903 3805 P.
917 3753 1061 3822 Zieglcrus
1082 3755 1118 3818 (a.
1137 3754 1221 3811 1606ς
1241 3771 1320 3819 comp.
1338 3756 1497 3805 Hanschium
1515 3749 1594 3820 pact

240 3844 266 3886 et
285 3836 342 3899 Opt.
362 3854 385 3900 p.
407 3835 460 3896 71).
494 3834 564 3885 Erat
580 3833 666 3902 igitur
680 3834 744 3885 halo
760 3850 872 3884 eversus
888 3841 917 3885 et
931 3833 957 3884 in
973 3848 1104 3885 concursu
1125 3831 1233 3883 hulonis
1248 3840 1277 3882 et
1291 3831 1439 3883 columnae
1460 3830 1591 3898 parelinm

239 3910 322 3962 Tales
344 3916 373 3961 ct
394 3911 420 3962 in
435 3911 514 3966 Luna
535 3913 621 3980 plena
642 3913 777 3966 interdum
798 3913 924 3966 visuntur
945 3914 1097 3973 columnae,
1119 3918 1146 3963 ct
1163 3912 1233 3980 qnod
1256 3910 1375 3962 maxime
1398 3911 1515 3968 mireris.
1536 3909 1592 3962 hslo

242 3989 316 4043 circa
339 3990 494 4058 oppositum
509 3992 613 4044 Lunae.
653 4000 691 4047 Ad
709 4000 772 4048 haec
793 3999 923 4048 Remus:
944 3999 1033 4047 iridem
1052 3999 1100 4047 vidi
1119 3999 1245 4047 dimidiam
1258 3997 1373 4047 Viennae
1395 3994 1420 4043 2.
1436 3996 1494 4046 Oct.
1509 3991 1593 4056 (11111

242 4067 307 4117 iuter
320 4067 441 4116 Graecum
455 4074 481 4116 et
493 4069 613 4128 Ineunte,
634 4087 682 4119 non
696 4071 791 4119 durarit
810 4071 874 4119 nitra
892 4071 1064 4133 quadrantem.
1088 4069 1178 4132 Scripsi
1192 4069 1303 4118 Galilaea
1323 4068 1450 4132 quaedam
1470 4077 1496 4118 et
1509 4069 1594 4130 copiam

240 4139 285 4189 tibi
304 4140 454 4188 transmitto.
482 4140 569 4195 Credo,
590 4141 654 4203 qnod
668 4142 761 4190 culleus
775 4142 953 4204 quodammodo
968 4141 1081 4190 italicam
1095 4141 1219 4205 linguam:
1239 4142 1260 4188 si
1272 4140 1355 4204 legisti
1367 4141 1484 4188 remittas
1504 4153 1592 4204 quaese

330 4208 402 4270 Quae
421 4210 493 4259 docte
513 4220 538 4259 et
556 4212 693 4273 pererudito
719 4213 826 4274 explicas
846 4212 876 4261 de
895 4213 955 4261 iride
975 4219 1000 4261 et
1025 4212 1128 4267 halone,
1152 4216 1273 4273 jamnon
1297 4211 1365 4261 valet
1382 4226 1432 4261 uec
1451 4213 1539 4276 genius
1555 4221 1593 4256 nec

241 4288 347 4343 tempus,
367 4295 413 4329 nec
434 4283 498 4329 enim
518 4282 580 4330 adeo
599 4282 657 4331 lelix
676 4291 721 4330 uut
746 4284 895 4332 exercitatus
914 4299 968 4331 sum
986 4284 1011 4331 in
1034 4284 1185 4332 sectionibus
1208 4282 1300 4332 conicls
1320 4283 1409 4348 (Kepl.
1430 4284 1456 4332 in
1474 4285 1579 4348 margine

240 4353 270 4401 de
290 4352 342 4400 alia
359 4353 469 4400 sectione
489 4353 574 4416 loquor
592 4351 659 4416 ego),
681 4365 821 4416 exoptarem
841 4355 993 4418 magistrum,
1014 4362 1041 4401 ut
1059 4369 1143 4403 rerum
1161 4354 1251 4401 fatear.

328 4419 374 4482 te)
395 4438 417 4485 p.
440 4420 498 4470 eta.
537 4423 600 4472 llnic
621 4424 764 4486 problemati
784 4429 848 4473 inest
868 4426 1017 4474 constructio
1036 4425 1088 4473 tubi
1108 4426 1190 4488 optici,
1211 4439 1285 4487 quem
1304 4426 1362 4473 inde.
1382 4441 1398 4474 a
1419 4426 1521 4488 Keplcti
1539 4437 1589 4471 um·

238 4494 335 4556 poribus
355 4495 509 4542 nominamus
533 4495 640 4542 tubum
665 4497 922 4544 astronomicum
941 4510 983 4544 seu
1004 4495 1250 4558 Keplerianum.
1289 4496 1415 4558 Keplerus
1434 4497 1532 4560 quidem
1550 4509 1592 4557 ipse

240 4564 372 4612 destitutus
391 4566 456 4612 omni
476 4574 597 4628 apparatu
617 4573 642 4613 ot
660 4568 781 4618 subsidiis.
802 4568 876 4615 talem
896 4567 980 4615 tubum
994 4582 1042 4614 non
1061 4568 1183 4627 coniecit3
1202 4569 1293 4629 primus
1306 4570 1347 4631 qui
1359 4568 1462 4631 Kepleri
1480 4567 1592 4630 problema

239 4637 382 4685 mechanice
396 4635 473 4690 solvit,
488 4637 562 4684 hrisse
575 4637 671 4686 ridetur
684 4638 712 4686 P.
727 4638 889 4691 Scheiner,
909 4639 993 4700 quiin
1015 4637 1100 4692 ,Rosa
1119 4637 1224 4687 L'rsiua'·
1246 4636 1299 4699 (ed.
1320 4638 1457 4689 Braeciani
1474 4653 1500 4687 a.
1524 4633 1592 4686 ΝΜ

239 4707 315 4754 todem
340 4708 425 4755 tubum
445 4723 471 4755 ec
491 4708 631 4756 adhibuisse
657 4709 731 4757 relert
749 4709 781 4757 ad
800 4710 982 4757 observationes
1001 4711 1187 4758 astronomicas.

328 4775 374 4838 27)
399 4795 422 4841 p.
452 4776 511 4827 550.
560 4779 654 4827 Tubum
683 4780 720 4828 liis
748 4781 857 4828 innixum
886 4781 1010 4843 principiis
1041 4782 1178 4830 construxit
1203 4779 1261 4830 Chr.
1290 4783 1469 4842 Scheiuer,
1499 4793 1591 4844 emur

240 4848 355 4897 describit
373 4851 398 4897 in
418 4864 490 4912 opere
510 4866 554 4898 suo
573 4850 638 4914 quod
657 4851 728 4901 modo
748 4852 859 4899 diximus.
