3692 5842
359 497 402 565 52
777 496 877 546 Literas
895 496 997 561 Kepleri
1016 497 1167 560 aliorumque
1185 501 1288 545 mutuae

360 695 418 740 nou
442 676 483 737 sit
506 676 557 737 iris
581 676 677 754 major
696 674 897 747 semicirculo,
923 674 981 735 erit
1003 675 1073 753 quia
1096 673 1167 735 Sole
1192 673 1385 735 occumbente
1410 674 1504 736 Terre
1527 670 1639 733 avertit
1663 689 1714 732 ra·

361 765 427 826 dios
451 765 527 844 ejus.
576 762 625 825 Sit
647 764 732 826 EAF
756 757 862 842 22720
885 771 915 823 et
939 763 964 823 E
990 764 1073 836 belo;
1103 762 1194 823 ducta
1216 762 1259 824 El
1283 762 1431 841 parallelae
1460 761 1517 840 ipsi
1541 759 1613 833 AF,
1638 758 1713 820 iuci-

361 855 414 915 det
447 853 476 914 in
509 861 643 914 centrum
670 852 752 913 Solis
783 871 840 913 nou
874 852 972 912 minus
997 871 1085 932 quam
1114 852 1169 912 AF
1193 860 1315 929 propter
1348 851 1622 913 insensibilitatem.
1669 845 1717 909 Sit

361 950 461 1004 eutem
487 941 570 1004 GAB
595 936 671 1015 45⁰,
696 940 754 1001 erit
778 939 856 1002 CFB
881 938 922 1000 22
934 933 964 1021 Ἰ,
977 936 998 999 ⁰.
1045 941 1078 1001 Si
1098 940 1162 1018 jam
1186 940 1268 1001 risus
1291 948 1452 1019 poneretur
1474 939 1503 1000 in
1529 935 1572 1012 C,
1596 936 1714 998 videre·

360 1039 409 1093 tur
433 1030 486 1093 Sol
521 1031 634 1092 directe
667 1049 720 1109 per
744 1030 852 1090 lineam
878 1027 943 1090 Cll.
992 1027 1080 1098 Quod
1113 1030 1137 1088 si
1169 1030 1290 1108 insuper
1313 1029 1406 1090 etiam
1430 1037 1513 1090 esset
1536 1026 1643 1088 eadem
1667 1043 1714 1086 re-

362 1121 469 1182 tractio
494 1119 577 1181 iridis
602 1138 678 1198 quae
702 1119 833 1191 balonis,
859 1117 925 1178 risu
950 1116 1019 1179 inc
1044 1118 1142 1197 posito
1159 1116 1211 1179 Sol
1235 1119 1365 1179 refracte
1389 1118 1544 1179 rideretur
1565 1133 1621 1194 per
1636 1111 1715 1176 cml

361 1218 394 1271 ut
417 1210 500 1288 prius
523 1227 577 1288 per
600 1207 685 1270 AEl.
733 1205 813 1278 Quid
837 1206 951 1286 igitur?
975 1207 1023 1267 An
1049 1207 1112 1266 visu
1138 1208 1166 1267 in
1184 1206 1208 1268 C
1224 1207 1338 1286 posito,
1361 1216 1392 1268 et
1415 1206 1611 1286 contingente
1634 1199 1716 1264 iridis

359 1297 557 1365 refractione,
591 1295 644 1358 Sol
667 1316 721 1376 per
751 1294 836 1358 CAK
862 1296 1064 1374 spectabitur,
1090 1304 1120 1355 et
1151 1295 1194 1356 sic
1219 1316 1256 1355 ex
1280 1297 1389 1357 circulo
1413 1316 1466 1375 per
1496 1295 1522 1356 F
1558 1291 1641 1354 circa
1664 1289 1717 1352 cp

360 1406 447 1448 axem
473 1388 525 1447 fiet
547 1386 638 1447 halo?
685 1386 760 1446 Item
784 1405 822 1445 an
845 1384 912 1445 risu
937 1384 965 1444 in
990 1385 1015 1445 E
1039 1384 1153 1462 posito,
1183 1384 1254 1445 Sole
1279 1385 1307 1445 in
1330 1384 1373 1446 El
1398 1394 1429 1446 et
1453 1382 1636 1445 refractione
1660 1381 1713 1441 be·

360 1477 460 1538 lenum
484 1475 678 1554 contingente
706 1473 735 1534 in
760 1474 870 1535 circulo
893 1491 947 1551 per
970 1475 999 1534 A
1024 1474 1105 1533 circa
1127 1473 1169 1533 El
1194 1493 1290 1545 arem,
1318 1474 1473 1553 continget
1501 1470 1638 1552 spectari
1666 1467 1716 1530 iri·

360 1565 449 1626 dem?
480 1562 523 1624 Et
538 1563 674 1641 amplius,
701 1582 738 1622 au
759 1562 925 1623 concedent
940 1562 1011 1623 mihi
1033 1562 1138 1640 optici,
1164 1571 1196 1623 ut
1221 1563 1301 1623 nullo
1317 1563 1419 1625 habito
1444 1569 1584 1641 respectu
1608 1559 1717 1639 figam

360 1654 442 1714 atiris
467 1652 510 1713 sic
538 1652 725 1713 considerem
750 1651 845 1724 illum,
881 1671 916 1711 ac
940 1652 966 1711 si
989 1651 1036 1711 rel
1060 1670 1165 1712 rersus
1189 1652 1285 1712 risum
1309 1653 1357 1713 uel
1380 1670 1486 1712 versus
1509 1650 1615 1712 Solem
1638 1655 1719 1709 esset

360 1741 492 1822 planus?
539 1739 668 1802 Omnino
693 1741 748 1801 hoc
772 1740 899 1801 videtur.
947 1741 1025 1801 Nam
1049 1740 1102 1801 illa
1126 1740 1250 1813 nebula,
1284 1741 1313 1801 in
1339 1761 1398 1822 que
1423 1741 1493 1801 olim
1518 1739 1578 1800 ridi
1604 1737 1716 1808 iridem,

362 1830 536 1910 agitabatur
561 1851 579 1889 a
602 1829 793 1910 rapidissimo
817 1838 916 1901 rento,
943 1828 1025 1889 nulla
1048 1836 1131 1888 certa
1155 1829 1258 1908 ligura.
1304 1829 1347 1890 Et
1371 1830 1423 1890 iris
1443 1846 1562 1908 semper
1580 1826 1717 1900 circulus,

363 1918 418 1981 Sol
442 1937 499 1980 non
524 1937 655 1999 semper,
695 1938 751 1979 uon
783 1918 975 1979 circumcirca
1000 1917 1173 1997 aequalibus
1198 1918 1315 1997 augulis
1340 1919 1367 1979 iu
1392 1919 1503 1998 figurae
1528 1924 1633 1978 adrem
1655 1925 1716 1978 ter·

359 2007 714 2086 minantissuperficiem
738 2007 865 2078 incidit,
900 2014 965 2078 aut,
1001 2007 1025 2067 si
1051 2007 1161 2079 maris,
1197 2007 1224 2067 in
1255 2027 1397 2086 aquarum
1430 2017 1461 2067 et
1484 2015 1641 2086 guttarum
1664 2003 1716 2065 de-

360 2096 566 2159 scendentium
597 2106 713 2158 tractus
748 2104 858 2157 rectos.
905 2095 970 2154 Nee
1004 2094 1081 2155 enirn
1115 2115 1232 2174 semper
1264 2097 1380 2174 delapsi
1412 2097 1487 2158 recti
1511 2103 1591 2157 sunt.
1638 2093 1716 2172 Ergo

359 2205 417 2247 non
441 2186 536 2264 figura
560 2186 639 2247 aeris
667 2184 721 2247 sed
745 2185 812 2263 ipsa
834 2184 1026 2263 profunditas
1054 2194 1179 2261 generat
1209 2185 1333 2245 haloues
1358 2193 1390 2247 et
1413 2185 1513 2246 irides.
1560 2181 1715 2262 Amplius:

360 2293 397 2335 an
423 2273 589 2336 consistere
613 2275 743 2353 poterit,
769 2281 802 2335 ut
825 2281 909 2345 aere,
934 2281 968 2333 ut
991 2273 1035 2332 ita
1058 2272 1174 2347 dicam,
1200 2282 1405 2352 gottesceute,
1436 2272 1579 2334 refractio
1605 2271 1649 2335 sit
1671 2269 1716 2332 di·

361 2363 453 2425 midio
477 2363 586 2439 minor,
621 2382 709 2442 quam
729 2364 790 2442 jam
816 2361 997 2441 depluentc?
1043 2362 1084 2421 Et
1107 2380 1198 2440 quare
1226 2363 1307 2423 circa
1330 2362 1432 2424 Solem
1456 2363 1538 2423 nulla
1561 2361 1618 2423 iris
1642 2359 1716 2433 (sci-

361 2452 433 2514 licet
456 2452 604 2514 diametro
629 2447 718 2524 90⁰),
743 2451 771 2511 in
797 2451 936 2530 opposito
952 2448 1032 2511 Solis
1057 2451 1154 2511 nullus
1178 2451 1247 2513 halo
1272 2445 1611 2524 (sc.diametro‹15⁰)?
1634 2445 1714 2510 Nihil

360 2540 445 2603 dicas
469 2542 505 2602 de
529 2540 691 2619 phantasia
716 2539 812 2613 risus;
838 2548 943 2600 teneas
967 2558 1020 2618 pro
1045 2547 1141 2612 certo,
1167 2540 1245 2620 quod
1266 2548 1296 2599 et
1311 2541 1378 2602 halo
1394 2551 1426 2601 et
1448 2541 1501 2601 iris
1527 2559 1582 2620 per
1606 2537 1716 2601 realem

360 2630 559 2694 radiationem
574 2630 612 2690 ad
631 2629 747 2691 oculum
766 2629 886 2700 reniet3
910 2627 1034 2706 probari
1059 2629 1089 2688 in
1113 2648 1180 2689 mea
1199 2648 1334 2704 camera;
1359 2649 1427 2691 nam
1445 2630 1604 2708 parelium,
1622 2626 1716 2708 portio

361 2720 397 2781 de
424 2719 542 2794 halone,
568 2738 605 2780 ex
628 2719 755 2780 nubibus
772 2737 804 2779 se
820 2716 917 2797 pinxit
941 2717 1028 2778 intro.
1075 2716 1116 2777 Et
1140 2725 1254 2790 tamen,
1280 2719 1305 2779 si
1322 2718 1446 2799 quilibet
1464 2718 1621 2798 propriam
1636 2716 1716 2778 ridet

362 2809 466 2871 iridem
496 2818 528 2868 et
558 2808 710 2881 halonem‚
745 2815 797 2868 aut
827 2826 885 2866 non
918 2806 1014 2866 omnis
1046 2812 1098 2866 abr
1128 2807 1255 2867 collucet
1281 2808 1450 2869 coloribus?
1496 2806 1612 2869 Confer
1634 2821 1715 2886 prop.

360 2893 492 2960 23-28
517 2897 574 2957 mei
602 2896 713 2978 capitis
737 2896 762 2956 l.
811 2894 844 2956 Si
878 2895 1003 2973 quilibet
1035 2895 1185 2972 propriam
1208 2896 1291 2958 videt
1324 2896 1443 2965 iridem,
1476 2895 1625 2976 possibile
1648 2909 1716 2974 ergo

361 2996 423 3060 est,
457 2997 491 3047 ut
515 2986 623 3066 aliquis
646 2984 751 3046 rideat
775 2984 880 3044 iridem
904 2983 933 3044 in
959 2984 1024 3044 loco
1049 2983 1104 3042 mei
1129 2983 1226 3057 risus;
1262 2987 1301 3046 ad
1326 2987 1423 3047 locum
1447 3003 1518 3062 ergo
1554 2983 1614 3045 mei
1640 2983 1717 3043 risus

361 3075 503 3138 allabitur
527 3076 678 3136 coloratus
702 3073 813 3134 radius.
860 3073 903 3132 At
928 3071 1069 3132 allabitur
1084 3073 1122 3132 ad
1138 3073 1234 3134 locum
1256 3075 1314 3134 mei
1338 3074 1419 3135 risus
1444 3075 1548 3136 radius
1564 3073 1649 3134 Solis
1667 3089 1718 3151 per

362 3185 467 3246 equas,
492 3163 610 3242 pluuias
636 3171 687 3223 aut
712 3181 838 3241 aqueum
863 3168 973 3222 aerem.
1007 3161 1084 3220 n'am
1101 3159 1171 3221 Sole
1196 3162 1392 3224 interlucente
1418 3164 1496 3224 inter
1510 3163 1633 3241 pluvias
1650 3162 1678 3223 h.
1692 3178 1717 3221 e.

361 3273 428 3314 cum
452 3252 506 3314 Sol
530 3253 663 3324 ridetur,
689 3251 807 3312 ridetur
831 3261 862 3310 et
886 3249 954 3322 iris;
979 3269 1047 3310 nam
1072 3269 1191 3328 semper
1214 3270 1272 3312 una
1296 3250 1350 3312 Sol
1374 3260 1512 3331 apparet.
1561 3249 1627 3313 Cur
1648 3267 1717 3328 ergo

362 3341 465 3404 Solem
491 3360 546 3420 ego
571 3361 627 3401 non
654 3340 740 3400 video
765 3339 898 3412 uiridem,
925 3341 1047 3411 flarom,
1073 3338 1206 3410 rubrum,
1231 3341 1415 3415 caeruleum,
1441 3341 1466 3402 si
1491 3340 1569 3400 risio
1585 3339 1718 3420 sequitur

361 3430 480 3493 modurn
506 3429 737 3492 illustrationis?
762 3429 867 3490 Dicam
893 3428 1021 3506 aliquid,
1057 3436 1088 3487 ut
1114 3426 1226 3489 lrabeas
1250 3429 1320 3508 quid
1345 3430 1501 3508 impugnes
1525 3439 1582 3490 aut
1604 3425 1718 3490 exami-

362 3540 434 3581 nes:
469 3519 549 3581 Solis
574 3518 650 3580 radii
675 3538 732 3579 uon
758 3518 945 3586 colorantur,
979 3516 1036 3575 uisi
1060 3515 1088 3575 iu
1114 3526 1198 3577 certa
1222 3518 1392 3596 quantitate
1423 3517 1628 3580 retractionis.
1666 3517 1716 3578 ln·

364 3610 489 3688 gredere
514 3627 664 3669 cameram
689 3608 820 3686 optieom
844 3626 910 3666 curu
935 3605 1024 3682 globo
1049 3624 1158 3683 aqoeo,
1193 3625 1356 3686 perquem
1381 3608 1482 3669 radios
1506 3607 1590 3668 Solis
1614 3615 1716 3670 bans-

363 3698 460 3760 mitte.
500 3698 564 3758 Duc
594 3715 665 3773 ergo
690 3696 746 3774 ipsi
771 3693 825 3756 AC
841 3695 1006 3774 parallelas
1027 3704 1213 3774 quotcunque
1242 3714 1295 3774 pro
1316 3696 1430 3757 visibus
1447 3697 1532 3769 aliis,
1557 3715 1611 3758 eas
1635 3696 1717 3756 risus

362 3806 446 3848 meus
470 3786 499 3868 in
519 3787 549 3846 A
564 3785 728 3845 intuebitur
753 3794 784 3846 ut
809 3784 917 3856 lineas,
943 3784 1040 3842 solam
1063 3781 1119 3844 AC
1144 3795 1176 3843 ut
1200 3793 1351 3861 punctum.
1387 3783 1524 3854 Quilibet
1548 3804 1620 3863 ergo
1636 3782 1716 3846 Solis

362 3875 463 3935 radius
477 3892 649 3952 quocunque
666 3874 741 3946 loco,
768 3892 872 3951 nempe
888 3872 961 3932 etin
977 3872 1001 3932 F
1025 3880 1056 3931 et
1085 3872 1113 3931 in
1136 3873 1165 3932 A
1190 3873 1345 3946 dividitur,
1371 3883 1405 3935 ut
1429 3894 1467 3936 ex
1490 3875 1572 3936 linea
1594 3873 1719 3935 radios·

364 3962 418 4022 liat
449 3961 546 4039 portio
570 3960 798 4039 lieruieplraerii,
833 3962 916 4038 cujus
942 3961 1066 4021 concavi
1101 3960 1227 4037 angulus
1252 3962 1293 4022 sit
1317 3957 1388 4025 90⁰.
1435 3963 1477 4025 Et
1500 3982 1538 4023 ex
1561 3962 1619 4024 boc
1643 3979 1718 4024 cono

364 4050 420 4111 soli
454 4049 579 4111 extremi
611 4050 689 4127 apud
723 4049 788 4109 coni
822 4050 1007 4128 superficiem
1041 4048 1221 4110 colorantur.
1267 4049 1335 4110 Etsi
1361 4052 1452 4131 igitur
1475 4052 1596 4131 aliquae
1621 4049 1720 4113 lineae

363 4139 505 4212 visionis,
538 4148 570 4199 ut
593 4139 663 4211 AL,
698 4138 831 4198 incidunt
856 4139 882 4198 in
908 4139 1058 4199 coloratas
1084 4137 1174 4210 alias,
1199 4147 1232 4199 ut
1256 4139 1317 4199 MN
1343 4140 1370 4200 in
1400 4151 1511 4220 puncto
1536 4138 1581 4215 Ο,
1615 4150 1719 4203 tamen

364 4226 556 4307 Opunetum
582 4229 691 4288 saltem
715 4236 771 4301 est,
797 4238 827 4287 ct
851 4227 899 4287 lric
924 4228 1005 4287 color
1029 4227 1192 4286 evanescit.
1238 4227 1302 4288 Imo
1327 4230 1396 4308 quid
1421 4230 1522 4290 verbis
1547 4230 1646 4309 opus?
1669 4247 1719 4292 res

364 4317 402 4378 ad
417 4317 625 4389 Aristotelem,
652 4326 685 4376 ut
699 4316 796 4386 rideo,
821 4315 999 4389 revolt·itur;
1025 4315 1238 4394 temperabone
1255 4317 1325 4378 mihi
1340 4338 1358 4377 a
1374 4318 1568 4399 Pythagoreo
1592 4316 1721 4380 Jubint

364 4404 435 4466 Sive
461 4406 489 4467 in
515 4424 634 4465 camera
658 4405 758 4482 optica
782 4405 839 4478 sis,
865 4405 928 4464 sire
953 4413 1058 4465 eontra
1075 4404 1162 4464 orbes
1186 4406 1300 4465 vitreos
1324 4415 1403 4480 steS,
1428 4408 1492 4467 sire
1516 4407 1667 4470 matutino
1690 4407 1721 4468 in

364 4513 430 4557 rore
460 4493 638 4564 inambules,
675 4492 780 4572 ubique
810 4493 928 4553 obvium
960 4504 1007 4554 est
1032 4512 1152 4553 cernere
1182 4505 1296 4554 certum
1320 4504 1351 4555 et
1375 4494 1541 4557 dimensum
1565 4496 1722 4574 angulum,

365 4601 421 4662 quo
447 4582 555 4656 angulo
587 4582 727 4661 splendor
752 4580 831 4642 Solis
864 4582 890 4641 iu
926 4600 1005 4654 rore,
1040 4582 1068 4640 in
1101 4582 1194 4652 ritro,
1229 4583 1257 4643 in
1287 4603 1366 4663 aqua
1398 4584 1553 4646 coloratus
1576 4585 1722 4658 cernitur,

364 4673 445 4733 nullo
470 4669 528 4729 alio
553 4672 672 4749 arrgulo.
707 4669 755 4730 Sit
787 4690 857 4747 ergo
882 4676 935 4729 adr
958 4678 1111 4746 guttarum
1127 4671 1254 4750 undique
1278 4674 1399 4750 plenus,
1424 4674 1483 4736 erit
1506 4682 1539 4737 et
1563 4673 1646 4737 linea
1665 4671 1722 4736 AC

365 4761 455 4839 plena
478 4767 510 4819 ct
534 4759 575 4819 sit
589 4757 675 4820 ACll
692 4759 741 4818 ille
766 4760 892 4836 angulus
918 4758 1064 4819 colorans.
1100 4757 1190 4819 Color
1215 4760 1305 4837 igitur
1328 4763 1521 4826 ridebiturin
1547 4763 1637 4826 lineis
1652 4761 1724 4836 Ac,

367 4866 424 4907 non
451 4844 522 4919 AO,
556 4847 626 4926 quia
649 4847 735 4908 AOE
760 4867 817 4908 uon
842 4856 890 4907 cst
914 4849 1039 4922 angrrlus
1063 4848 1212 4908 colorans.
1258 4850 1327 4910 lam
1352 4851 1425 4913 AEl
1449 4861 1497 4913 est
1526 4863 1648 4916 tantum
1670 4871 1723 4916 re·

314 4961 320 4968 ·
367 4936 496 5004 tractus,
529 4933 614 4995 ACll
649 4943 697 4996 cst
720 4955 912 5013 repercussus
938 4936 1023 4997 siuml
1055 4945 1085 4994 et
1110 4937 1265 4998 retractus.
1312 4938 1354 5000 Et
1378 4941 1445 5002 lriuc
1471 4944 1603 5004 fortasse
1627 4961 1725 5006 causa

363 5020 579 5106 ¹duplicationis
603 5022 800 5102 angulorum?
845 5024 938 5086 Nulla
961 5024 1106 5086 coloratio
1131 5044 1150 5084 a
1172 5024 1253 5085 nuda
1267 5028 1492 5105 repercussione
1515 5029 1582 5093 sine
1605 5031 1725 5096 refrac-
