3692 5842
325 462 386 528 152
792 462 983 527 Paralipomena
1001 466 1026 513 in
1045 463 1212 515 Vitellionent.

322 661 424 716 perse
452 659 540 714 neque
562 643 598 696 ab
626 642 682 697 alio
712 653 815 698 motum
843 643 932 697 risum
959 652 1058 697 moret.
1101 645 1159 699 Nec
1178 645 1237 697 ullo
1267 660 1349 697 sensu
1380 641 1520 696 conclusio
1549 655 1619 694 rere
1640 649 1686 694 est

324 724 476 793 (destructa
505 721 673 791 praemissa)
695 724 746 776 nisi
769 725 791 777 si
813 723 872 793 quis
901 724 1092 777 transitionem
1118 724 1274 794 passionem
1300 724 1389 784 dicat,
1418 740 1493 800 cum,
1508 729 1602 776 tamen
1630 735 1686 790 quo

323 804 480 874 expeditius
503 803 637 855 transitur
657 804 773 858 medium
795 805 846 856 hoc
868 804 955 856 minus
977 805 1109 872 patiatur,
1132 823 1182 858 nec
1204 805 1263 857 ulla
1282 803 1310 858 in
1331 815 1413 873 parte
1433 801 1561 872 patiatur
1582 800 1634 854 uisi
1657 799 1684 852 in

323 893 441 955 utraque
462 882 614 951 superficie,
637 900 690 951 quo
711 893 840 954 respectu
862 884 977 937 medium
992 901 1054 936 esse
1075 885 1177 955 nequit.
1206 885 1276 937 Nam
1291 883 1457 938 Aristoteles
1470 889 1504 936 ut
1524 883 1687 936 traduceret

324 965 430 1035 species
452 965 572 1016 colorum
594 980 681 1032 usquc
703 966 738 1016 ad
759 973 915 1017 contactum
938 964 1024 1024 oculi,
1054 982 1152 1034 corpus
1174 965 1290 1017 solidum
1317 962 1458 1031 interjecit
1484 962 1567 1033 idque
1595 967 1686 1014 totum

326 1044 429 1098 mereri
444 1059 462 1095 a
476 1043 567 1096 colore
582 1043 683 1095 voluit:
700 1044 781 1097 binae
797 1035 861 1097 vero
877 1044 1057 1097 terminantes
1071 1045 1229 1114 superficies
1239 1062 1292 1097 uon
1304 1051 1369 1097 sunt
1382 1059 1482 1112 corpus
1497 1041 1685 1108 interjectum.

416 1123 488 1176 Hinc
509 1131 537 1176 et
559 1124 593 1175 V.
615 1124 762 1185 refutatur,
785 1124 850 1194 quia
871 1126 973 1191 pendet
995 1140 1012 1175 a
1033 1135 1141 1193 quarto.
1182 1129 1221 1178 At
1242 1140 1330 1194 neque
1352 1123 1375 1176 si
1396 1140 1433 1176 ex
1455 1122 1522 1176 meis
1543 1118 1687 1192 principiis

328 1205 502 1265 informetur,
533 1204 632 1255 bonum
653 1203 721 1266 erit,
744 1205 770 1257 in
792 1206 864 1257 huno
890 1206 1005 1257 modum.
1048 1206 1110 1258 Lux
1137 1203 1238 1258 transit
1266 1203 1432 1273 pellucidum
1452 1211 1484 1257 at
1504 1219 1559 1255 non
1584 1199 1689 1254 transit

330 1285 519 1346 tenebrosum,
542 1299 612 1352 quae
634 1301 702 1353 ergo
725 1285 751 1337 in
780 1284 901 1337 tenebris
929 1302 982 1336 uon
1008 1293 1072 1337 sunt
1099 1284 1246 1353 pellucido.
1288 1284 1357 1338 liant
1384 1284 1490 1353 petitur
1514 1280 1689 1352 principium.

330 1363 468 1435 quiahoc
490 1363 578 1432 ipsum
601 1363 666 1416 facit
690 1366 828 1426 tenebras,
852 1381 911 1416 cum
933 1365 983 1417 lux
1005 1366 1085 1418 abest
1108 1381 1124 1417 a
1146 1364 1292 1433 pellucido.
1314 1393 1353 1402 -
1383 1365 1440 1418 Nec
1461 1362 1631 1432 pellucidum
1653 1360 1689 1412 ab

330 1444 390 1514 ipso
412 1451 477 1497 actu
498 1460 596 1496 nomen
617 1443 711 1506 habet,
734 1445 812 1514 quasi
827 1462 881 1497 non
896 1444 932 1496 sit
953 1443 1014 1512 ejus
1035 1453 1162 1506 naturae,
1185 1445 1255 1514 quod
1270 1462 1325 1497 non
1339 1453 1403 1498 actu
1423 1444 1559 1512 pellucet.
1594 1440 1690 1494 Pellu-

329 1531 406 1578 seret
426 1523 497 1575 enim
519 1523 541 1575 si
564 1523 613 1575 lux
635 1525 755 1578 adesset.

420 1604 482 1656 Jam
503 1603 549 1655 l'l.
572 1611 617 1667 est
636 1603 801 1657 indifferens.
829 1604 1023 1671 Respondetur
1042 1604 1076 1655 ad
1097 1603 1227 1655 minorem
1247 1619 1297 1671 per
1318 1602 1528 1656 distinctionem.
1558 1599 1693 1654 Essentia

331 1682 461 1754 pellucidi
483 1693 619 1751 quatenus
641 1684 806 1750 pellucidum
821 1701 874 1736 non
894 1695 936 1736 est
959 1685 1008 1736 lux
1023 1699 1072 1735 seu
1093 1699 1226 1751 praesens
1241 1699 1290 1735 seu
1312 1683 1422 1744 absens,
1445 1684 1493 1735 sed
1515 1682 1579 1735 sola
1599 1681 1692 1749 dispo·

331 1763 397 1817 sitio
419 1763 528 1815 interna
549 1762 680 1831 corporis.
725 1765 867 1816 Tenebrae
889 1781 943 1815 non
968 1763 1081 1832 privant
1106 1762 1270 1831 pellucidum
1291 1762 1345 1815 hac
1369 1761 1506 1825 essentia,
1533 1777 1621 1833 quare
1643 1776 1694 1814 nee

331 1846 381 1898 lux
403 1858 464 1895 eam
486 1842 572 1910 ponit.
615 1841 668 1895 Sed
690 1844 712 1895 si
734 1843 900 1912 pellucidum
932 1843 1001 1895 idem
1031 1855 1110 1895 sonet
1138 1845 1208 1911 quod
1237 1844 1399 1911 pelluceus,
1431 1843 1566 1896 tenebrae
1598 1841 1696 1910 utique

332 1922 453 1978 indicant
475 1938 529 1975 non
554 1922 710 1989 pellucere‚
743 1925 832 1976 lumen
861 1923 948 1993 igitur
977 1940 1074 1976 nomen
1104 1922 1154 1990 ipsi
1186 1923 1314 1975 conciliat
1346 1921 1523 1991 pelluceutis.
1566 1921 1620 1975 Sed
1643 1919 1695 1972 boe

334 2011 418 2073 pacto
440 2002 531 2054 lumen
553 2018 606 2054 non
628 2012 672 2054 est
693 2003 767 2056 aliud
790 2003 931 2072 quippiam
957 2019 1038 2071 quam
1065 2002 1170 2070 speeies
1192 2018 1209 2054 a
1230 2003 1367 2055 coloribus
1395 2017 1512 2056 manans
1534 2018 1586 2054 nec
1607 1997 1696 2053 servit

332 2083 441 2136 intento
464 2081 640 2143 Aristotelis,
667 2083 714 2151 qui
735 2104 766 2137 ro
787 2104 857 2154 qen,
880 2095 971 2135 actum
999 2081 1144 2150 pellucidi,
1174 2082 1239 2135 iacit
1261 2092 1363 2135 natura
1388 2092 1417 2135 et
1443 2082 1590 2135 intellectu
1618 2077 1696 2148 prins

334 2161 426 2232 specie
448 2160 556 2223 coloris,
579 2161 656 2229 prius
678 2163 750 2216 enim
772 2164 822 2232 ipsi
846 2163 1012 2232 pellucidum
1034 2162 1060 2214 in
1082 2171 1173 2215 actum
1194 2162 1353 2230 perducitur
1367 2164 1405 2215 ab
1426 2162 1596 2215 informante
1613 2177 1698 2232 quet,

334 2253 436 2312 postea
457 2242 533 2294 color
553 2253 645 2293 moret
666 2241 717 2295 boc
739 2255 804 2296 actu
825 2243 999 2311 pellucidum,
1020 2243 1100 2311 eique
1122 2243 1240 2310 speciem
1261 2242 1303 2295 sui
1326 2241 1463 2311 imprimit.

421 2321 564 2389 Exspecto
579 2320 641 2389 quid
664 2323 813 2375 academici
834 2331 931 2375 contra
946 2323 999 2375 sint
1022 2322 1136 2375 allaturi
1155 2324 1341 2391 quomodoque
1363 2322 1494 2375 bonorem
1509 2319 1553 2374 sui
1565 2317 1697 2390 magistri

333 2397 417 2472 (qnod
439 2401 499 2470 ipse
521 2417 576 2453 non
597 2400 678 2469 petiit
701 2398 834 2471 unquam)
856 2401 968 2454 veritati
989 2402 1131 2470 praeferre
1160 2402 1214 2454 sint
1243 2402 1420 2456 attentaturi.
1462 2401 1594 2454 Ceterum
1621 2398 1697 2468 qnis-

332 2481 393 2553 quis
415 2498 455 2543 es,
480 2482 524 2534 cui
545 2496 649 2533 mecum
671 2483 835 2535 contendere
857 2482 986 2542 lubuerit‚
1009 2480 1077 2533 scito
1100 2481 1239 2551 indignum
1260 2482 1313 2534 hac
1333 2482 1481 2551 palaestra
1500 2480 1632 2534 habitum
1654 2477 1697 2538 iri.

332 2560 385 2615 nisi
417 2577 553 2614 cameram
582 2576 671 2614 meam
701 2572 833 2632 sequente
863 2562 956 2630 capite
978 2562 1011 2615 ll.
1033 2561 1199 2631 descriptam
1227 2561 1311 2614 trieris
1339 2561 1500 2633 ingressus:
1532 2577 1606 2631 quae
1637 2558 1700 2612 sola

332 2641 479 2695 Aristoteli
500 2639 596 2694 deluit.
640 2640 728 2702 Quam
750 2642 773 2694 si
794 2653 824 2693 tu
847 2642 964 2694 monitus
986 2641 1127 2711 negligas,
1150 2659 1202 2694 non
1224 2643 1321 2694 eadem
1342 2642 1489 2696 excusatio
1511 2649 1541 2694 te
1563 2640 1697 2698 tuebitur,

333 2735 405 2791 quae
426 2721 614 2774 Aristotelem.
627 2715 654 2782 2)

423 2883 536 2946 ⁸)1ntn
559 2883 634 2948 [Cap.
656 2886 686 2932 l'.
707 2885 764 2934 Nro.
785 2883 814 2944 t)
842 2887 899 2935 dum
929 2888 1085 2935 examinatur
1112 2889 1237 2936 sententia
1259 2888 1284 2937 J.
1303 2889 1335 2938 tt.
1354 2886 1462 2944 Portae.
1490 2887 1605 2935 invenies
1625 2883 1701 2946 bujns

334 2956 508 3021 disputationis
528 2971 648 3005 summam
668 2969 692 3005 et
712 2957 891 3019 compendium.

911 3391 1029 3487 Caput
1064 3389 1111 3461 ll.

822 3548 878 3611 De
894 3549 1089 3628 ‚aparatione
1112 3548 1201 3610 lueis.

420 3710 589 3780 andiunt)
615 3707 696 3772 Solis
725 3729 779 3788 per
803 3725 1008 3788 quauteunque
1033 3707 1170 3768 rimulam
1195 3705 1398 3768 intromissum
1424 3704 1529 3766 circuli
1554 3707 1655 3768 iorma
1673 3707 1702 3767 in

330 3800 452 3878 planum
478 3799 628 3875 objectum
658 3797 805 3870 incidere,
835 3816 883 3857 res
908 3809 956 3855 est
987 3795 1124 3855 sitinibns
1153 3796 1251 3855 cloia.
1299 3794 1365 3855 Hoc
1389 3793 1446 3855 sub
1476 3794 1569 3855 tectis
1594 3795 1703 3856 debis·

333 3885 482 3950 centibus.
508 3885 562 3945 boe
588 3886 615 3944 in
642 3886 733 3956 lanis,
759 3886 891 3965 pertusis
917 3883 1117 3944 fenestrarum
1141 3885 1244 3957 vitris,
1269 3883 1324 3943 hoc
1350 3882 1407 3943 sub
1432 3881 1570 3963 qualibet
1595 3884 1704 3946 arbore

334 3972 530 4051 conspicitur.
570 3973 667 4051 Hujus
691 3992 763 4052 ergo
787 3974 830 4034 rei
854 3972 998 4033 miraculo
1025 3971 1106 4032 ducti
1137 3985 1256 4032 veteres
1280 3972 1308 4032 in
1333 3991 1444 4032 causas
1469 3971 1705 4051 investigandas

334 4059 540 4122 incubuerunt.
590 4059 749 4134 Ceterum,
785 4063 834 4141 qui
871 4080 973 4122 veram
1006 4060 1203 4138 problematis
1244 4060 1536 4121 demonstrationem
1566 4060 1705 4141 legitime

335 4148 523 4230 expediverit
556 4148 708 4229 bucusque
741 4151 812 4211 mibi
845 4150 927 4210 risus
960 4168 1017 4209 non
1047 4162 1104 4208 est.
1152 4148 1279 4210 Vitellio
1310 4159 1381 4209 ante
1415 4159 1572 4211 trecentos
1607 4170 1705 4212 annos

336 4238 432 4300 votuit
455 4238 486 4299 id
510 4237 647 4298 accidere
676 4250 800 4317 propter
833 4238 933 4299 nescio
958 4256 1047 4316 quarn
1080 4237 1231 4298 radiorum
1263 4236 1546 4317 aequidistantiam.
1595 4239 1706 4321 itaque

335 4327 571 4408 propositionem
602 4322 654 4388 39.
686 4325 752 4387 libri
778 4327 899 4387 secundi
929 4327 1115 4386 demonstrat
1139 4344 1192 4404 per
1215 4324 1268 4388 35.
1293 4326 1439 4403 ejusdem.
1476 4329 1521 4387 At
1550 4327 1707 4390 delectum

337 4415 424 4495 bujus
457 4434 530 4476 snae
564 4414 828 4475 demonstrationis
862 4415 926 4493 ipse
960 4433 1018 4474 non
1046 4413 1219 4475 dissimulat
1249 4433 1336 4494 prop.
1362 4411 1415 4477 35.
1443 4425 1523 4486 sorte,
1553 4415 1706 4496 inquiens,

339 4515 375 4566 ad
396 4514 469 4567 istud
491 4513 606 4567 multum
627 4525 794 4581 cooperatur
815 4512 972 4581 proprietas
993 4513 1140 4566 radiorum.
1183 4502 1216 4563 ln
1232 4502 1280 4564 bis·
1299 4521 1428 4563 versans
1449 4504 1708 4584 ambiguitatibus

340 4590 488 4659 ostendit,
514 4609 546 4650 se
569 4609 693 4650 causam
717 4608 833 4660 reram,
867 4609 943 4669 quae
967 4609 1004 4649 ex
1028 4590 1126 4651 altera
1149 4590 1416 4653 demonstrationis
1441 4591 1508 4669 ejus
1531 4603 1624 4671 parte
1647 4593 1707 4655 ob·

341 4696 426 4740 scure
451 4678 611 4755 colligitur,
638 4695 696 4739 non
720 4678 916 4739 intellexisse.
957 4677 1042 4739 iiune
1066 4689 1187 4740 secutus
1205 4677 1362 4742 Jobannes
1382 4680 1522 4755 Pisanus,
1541 4677 1585 4748 ”l
1609 4682 1707 4764 Epis-

431 4907 459 4972 ·)
480 4909 581 4964 assit
601 4926 656 4965 τοι
676 4909 737 4976 jam
764 4923 844 4976 porro
866 4907 922 4962 iere
952 4925 1059 4977 semper
1086 4911 1201 4963 sumitur
1221 4927 1271 4980 pro
1298 4913 1426 4982 portione
1446 4930 1496 4968 seu
1518 4915 1614 4987 ignee
1635 4917 1708 4973 lueis

344 4985 1535 5065 hupaldeapereliqnsnlenestrenseutoranenallspeaeettqnntae.
