3692 5842
1578 448 1774 497 Lxxxi
1852 449 2118 510 Lxxxni.
2188 433 2193 438 '
3072 451 3201 518 547

481 619 752 685 visibile.
819 623 972 686 Dico
1002 623 1234 684 oculum
1268 623 1317 687 C
1351 627 1728 687 remotiorem
1775 627 1984 705 majori
2035 629 2252 707 angulo
2302 629 2567 708 indigere
2617 630 2694 690 ad
2742 630 2901 690 idem
2948 629 3202 703 visibile,

482 711 542 774 si
593 712 774 775 fuerit
821 712 1219 792 longinquum,
1273 716 1911 792 comprehendendum.

663 801 1015 864 Educantur
1063 802 1218 863 enim
1265 821 1338 863 ex
1386 803 1469 877 D,
1519 804 1571 863 E
1620 805 1867 865 refracti
1915 822 2099 883 usque
2147 805 2222 864 ad
2273 805 2506 867 visibile
2555 804 2694 879 DG,
2746 805 2877 865 ΕΗ.
2972 803 3204 876 Quodsi

487 909 563 950 ex
615 887 666 952 C
726 911 839 951 non
901 890 1112 969 majori
1180 893 1398 970 angulo
1467 893 1766 954 videbitur
1819 893 1965 953 illud
2026 892 2260 952 visibile
2328 895 2566 972 lougin-

485 997 705 1058 quum,
773 979 1052 1041 videatur
1118 979 1298 1059 igitur
1359 982 1630 1058 aequali,
1698 990 1761 1040 et
1828 982 1972 1059 ipsis
2029 981 2173 1053 FD,
2232 982 2336 1041 1³1⁴:
2394 1003 2467 1043 ex
2517 982 2566 1044 C

481 1066 818 1146 parallelae
886 1067 942 1127 in
1013 1068 1382 1147 superficiem
1451 1071 1745 1130 ducantur
1796 1069 1941 1142 CA,
1994 1068 2127 1141 CB,
2180 1076 2244 1129 ut
2293 1070 2460 1132 ACB
2511 1080 2573 1132 et

483 1153 652 1216 DFE
699 1155 824 1216 sint
870 1157 1177 1234 aequales,
1258 1156 1406 1218 Cum
1449 1158 1629 1236 igitur
1661 1157 1791 1231 CA,
1836 1156 1941 1218 CB
1982 1158 2173 1235 inagis
2215 1157 2571 1220 inclinentur
2749 1143 2757 1301 N

481 1261 668 1324 super
715 1245 1085 1323 superficiem
1132 1246 1243 1306 AB
1295 1266 1467 1325 quam
1516 1247 1644 1320 ΕΙ),
1693 1245 1828 1317 FE,
1877 1248 2068 1324 magis
2119 1245 2299 1323 igitur
2346 1248 2567 1308 refrin-

479 1343 705 1412 gantur
763 1332 904 1404 CA,
954 1332 1058 1395 CB
1126 1354 1299 1413 quam
1367 1335 1503 1406 ΕΙ),
1554 1335 1674 1409 FE,
1728 1355 1834 1413 per
1882 1335 1959 1395 X.
2056 1333 2257 1404 Quare
2323 1336 2571 1396 refracti
2757 1335 2761 1390 Ι
2833 1325 2853 1457 γ
2990 1335 3010 1423 ς’,
3078 1360 3086 1415 ,ι

485 1421 755 1500 ipsorum
807 1420 936 1496 CA,
991 1421 1095 1483 CB
1147 1424 1239 1494 (et
1286 1432 1531 1500 propter
1598 1424 1709 1483 hoc
1757 1432 1820 1484 et
1880 1442 1987 1501 per
2032 1422 2371 1494 XXXIV.)
2420 1443 2568 1484 con-
2761 1392 2765 1452 Ι
2853 1388 2861 1505 Ι,
2986 1427 3006 1461 ’·

479 1520 730 1572 current
775 1531 906 1572 cum
955 1511 1233 1572 refractis
1282 1512 1544 1589 ipsorum
1584 1513 1713 1583 ΡΙ),
1747 1511 1870 1584 FE,
1922 1511 2207 1571 alternis:
2263 1513 2399 1590 quia
2431 1510 2561 1580 CA,
2626 1587 2631 1591 =
2729 1477 2794 1687 41
2841 1552 2869 1636 {¹1
2990 1483 3002 1627 l
3050 1459 3074 1643 j

2813 1623 2869 1715 Ἥ,
3030 1611 3110 1695 ¹³ss
3150 1606 3193 1626 .’

2763 966 2867 1029 fig.
2911 963 2991 1014 15.

2740 1043 2845 1097 2⁴12

479 1597 592 1660 FD
639 1598 935 1677 paralleli,
987 1610 1053 1659 ut
1100 1608 1164 1660 et
1211 1598 1335 1672 CB,
1387 1600 1511 1661 PE.
1610 1599 2012 1675 Concurrant,
2065 1609 2128 1660 et
2175 1601 2294 1661 siut
2342 1610 2567 1680 puncta
2685 1615 2688 1618 ’
2749 1603 2761 1631 ²
2881 1610 3034 1715 „3¹35

477 1705 877 1749 concursuum
927 1686 1002 1761 G,
1047 1689 1120 1750 II.
1198 1688 1280 1748 Et
1329 1689 1589 1766 ipsorum
1633 1688 1762 1762 CA,
1818 1689 1923 1751 CB
1974 1690 2216 1750 refracti
2267 1690 2389 1749 sint
2419 1688 2562 1759 AG,
2833 1656 2897 1776 ᾗ
2938 1699 3030 1775 ἱρρΣ

477 1775 616 1836 ΒΗ.
713 1774 862 1837 Cum
911 1776 1096 1854 igitur
1139 1777 1402 1855 positum
1443 1777 1541 1851 sit,
1592 1778 1827 1839 visibile
1879 1778 2065 1838 videri
2117 1780 2333 1856 angulo
2375 1777 2560 1850 ACB,

479 1861 788 1926 videbitur
837 1874 901 1924 et
955 1866 1493 1943 comprehendetur
1552 1868 1836 1927 refractis
1884 1865 2023 1938 AG,
2076 1867 2207 1926 1311.
2304 1868 2566 1927 Videtur
2892 1839 2920 1966 ἑ,

477 1971 626 2013 vero
673 1961 738 2014 et
803 1953 1327 2032 comprehenditur
1388 1955 1569 2015 etiam
1638 1956 1915 2017 refractis
1976 1953 2114 2028 DG,
2172 1955 2305 2017 En.
2399 1955 2561 2031 Ergo

479 2041 739 2102 visibilis
806 2043 1043 2103 termini
1112 2045 1452 2104 necessario
1521 2053 1694 2105 erunt
1744 2044 1820 2120 G,
1870 2046 1947 2105 ll.
2046 2044 2126 2104 Et
2185 2045 2272 2104 sic
2339 2044 2571 2103 visibile
2635 2060 2748 2100 non
2817 2041 3197 2121 longinquum

477 2129 602 2190 erit
649 2130 755 2190 sed
803 2132 1237 2210 propinquum;
1298 2134 1450 2211 quod
1503 2141 1599 2192 est
1646 2142 1858 2194 contra
1907 2141 2197 2202 assumta.
2293 2133 2427 2193 Non
2478 2129 2706 2191 videbit
2765 2129 2946 2206 igitur
2992 2131 3197 2192 oculus

475 2217 536 2280 in
589 2216 640 2280 C
690 2219 925 2280 visibile
987 2221 1098 2281 hoc
1166 2221 1350 2282 radiis
1402 2220 1532 2295 CA,
1588 2220 1691 2282 CB
1742 2232 1804 2282 et
1853 2222 2070 2300 angulo
2120 2220 2289 2282 ACB
2353 2219 2590 2299 aequali
2659 2218 2769 2297 ipsi
2829 2217 3026 2293 DFE,
3092 2221 3196 2281 sed

475 2307 655 2370 lineis
723 2309 1156 2384 exterioribuS,
1225 2319 1373 2387 puta
1422 2309 1521 2382 CI,
1576 2309 1682 2372 CK
1745 2320 1810 2371 et
1869 2311 2085 2388 angulo
2138 2308 2318 2378 ICK,
2388 2308 2600 2387 majori
2651 2327 2825 2385 qnam
2888 2305 3052 2367 ACB
3102 2310 3198 2369 vel

475 2395 682 2458 DFE:
735 2405 801 2458 ut
850 2397 1108 2476 ipsorum
1160 2397 1262 2471 CI,
1307 2398 1413 2460 CK
1465 2400 1707 2459 refracti
1762 2401 1864 2471 IL,
1898 2400 2021 2459 ΚΜ
2071 2399 2495 2477 propemodum
2541 2395 2817 2476 paralleli
2869 2396 3015 2474 ipsis
3056 2396 3194 2471 BG,

471 2483 594 2546 ΕΗ
642 2504 956 2546 excurrere
1017 2488 1246 2565 possint
1302 2489 1375 2547 ad
1426 2488 2017 2566 comprehensionem
2072 2496 2423 2565 punctorum
2482 2494 2880 2546 extremorum
2942 2486 3198 2547 visibilis
3288 2554 3298 2568 ,

475 2573 805 2654 longinqui.
3158 2651 3163 2658 .

658 2664 1015 2724 LXXXIII.
1114 2664 1563 2744 propositio.
1649 2664 1888 2725 Oculus
1949 2666 2199 2725 eandem
2260 2684 2382 2724 rem
2450 2662 2745 2724 visibilem
2814 2662 3195 2742 longinquam

473 2753 868 2830 conspicatus
917 2771 1023 2830 per
1069 2754 1218 2813 duas
1269 2756 1462 2814 lentes¹
1510 2773 1812 2813 convexas
1863 2753 2131 2831 singulas
2194 2753 2484 2813 seorsim:
2547 2750 2841 2830 siquidem
2891 2750 3196 2831 utriusque

471 2840 772 2906 distantia
802 2842 878 2900 ab
910 2842 1080 2901 oculo
1115 2842 1294 2902 fuerit
1334 2843 1387 2901 in
1422 2843 1629 2901 eadem
1670 2843 2057 2920 proportione
2089 2844 2164 2902 ad
2206 2861 2348 2901 snae
2381 2839 2790 2900 convexitatis
2821 2839 3195 2914 diametrum,

471 2949 572 2996 res,
625 2930 877 2989 visibilis
926 2949 1033 3007 per
1083 2939 1388 3010 utramque
1441 2931 1657 2990 lentem
1699 2931 1951 2990 seorsim
2001 2931 2301 2991 videbitur
2342 2930 2551 2988 eadem
2604 2928 3053 3006 magnitudine:
3106 2931 3196 2991 sin

469 3018 711 3080 variata
753 3018 867 3078 erit
914 3021 1241 3096 proportio,
1296 3022 1578 3099 majorem
1622 3018 1854 3080 videbit
1883 3039 2005 3080 rein
2037 3038 2143 3098 per
2175 3020 2398 3080 lentem
2448 3018 2632 3091 illam,
2684 3016 2854 3095 cujus
2905 3017 3198 3079 distantia

469 3107 532 3168 in
583 3107 970 3187 proportione
1024 3108 1199 3169 fuerit
1247 3109 1456 3186 major.
2097 3153 2103 3168 .

653 3195 752 3257 Sit
817 3196 1024 3257 oculus
1091 3195 1175 3270 Ο,
1239 3196 1347 3266 PQ
1414 3197 1540 3257 lens
1602 3214 1858 3274 inagna,
1925 3202 2130 3255 centro
2192 3195 2249 3254 R
2317 3195 2640 3273 descripta.
2739 3191 3193 3258 Connectantur

467 3292 700 3366 puncta
747 3285 815 3359 P,
866 3282 925 3354 Q
989 3303 1122 3346 cuni
1172 3284 1254 3361 O,
1320 3295 1382 3346 et
1431 3285 1486 3344 in
1537 3284 1775 3365 punctis
1841 3285 2050 3345 haruin
2116 3283 2402 3344 linearum
2470 3283 2551 3343 sit

469 3372 663 3435 minor
713 3374 839 3433 lens
887 3372 1006 3445 ST,
1075 3394 1222 3452 quac
1291 3374 1523 3435 eductis
1581 3392 1688 3452 per
1735 3372 1799 3447 S,
1852 3374 1902 3432 T
1948 3380 2174 3451 puncta
2239 3372 2548 3449 parallelis
2744 3353 2848 3416 Fig.
2893 3350 2973 3401 ¹⁶·

467 3462 624 3542 ipsis
671 3462 800 3535 PR,
836 3461 974 3535 QR,
1026 3481 1176 3541 quae
1226 3464 1349 3523 sint
1398 3463 1528 3537 SV,
1575 3464 1705 3534 TV,
1759 3482 1832 3521 ex
1882 3468 2105 3539 puncto
2159 3478 2361 3520 eorum
2411 3479 2558 3519 con·
2628 3498 2711 3533 w
3057 3508 3133 3542 Π

465 3569 682 3614 cursus
719 3552 774 3610 V
807 3551 1208 3614 describatur.
1287 3551 1370 3612 Et
1414 3551 1777 3629 refringatur
1808 3549 1936 3624 ΟΡ,
1972 3546 2108 3622 OQ,
2149 3548 2206 3608 in
2240 3548 2390 3620 PW,
2420 3546 2557 3617 QX.
2686 3537 2707 3600 x=
3064 3551 3075 3578 ·’

651 3639 804 3702 Cum
853 3640 1037 3722 igitur
1069 3639 1176 3701 VS
1218 3649 1280 3700 et
1308 3641 1417 3701 Rl’
1458 3641 1581 3699 sint
1629 3639 1980 3717 parallelae,
2026 3637 2110 3697 sic
2155 3644 2218 3698 et
2245 3637 2376 3710 VT,
2409 3635 2560 3706 RQ:
2706 3603 2748 3744 b
3022 3549 3104 3726 ,ss

467 3729 809 3790 incidentes
861 3730 918 3789 in
968 3749 1073 3789 eas
1125 3739 1327 3789 rectae
1371 3728 1496 3802 01²,
1531 3728 1650 3797 OQ
1699 3729 1927 3788 facient
1974 3727 2260 3805 aequales
2311 3725 2562 3804 angulos
2714 3727 2777 3850 Nix
2986 3725 3047 3840 'fs‘

2744 3835 2757 3864 l
2980 3837 3013 3866 '1

465 3816 644 3881 OPR
692 3827 756 3878 et
803 3816 992 3890 OSV,
1045 3817 1134 3878 sic
1185 3816 1364 3887 OQR
1413 3827 1476 3878 et
1525 3817 1715 3878 OTV.
1795 3816 1920 3877 Sed
1970 3825 2033 3876 et
2080 3814 2243 3876 VTS
2292 3825 2354 3873 et
2391 3813 2562 3883 RQP
2990 3869 3006 3909 l

465 3917 614 3970 sunt
653 3907 959 3986 aequaleS,
1013 3906 1228 3986 quippe
1276 3907 1429 3967 inter
1471 3908 1664 3967 lentes
1698 3915 1761 3966 et
1791 3925 1994 3965 earum
2045 3904 2556 3964 semidiametros:
2722 3875 2750 3912 ι
2820 3875 3069 3952 ’ρκ’ἕκ

465 4015 655 4078 quare
707 4006 768 4056 et
827 3993 987 4056 OTS
1046 4004 1108 4056 et
1164 3993 1353 4069 OQP,
1416 3995 1630 4075 quippe
1682 3995 1904 4055 ablatis
1955 3993 2325 4072 aequalibus,
2388 3999 2561 4052 erunt
2786 3973 2850 4112 N*
2886 4051 2911 4090 s

465 4086 779 4163 aequales.
875 4084 1234 4162 Aequaliter
1306 4084 1488 4163 igitur
1538 4084 1649 4143 OT
1711 4103 1893 4162 super
1942 4082 2041 4142 TS
2101 4091 2162 4142 et
2209 4079 2327 4149 OQ
2384 4100 2560 4159 snper
2848 4101 2871 4178 χ

465 4171 582 4246 QP
651 4173 812 4234 lente
891 4173 1277 4234 inclinantur.
1389 4172 1590 4243 Quare
1660 4182 1719 4233 et
1796 4171 2191 4234 refractiones
2266 4171 2558 4248 utrimque
2867 4207 2891 4240 v

465 4270 645 4325 erunt
703 4263 1013 4343 aequales.
1109 4262 1390 4324 Refracti
1459 4262 1640 4340 igitur
1690 4282 1761 4321 ex
1811 4261 1884 4334 S,
1939 4262 1989 4320 T
2043 4259 2319 4337 paralleli
2388 4267 2561 4319 erunt
2864 4304 2897 4338 ι

465 4351 620 4432 ipsis
667 4349 829 4425 PW,
882 4349 1029 4423 QX,
1096 4353 1218 4412 sint
1265 4351 1398 4424 SY,
1452 4352 1573 4412 TZ.
1669 4351 1752 4410 Et
1818 4370 1950 4411 cnm
2009 4349 2132 4409 sint
2193 4348 2544 4427 parallelae,

467 4441 728 4502 eandem
777 4440 962 4518 igitur
1010 4441 1085 4500 ad
1135 4459 1372 4500 sensum
1432 4441 1938 4517 comprehendent
1991 4458 2110 4497 rein
2164 4437 2477 4509 visibilem,
2529 4457 2634 4515 per
2670 4438 2908 4501 XXIII.
2964 4445 3027 4498 et
3074 4438 3182 4500 sub

467 4529 686 4592 eodem
753 4529 972 4606 angulo
1022 4527 1190 4598 POQ
1247 4531 1339 4588 vel
1399 4527 1597 4589 SOT:
1670 4547 1851 4606 quare
1903 4528 2111 4587 eadem
2173 4525 2579 4604 magnitudine
2646 4527 3005 4602 censebitur,
3075 4546 3183 4605 per

465 4617 706 4682 LXVI.
797 4616 919 4678 Est
965 4624 1162 4677 autem
1213 4617 1394 4678 etiarn
1447 4626 1510 4677 ut
1558 4616 1664 4676 VS
1715 4616 2160 4677 semidiameter
2212 4614 2385 4674 lentis
2416 4613 2514 4674 ST
2562 4616 2637 4674 ad
2669 4614 2774 4677 So
2825 4615 3177 4678 distantiam

463 4709 600 4790 ejus
645 4708 726 4768 ab
773 4706 976 4780 oculO,
1041 4706 1127 4767 sic
1179 4707 1284 4767 PR
1332 4706 1776 4767 seinidianieter
1843 4705 2019 4765 lentis
2070 4705 2179 4773 ΡΟ,
2227 4704 2303 4763 ad
2350 4701 2458 4762 ΡΟ
2509 4703 2860 4766 distantiam
2921 4706 3052 4785 ejus
3101 4705 3176 4764 ab

465 4795 640 4858 oculo
691 4805 754 4857 et
800 4794 1204 4876 permutatim.
1277 4796 1465 4856 Patet
1512 4795 1691 4873 Igitur
1741 4794 1902 4873 prior
1949 4813 2089 4873 pars
2138 4792 2580 4872 propositionis.
2658 4794 2800 4855 Jam
2839 4795 2911 4854 de
2961 4795 3175 4855 altera.

645 4885 801 4948 Dico
843 4884 986 4965 jam,
1037 4884 1089 4946 si
1137 4884 1259 4946 alia
1305 4884 1387 4945 sit
1432 4883 1737 4963 proportio
1788 4883 2238 4956 distantiarum,
2290 4882 2411 4940 alia
2458 4881 3067 4956 semidiametrorum‚
3118 4890 3182 4942 ut

465 4972 518 5035 si
569 4995 607 5035 a
655 4973 816 5035 lente
865 4971 965 5034 ST
1023 4973 1209 5035 distet
1273 4973 1478 5034 oculus
1528 4971 1581 5033 O
1632 4969 2131 5045 intervallo'SO,
2186 4992 2222 5030 a
2270 4972 2431 5031 lente
2500 4990 2637 5031 vero
2689 4971 2796 5041 PQ
2863 4972 3069 5033 oculus
3122 4971 3183 5030 V

2629 5073 2750 5124 35*
