3692 5842
828 488 911 554 crpus
928 487 975 538 vu
992 487 1019 537 a.
1522 481 1603 563 Ι283

243 672 343 727 turam
364 664 471 726 Lunae
494 682 562 726 cnm
584 663 673 740 Sole,
707 664 758 727 ubi
786 665 880 725 etiam
902 664 998 726 sectio
1022 665 1126 727 Lunae
1154 672 1241 726 recta
1268 664 1348 727 linea
1372 683 1440 725 esse
1469 671 1603 742 putatur,

243 753 363 815 minime
385 771 460 814 vero
481 772 584 815 curua.
632 754 728 833 Igitur
752 754 986 833 quotiescunque
1009 754 1126 815 Lunam
1149 753 1281 833 inspicis,
1307 772 1412 815 conum
1437 752 1512 814 facis
1537 774 1603 815 cnm

243 842 356 904 circulo
377 842 613 905 illuminationis.
650 844 744 904 Visus
768 862 797 904 n.
821 843 855 904 fir
879 842 965 903 lineis
988 844 1080 905 rectis
1102 844 1131 904 in
1155 861 1245 904 unum
1268 849 1402 905 centmm
1427 841 1505 904 oculi
1528 861 1603 905 con-

242 930 406 992 tinentibus
429 951 449 993 a
471 931 514 993 rei
536 932 621 992 visae
645 932 766 1015 punctis
789 931 936 993 omnibus.

332 1019 404 1081 Jam
427 1037 500 1081 uero
523 1020 636 1082 dictum
660 1028 722 1094 est,
755 1021 859 1082 Lunae
891 1019 1012 1099 globum
1040 1020 1135 1082 videri
1168 1020 1290 1099 planum
1320 1020 1435 1082 discum
1467 1041 1600 1102 perpen-

242 1108 408 1171 dicularem
431 1108 469 1183 ei,
494 1127 569 1188 qnae
594 1128 631 1170 ex
654 1110 740 1171 oculo
763 1110 793 1170 in
815 1109 920 1170 Lunae
944 1118 1090 1171 centrum.
1129 1110 1254 1171 Planum
1279 1110 1370 1188 igitur
1393 1109 1602 1190 imaginarium

242 1217 298 1259 seu
327 1197 429 1278 potius
460 1197 634 1276 superficies
661 1198 739 1260 oculi
771 1198 857 1277 quasi
886 1198 980 1277 plana
1012 1207 1098 1259 secat
1131 1217 1236 1259 conum
1266 1199 1331 1276 jam
1363 1198 1485 1261 dictum.
1531 1200 1602 1261 Jam

242 1286 424 1367 Apollonius
453 1285 557 1348 definit
588 1286 707 1365 ellipsin
735 1287 813 1348 hanc
837 1306 923 1361 esse,
958 1289 1076 1366 quando
1109 1306 1202 1348 conus
1225 1288 1316 1367 plano
1349 1298 1489 1363 secatur,
1524 1289 1603 1368 quod

242 1394 340 1456 neque
362 1374 540 1455 parallelum
563 1374 604 1436 sit
631 1375 697 1436 basi
725 1376 792 1437 coni
824 1394 920 1455 neque
953 1376 1161 1438 subcontrarie
1194 1376 1344 1454 positum,
1377 1377 1420 1438 sic
1445 1385 1478 1439 ut
1507 1378 1602 1438 sectio

243 1465 406 1526 conveniat
427 1483 495 1526 cum
525 1482 699 1544 quacunque
722 1473 821 1538 recta,
852 1484 929 1544 qnae
953 1485 972 1525 a
994 1465 1107 1525 vertice
1131 1464 1198 1525 coni
1221 1463 1250 1523 iu
1276 1466 1431 1544 superficie
1465 1466 1602 1540 ducitnr3

243 1554 300 1614 boc
323 1560 375 1614 εει
395 1561 430 1614 nt
452 1571 545 1614 conus
572 1560 655 1614 totns
687 1553 888 1615 abbrevietur.
936 1554 1002 1614 Hae
1031 1573 1134 1615 omnes
1167 1553 1354 1615 conditiones
1384 1554 1599 1634 implentur¹in

242 1643 302 1703 hac
324 1649 433 1702 uostm
455 1642 599 1703 sectione.
645 1640 776 1703 Primum
801 1642 878 1703 enim
902 1642 972 1721 quia
1001 1644 1122 1720 planum
1154 1642 1363 1720 imaginarium
1388 1653 1435 1704 est
1466 1662 1600 1721 porpen-

242 1731 377 1793 dieulare
400 1738 503 1791 rectae
525 1749 563 1791 ex
587 1731 672 1792 oculo
690 1730 721 1791 in
745 1740 880 1792 centrum
894 1732 1008 1805 Lunae,
1033 1750 1182 1812 nunquam
1207 1732 1265 1791 erit
1287 1732 1465 1810 parallelum
1490 1731 1601 1793 circulo

242 1819 472 1881 illuminationis
495 1819 552 1879 nisi
576 1819 605 1880 in
631 1819 859 1880 accuratissima
887 1821 1094 1900 conjunctione
1118 1821 1166 1881 vel
1195 1820 1384 1898 oppositione
1408 1821 1512 1881 Lunae
1536 1839 1602 1881 cnm

243 1908 336 1970 Sole:
364 1908 484 1987 quando
509 1907 556 1968 bic
580 1926 672 1970 conus
695 1917 795 1970 rectus
810 1918 867 1981 est,
892 1910 962 1988 quia
985 1910 1052 1970 axis
1076 1928 1128 1970 seu
1152 1918 1237 1970 recta
1256 1928 1294 1967 ex
1309 1910 1395 1969 oculo
1414 1910 1442 1969 in
1467 1916 1603 1969 centrum

244 1996 346 2059 circuli
371 1995 576 2058 illuminatorii
600 2016 655 2058 sen
678 1995 759 2058 basis
784 2007 831 2058 est
854 1998 1110 2077 perpendicularis
1130 1998 1204 2059 basi.
1239 1996 1280 2057 Et
1303 2005 1376 2058 tunc
1401 2016 1457 2057 nou
1481 1998 1602 2057 videtur

243 2087 332 2148 Luna
365 2085 481 2146 falcata
512 2085 561 2146 vol
593 2086 728 2164 gibbosa.
773 2087 889 2147 Deinde
922 2104 989 2147 eum
1018 2087 1106 2147 Luna
1129 2107 1148 2147 a
1170 2085 1242 2147 Sole
1266 2086 1449 2165 digreditur,
1473 2086 1602 2147 circulus

243 2173 474 2237 illuminationis
498 2173 660 2236 inclinatur
682 2176 721 2235 ad
745 2184 859 2237 rectam
881 2194 936 2255 per
960 2194 1045 2236 sunm
1069 2183 1204 2236 centmm
1227 2182 1260 2235 et
1283 2174 1400 2236 oculum
1425 2193 1480 2236 ceu
1503 2193 1600 2249 axem

242 2272 275 2325 et
296 2270 371 2325 tnnc
392 2263 428 2323 rit
454 2282 547 2324 conus
575 2264 724 2326 scalenus.
771 2265 862 2326 Etis
886 2271 1006 2326 secatur
1034 2264 1125 2343 plano
1150 2264 1189 2325 ad
1219 2282 1307 2325 axem
1339 2263 1600 2343 perpendiculari:

242 2351 339 2414 sectio
362 2351 456 2431 igitur
479 2370 537 2412 nou
564 2361 668 2431 potest
694 2372 761 2414 esse
794 2353 1010 2415 subcontraria.
1060 2353 1162 2415 Tertio
1196 2353 1366 2414 dissecatur
1394 2352 1486 2413 etiam
1518 2360 1601 2414 totus

243 2460 347 2503 conns.
399 2441 435 2502 ld
468 2460 496 2502 n.
531 2460 649 2520 semper
680 2442 728 2515 fit,
760 2443 878 2522 quando
911 2442 1034 2522 planum
1068 2449 1115 2503 est
1148 2443 1186 2502 ad
1221 2461 1308 2503 axem
1341 2440 1600 2520 perpendiculare.

243 2529 384 2609 Impletis
407 2528 500 2609 igitur
523 2530 660 2591 omnibns
683 2531 914 2600 conditionibus,
939 2531 1104 2609 phantasia
1126 2530 1246 2591 termini
1270 2532 1344 2591 ineis
1368 2532 1397 2592 in
1414 2531 1501 2591 Luna
1524 2529 1600 2607 ejus,

243 2620 290 2698 qui
310 2638 331 2679 a
344 2616 419 2680 Sole
442 2618 508 2679 loco
531 2619 650 2680 videtur
673 2620 824 2692 ulteriore,
849 2639 955 2681 cavum
970 2621 1074 2682 Lunae
1094 2620 1234 2694 falcatae,
1260 2620 1419 2698 gibbumve
1436 2617 1603 2698 ἀμφικυρτε

244 2707 461 2782 determinans,
486 2707 544 2769 erit
567 2708 720 2787 elliptica:
747 2710 824 2787 qnod
849 2719 915 2769 erat
939 2708 1212 2770 demonstrandum.

332 2794 435 2867 Quare
459 2796 484 2857 si
512 2805 596 2858 totus
627 2796 755 2859 circulus
787 2798 1014 2859 illuminationis
1039 2799 1119 2858 cerni
1151 2804 1270 2876 posset,
1306 2795 1459 2873 perfectae
1488 2794 1603 2874 ellipsis

243 2887 338 2967 figura
362 2894 534 2964 appareret.
580 2886 626 2946 Αι
649 2886 719 2965 quia
749 2887 873 2947 dimidia
900 2906 972 2965 pars
1002 2887 1050 2947 vel
1073 2903 1110 2946 ea
1138 2886 1208 2965 qnid
1233 2884 1361 2964 amplius
1392 2893 1462 2963 post
1492 2902 1601 2964 eorpus

243 2976 349 3037 Lunae
373 2975 460 3048 latet,
485 2982 629 3054 qnantum
647 2974 739 3054 igitur
756 2976 886 3048 videtur,
910 2976 940 3036 id
964 2993 1052 3037 arens
1077 2976 1283 3036 tantummodo
1307 2982 1355 3034 est
1378 2974 1531 3055 ellipseos.
1568 2973 1602 3034 ld

244 3084 299 3126 non
324 3072 445 3125 tantum
468 3064 506 3124 ad
530 3064 678 3142 picturam
709 3065 874 3126 schematis
902 3066 1106 3125 necessarium
1131 3072 1179 3125 εει
1202 3066 1296 3136 scitu,
1326 3064 1378 3125 sed
1409 3066 1501 3125 etiam
1526 3062 1604 3122 iufra

244 3154 270 3214 in
303 3153 435 3232 quodam
463 3152 649 3231 problemate
679 3154 762 3214 utile.
810 3154 921 3214 Posset
944 3174 982 3214 ea
1005 3154 1067 3227 IV,
1098 3149 1151 3216 56.
1177 3152 1354 3215 Vitellionis
1382 3151 1518 3232 probari,
1550 3150 1605 3212 sed

245 3240 465 3303 demonstratio
488 3260 546 3302 uon
570 3249 710 3320 praestat
728 3241 767 3315 id,
793 3243 869 3321 quod
890 3243 1091 3322 pollicebatur
1114 3242 1289 3322 propositio,
1314 3241 1460 3301 circulum
1484 3240 1603 3319 oblique

246 3332 414 3412 inspectum
433 3328 527 3390 videri
546 3330 710 3392 sectionem
733 3331 955 3405 columnarem3
981 3334 1123 3411 quianon
1143 3331 1296 3409 quaelibet
1319 3330 1484 3389 columnari
1503 3327 1605 3388 vicina

246 3417 427 3483 columnaris
450 3426 508 3479 est.
555 3417 588 3480 Si
622 3418 678 3480 hoc
711 3420 951 3481 demonstrasset
976 3420 1115 3492 Vitellio,
1146 3421 1211 3498 jam
1234 3418 1365 3479 Serenus
1383 3413 1426 3490 ⁶²)
1457 3417 1603 3495 reliquum

248 3510 437 3589 supplesset,
470 3506 520 3586 qni
553 3508 686 3568 ostendit
714 3508 781 3569 coni
810 3516 842 3568 et
870 3510 1025 3570 columnae
1059 3508 1222 3567 sectionem
1254 3526 1321 3566 εεεε
1355 3507 1490 3567 eandem.
1539 3505 1604 3564 Hoc

248 3598 346 3677 itaque
371 3595 472 3658 differt
494 3596 631 3657 defectus
657 3596 787 3658 falcatae
801 3598 905 3658 Lunae
927 3620 945 3657 a
964 3598 1085 3658 defectu
1109 3595 1335 3668 obtenebratae,
1361 3596 1439 3673 quod
1464 3595 1514 3655 ille
1538 3601 1604 3653 ter-

250 3687 378 3748 minatur
402 3684 512 3763 ellipsi,
536 3685 584 3746 hic
607 3685 743 3764 perfecto
767 3685 887 3746 circulo.

333 3772 596 3844 Quemadmodum
619 3794 690 3836 vero
719 3774 813 3835 sectio
844 3776 974 3835 falcatae
1004 3773 1052 3833 vel
1083 3773 1228 3851 gibbosae
1253 3773 1358 3833 Lunae
1382 3780 1430 3832 εει
1459 3771 1605 3850 eiliptica,

251 3866 289 3925 sic
314 3862 493 3925 dimidiatae
517 3865 688 3924 necessario
713 3864 831 3943 quidem
861 3872 945 3924 recta
978 3881 1123 3941 apparere
1154 3861 1266 3922 debuit.
1314 3861 1393 3922 Vide
1418 3860 1524 3921 Vitell.
1548 3860 1605 3921 1v.

251 3971 291 4031 pr.
317 3948 373 4014 76.
398 3959 431 4011 ει
452 3949 549 4013 Arist.
580 3952 645 4012 loco
670 3952 761 4013 dicto.
808 3953 939 4013 Videtur
971 3962 1069 4012 autern
1099 3951 1124 4011 ei
1155 3952 1193 4011 ad
1224 3950 1434 4012 rectitudinem
1469 3949 1607 4028 exiguum

253 4041 362 4121 aliquid
393 4040 513 4101 deesse.
558 4041 648 4101 Anno
676 4037 768 4102 1602.
797 4039 901 4119 11121.
926 4040 1102 4100 Decembris
1132 4041 1250 4118 vesperi
1280 4040 1440 4119 diligenter
1472 4039 1607 4109 intuitus,

252 4130 349 4192 censui
380 4127 520 4207 superins
553 4148 643 4192 cornu
676 4139 811 4203 acutum,
851 4130 977 4191 inferius
1017 4129 1149 4190 nonnihil
1181 4130 1338 4190 obtusum:
1371 4129 1401 4189 id
1435 4127 1607 4206 diligentius

251 4219 404 4298 explorare
428 4216 553 4280 cuilibet
576 4217 695 4280 obvium
717 4228 776 4280 εει.

226 4364 230 4372 .
333 4306 416 4369 Illud
447 4306 540 4367 etiam
569 4307 832 4374 considerandum,
863 4325 901 4367 an
926 4305 1015 4386 plane
1044 4305 1195 4365 biseeetur
1218 4305 1314 4367 Luna.
1362 4304 1491 4365 Primum
1517 4304 1605 4377 enirn,

253 4398 305 4459 etsi
328 4394 461 4459 diculus
483 4394 609 4457 visionis
632 4396 760 4458 circulus
784 4404 867 4456 esset
890 4395 1057 4467 maximus,
1088 4402 1188 4454 tamen
1213 4394 1341 4454 circulus
1371 4390 1606 4463 illuminationis,

252 4487 296 4565 qui
319 4483 488 4548 sectionem
520 4493 750 4562 repraesentat,
784 4483 973 4546 transcendit
1004 4482 1132 4543 medium
1164 4482 1317 4543 circulum.
1364 4479 1463 4557 Supra
1486 4481 1559 4540 Nro.
1586 4475 1605 4540 3

253 4581 313 4649 [lig.
332 4578 381 4643 87)
406 4569 491 4633 GAB
515 4572 545 4632 in
578 4590 657 4633 nova
679 4574 765 4634 Luna
794 4574 851 4635 fnit
886 4567 969 4635 1800
991 4569 1044 4633 310
1069 4568 1143 4643 200,
1177 4572 1205 4630 iu
1237 4570 1327 4648 plena
1355 4566 1432 4630 1800
1455 4566 1507 4629 280
1536 4566 1606 4641 120,

252 4681 318 4742 ergo
341 4663 373 4723 in
398 4659 559 4722 dimidiata
582 4661 640 4723 erit
666 4659 747 4724 1800
761 4659 815 4727 290
829 4658 905 4724 460.
952 4660 994 4721 Et
1018 4659 1146 4721 circulus
1170 4656 1396 4719 illuminationis
1420 4656 1608 4716 transcendit

252 4752 377 4813 medinm
399 4767 456 4830 per
482 4746 632 4812 tt‘·53⁴‘.
679 4749 771 4813 Sinus
794 4748 860 4814 433
894 4756 943 4810 est
975 4749 1011 4808 de
1045 4745 1174 4810 100000
1204 4755 1270 4806 toto
1303 4746 1368 4806 sinu
1402 4744 1608 4805 ducentesima
1682 4772 1685 4779 ·

253 4838 482 4920 quadragesima
502 4857 586 4919 pars.
624 4838 753 4901 Starent
775 4840 877 4918 itaque
901 4855 939 4898 ex
963 4837 1060 4898 altera
1083 4846 1170 4915 parte
1195 4835 1293 4895 lucida
1317 4830 1392 4903 241,
1415 4831 1454 4893 ab
1478 4832 1608 4893 evanida

253 4936 281 4989 et
301 4929 468 4991 tenebrosa
488 4935 577 5006 parte
600 4924 676 4990 230.

335 5016 409 5079 Jam
432 5032 504 5077 vero
527 5034 623 5095 neque
647 5015 776 5078 circulus
798 5013 925 5075 visionis
949 5021 1063 5091 aequat
1084 5011 1224 5072 circulum
1248 5009 1419 5085 maximnm,
1444 5018 1476 5071 et
1499 5010 1527 5071 in
1552 5011 1608 5072 boc
