3692 5842
720 472 751 524 de
770 474 842 524 rebus
862 472 965 540 Opticis.
1456 477 1517 546 ii?

153 648 341 728 metisque
368 650 452 712 visus
476 657 529 711 aut
557 658 657 710 tactus
691 651 862 712 discrimine
890 660 960 712 sont
985 652 1023 713 ab
1048 651 1173 713 invicem
1206 653 1364 731 diremtae,
1399 664 1432 718 ut
1456 658 1518 719 sint

154 757 280 800 nurnero
309 734 352 801 24
381 741 410 801 in
443 759 504 799 una
536 738 608 800 die?
641 739 748 799 Nonne
777 740 965 818 Epiphanius
998 741 1063 821 pari
1096 741 1251 804 nobiscum
1284 745 1424 806 libertate
1458 746 1517 807 diei

153 827 314 908 noctisque
338 828 429 891 horas
451 828 523 890 lecit
542 846 599 888 non
620 823 663 889 24
686 829 739 889 sed
763 825 942 890 duodecim?
966 830 1071 891 Nonne
1093 831 1169 891 haec
1189 838 1237 893 est
1261 834 1385 913 volgata
1409 835 1515 896 divisio

153 916 236 978 assis
260 918 340 996 apud
364 917 519 979 Romanus
544 917 630 977 illata
654 917 691 977 ab
716 917 823 977 iisdem
847 925 877 977 et
901 918 930 977 iu
955 919 1186 979 Palaestinam?
1223 921 1292 982 Etsi
1316 923 1377 984 fieri
1403 932 1514 1001 potest,

153 1015 190 1066 nt
213 1005 288 1067 haec
313 1006 468 1068 divisionis
493 1006 571 1068 ratio
595 1006 722 1086 primurn
746 1016 814 1067 orta
839 1007 929 1067 fuerit
958 1029 976 1067 a
1004 1008 1135 1068 naturali
1164 1009 1282 1088 quidem
1318 1013 1371 1072 sed
1402 1012 1513 1091 imper-

154 1094 238 1155 fecta
260 1094 406 1157 divisione
431 1095 500 1157 anni
525 1097 553 1157 in
583 1092 621 1156 12
645 1096 823 1167 lunationes,
850 1096 983 1156 undeet
1011 1098 1176 1157 astronomi
1200 1099 1355 1160 zodiacum
1378 1102 1514 1179 perfecta

153 1183 273 1244 ratione
296 1184 403 1264 partiri
433 1194 596 1265 coeperunt
618 1185 647 1244 in
676 1181 715 1246 i?
739 1184 835 1262 signa.
884 1186 951 1246 lion
976 1195 1076 1246 tamen
1102 1205 1196 1265 neque
1220 1188 1336 1265 signum
1361 1189 1513 1268 multoque

154 1272 254 1333 minus
279 1273 415 1334 semissis
441 1275 526 1335 unius
550 1272 629 1352 signi
653 1283 701 1333 est
725 1274 871 1350 integrum
896 1274 1008 1354 aliquid
1033 1294 1164 1353 suaeque
1189 1285 1314 1337 naturae
1338 1278 1427 1338 metis
1451 1278 1511 1338 cir-

153 1362 369 1441 cumscriptum
400 1372 432 1423 et
456 1383 474 1422 a
502 1362 623 1442 reliquis
657 1361 714 1422 sibi
747 1361 977 1423 cohaerentibus
1011 1362 1184 1436 diremtum,
1219 1384 1313 1444 neque
1347 1365 1422 1427 hora
1454 1366 1512 1427 diei

153 1450 294 1512 delinitur
318 1458 386 1512 ortu
409 1451 457 1513 vel
480 1452 566 1512 unius
590 1450 638 1510 vel
662 1450 774 1510 dimidii
800 1450 886 1528 signi,
913 1452 977 1511 solo
1002 1452 1221 1513 numerantium
1243 1453 1367 1516 arbitrio
1392 1462 1513 1516 constat

153 1538 202 1599 hic
225 1539 368 1601 horarum
393 1540 422 1601 in
447 1540 495 1602 die
520 1558 668 1600 numerus.
713 1540 793 1600 Nam
816 1540 920 1599 Lunae
946 1540 971 1600 si
1003 1541 1057 1600 tibi
1086 1540 1199 1602 incidet
1228 1551 1384 1621 respectus
1409 1545 1512 1622 (quam

152 1635 255 1689 tamen
292 1629 458 1709 despexisti
486 1628 515 1690 in
549 1629 662 1690 refluxu
696 1628 817 1701 maris),
851 1627 903 1688 illa
936 1628 1055 1689 collatis
1088 1629 1149 1690 suis
1180 1649 1245 1691 cum
1278 1630 1350 1692 Sole
1382 1632 1512 1693 motibus

151 1716 233 1779 diem
257 1735 317 1778 non
337 1717 366 1778 in
386 1714 429 1779 24
449 1718 503 1778 sed
522 1717 551 1777 in
568 1714 611 1779 30
635 1717 755 1777 circiter
774 1724 876 1796 partes
897 1726 1001 1778 secat:
1028 1726 1059 1777 ut
1084 1719 1236 1796 proportio
1256 1720 1298 1780 sit
1318 1720 1377 1781 diei
1393 1719 1511 1782 Solaris

152 1806 192 1868 ad
220 1798 392 1876 Lunarem,
426 1826 502 1886 quae
531 1803 573 1868 29
605 1806 643 1866 ad
675 1802 733 1879 30,
769 1826 821 1866 seu
855 1807 1024 1867 accuratius
1054 1825 1128 1884 quae
1153 1804 1194 1869 57
1220 1809 1258 1868 ad
1282 1804 1334 1871 59.
1383 1809 1441 1871 Vel
1474 1828 1512 1870 ex

151 1894 253 1956 Plinio
269 1895 411 1970 disceres,
431 1895 516 1957 illam
532 1914 589 1956 uon
606 1914 692 1955 asses
709 1895 762 1955 sed
779 1895 941 1956 dodrantes
956 1896 1124 1955 semuncias
1140 1896 1267 1974 adjicere
1283 1897 1351 1973 diei,
1369 1906 1512 1977 quantum

152 1992 184 2044 et
208 1985 340 2045 refluxus
374 1984 494 2063 adjicit,
529 1984 606 2063 quod
635 1984 757 2045 nautica
787 2003 861 2062 gens
895 1984 1035 2045 crassiori
1059 1983 1196 2044 Minerva
1229 1985 1332 2046 horam
1365 1987 1511 2065 appellat.

152 2071 195 2133 Et
219 2081 253 2133 ut
277 2074 442 2134 concedam
466 2074 535 2146 tibi,
566 2073 609 2133 sic
634 2072 671 2132 ab
701 2071 827 2133 invicem
857 2073 1009 2151 sejunctas
1035 2091 1101 2132 esse
1125 2072 1181 2133 has
1206 2069 1247 2135 24
1272 2074 1331 2134 diei
1355 2074 1454 2148 horas,
1479 2082 1513 2135 ut

152 2168 224 2224 sunt
248 2162 377 2223 totidem
402 2181 474 2223 ores
499 2163 604 2222 eadem
629 2162 737 2223 semita
759 2170 935 2241 pergentes,
967 2180 1091 2240 quarum
1120 2162 1274 2240 uuicuique
1298 2182 1383 2223 suurn
1407 2170 1508 2242 capnt,

151 2269 208 2311 sna
231 2251 349 2323 cauda3
374 2270 432 2331 quo
456 2252 548 2330 igitur
572 2251 725 2329 exemplo,
751 2270 810 2331 qua
833 2252 969 2324 ratione,
995 2269 1051 2329 quo
1070 2250 1137 2329 jure
1162 2250 1216 2310 tibi
1240 2250 1384 2312 vicesima
1408 2251 1512 2331 quinta

152 2340 226 2402 hora
249 2358 309 2400 non
334 2340 418 2420 ipsa,
449 2340 503 2401 sed
537 2347 665 2420 quatuor
695 2340 760 2418 ejus
788 2339 974 2418 quadrantes
1007 2348 1116 2418 augent
1150 2340 1327 2400 numerum?
1360 2339 1511 2400 Haeccine

152 2437 206 2490 tna
229 2446 310 2490 nova
333 2438 366 2490 et
398 2427 583 2490 admirabilis
615 2428 733 2508 quidem
758 2439 806 2489 est
838 2428 1042 2500 arithmetica,
1077 2447 1131 2488 sex
1155 2447 1221 2489 cum
1254 2430 1419 2509 quadrante
1443 2446 1511 2491 esse

153 2517 294 2597 septem?
331 2517 444 2580 Viden'
481 2525 514 2578 ut
543 2517 694 2587 somnies,
728 2518 870 2580 Fabrici?
902 2516 1003 2586 Quare
1037 2516 1245 2594 expergiscere
1278 2525 1309 2579 et
1341 2517 1511 2596 hujusmodi

150 2607 385 2685 phantasmata,
418 2607 610 2668 tenebrarum
632 2607 767 2680 soboles,
796 2607 822 2668 si
852 2607 980 2685 posthac
1008 2605 1200 2677 occurrerint,
1234 2605 1364 2685 vigilans
1402 2605 1511 2666 lumine

152 2696 263 2758 ment-is
292 2695 410 2768 instra;
441 2696 466 2756 si
491 2695 546 2757 tibi
569 2695 656 2755 fidem
686 2695 787 2774 poscis
811 2717 829 2755 a
857 2693 1019 2756 lectoribus
1051 2702 1162 2755 motum
1188 2694 1298 2755 Terrae
1329 2694 1508 2756 confutanti.

240 2781 330 2853 Quod
354 2792 500 2862 superest,
527 2784 602 2843 hauc
627 2784 850 2862 responsionem
870 2802 966 2843 meam
987 2783 1074 2862 aequi
1098 2782 1229 2863 bonique.
1249 2783 1389 2845 consule:
1415 2801 1510 2861 neque

152 2880 182 2933 te
204 2873 370 2952 poeniteat,
396 2872 605 2951 Ephemeridis
629 2871 715 2951 hujus
740 2872 888 2933 vestibulo
912 2871 1013 2944 inseri,
1040 2872 1077 2932 de
1101 2872 1186 2950 cujus
1201 2873 1258 2933 fide
1282 2892 1369 2934 nenio
1393 2871 1510 2951 teipso

151 2962 264 3023 rectius
287 2960 400 3041 poterit
426 2961 577 3040 judicare,
609 2961 635 3021 si
659 2962 790 3022 volueris
824 2960 1069 3040 diligentiamque
1103 2961 1249 3022 hactenus
1273 2969 1448 3041 usurpatam
1472 2960 1511 3021 ad

152 3051 372 3113 observandum
396 3050 545 3126 attuleris.
593 3050 659 3110 llac
685 3050 774 3129 igitur
796 3050 875 3109 iuter
898 3050 1011 3127 primos
1037 3050 1150 3122 fruere,
1180 3051 1295 3111 coelum
1321 3060 1352 3111 et
1376 3057 1511 3111 meteora

151 3140 268 3211 confer,
301 3159 431 3213 errores,
462 3140 487 3200 si
512 3158 585 3218 quos
610 3139 720 3218 liquido
750 3138 998 3217 deprehenderis,
1030 3138 1101 3200 mihi
1131 3138 1239 3217 detege
1267 3158 1372 3218 meque
1398 3145 1428 3199 et
1451 3139 1509 3199 hac

153 3238 184 3290 et
207 3228 314 3309 quibus
339 3228 406 3289 aliis
439 3229 553 3307 poteris
586 3227 753 3289 rationibus
783 3229 810 3288 in
846 3227 1030 3288 emendando
1056 3228 1238 3289 Tabularum
1267 3247 1356 3307 opere
1389 3226 1508 3307 publico

151 3317 255 3379 sedule
280 3318 401 3396 adjuva.
449 3317 554 3379 Vale'
586 3317 684 3378 Lincii
709 3314 775 3378 Cal.
802 3315 911 3377 Octub.
937 3318 1026 3377 Auno
1055 3311 1147 3378 1616.

238 3424 311 3475 Haec
329 3431 388 3473 sunt
414 3437 479 3488 quae
503 3423 627 3486 Keplerus
655 3437 710 3472 cum
736 3424 822 3472 amicis
848 3423 878 3471 de
899 3422 990 3485 Optica
1019 3435 1065 3470 sua
1093 3423 1152 3485 egit.
1190 3420 1309 3484 Superest
1326 3427 1354 3469 ut
1382 3421 1511 3484 epistolam

150 3496 327 3561 subjungamus
356 3510 407 3560 qna
434 3496 496 3544 adiit
523 3494 663 3544 Electorenr
692 3494 815 3543 Barariae
845 3493 1118 3550 maximilianum,
1153 3492 1323 3542 uansmittens
1351 3506 1411 3556 opus
1438 3506 1511 3542 sunm

151 3566 311 3618 Monachium
329 3568 452 3618 suadente
470 3566 599 3615 Herwarto
619 3563 709 3628 (comp.
730 3581 753 3628 p.
773 3563 828 3625 82).

433 3674 631 3736 Sereuissime
655 3674 799 3752 Princeps
823 3671 951 3732 Domine
977 3666 1229 3730 Clementisslme.

289 3763 357 3827 Ser.
384 3763 465 3826 Cels.
489 3764 620 3824 Vestrae
646 3761 770 3824 humilia
793 3782 860 3822 mea
884 3758 1009 3821 servitia
1033 3756 1255 3835 subjectissime
1280 3757 1393 3819 defero.

240 3852 484 3916 Clementissime
508 3853 646 3914 Domine.
695 3851 849 3912 Excitavit
872 3869 917 3910 me
943 3849 1025 3909 lama
1052 3845 1285 3908 clarissimorum
1310 3854 1342 3907 et
1365 3847 1527 3909 demissi--

150 3962 263 4005 morum
287 3944 433 4018 virorum,
458 3943 507 4021 qui
532 3942 560 4002 in
585 3941 651 4002 Ser.
678 3939 761 4001 Cels.
786 3940 867 4000 Tuae
892 3937 1055 3999 ditionibus
1079 3935 1281 4014 reperiuntur,
1306 3945 1339 3997 ut
1362 3935 1510 4016 insignem

150 4031 216 4095 Ser.
244 4030 327 4094 Cels.
352 4032 435 4094 Tuae
468 4032 601 4092 favorem
626 4030 654 4090 iu
686 4029 837 4101 literatos,
873 4048 930 4107 quo
955 4028 1019 4087 solo
1050 4024 1186 4087 homines
1217 4025 1298 4087 docti
1328 4026 1509 4098 alliciuntur,

150 4122 335 4194 admirarer,
371 4140 465 4201 eaque
497 4120 533 4180 de
567 4138 659 4181 causa
690 4117 723 4179 S.
754 4116 790 4179 C.
817 4118 911 4177 Tuam
940 4115 1094 4195 praesenti
1127 4115 1313 4189 munusculo,
1345 4114 1511 4192 exemplari

150 4211 268 4273 scilicet
291 4231 349 4272 nno
374 4211 433 4271 mei
456 4209 600 4290 opusculi,
626 4208 703 4286 quod
728 4208 782 4267 suh
808 4205 841 4267 S.
859 4203 949 4267 Caes.
970 4204 1044 4283 hlaj.
1074 4203 1215 4283 auspiciis
1240 4222 1332 4282 nuper
1355 4203 1386 4264 in
1409 4202 1509 4281 publi-

150 4320 217 4362 cnrn
242 4300 322 4372 dedi,
347 4308 468 4361 strenae
494 4300 558 4360 loeo
584 4297 621 4357 ad
646 4297 796 4357 instantes
822 4294 975 4356 Calendas
1002 4293 1221 4371 subjectissime
1245 4292 1378 4353 salutare
1404 4289 1509 4351 fuerim

151 4410 254 4452 ansus.
296 4389 391 4468 Spem
410 4388 488 4449 enim
513 4387 635 4464 concepi
659 4404 805 4446 summam
822 4405 857 4444 ex
877 4391 924 4445 tot
943 4382 1182 4444 doctissimorum
1202 4382 1330 4443 virorum
1352 4378 1507 4457 exemplis,

151 4478 185 4541 S.
211 4477 248 4541 C.
273 4478 309 4539 T.
335 4478 392 4540 hoc
421 4486 510 4538 tenne
540 4474 709 4536 allectionis
734 4493 817 4535 meae
850 4472 1039 4551 justissimae
1071 4470 1274 4533 testimenium
1298 4468 1328 4529 in
1357 4468 1509 4529 meliorem

151 4575 269 4648 partem
293 4566 528 4629 clementissime
551 4566 818 4642 interpretaturam
835 4570 866 4622 et
881 4562 948 4622 huic
973 4561 1073 4622 libello
1099 4580 1155 4621 non
1180 4559 1298 4639 quidem
1314 4557 1351 4619 ob
1376 4554 1508 4618 auctoris

152 4656 363 4729 eruditionem,
399 4675 474 4736 quac
499 4674 572 4716 sane
597 4663 645 4713 est
675 4653 852 4732 perexigua,
878 4652 932 4713 sed
957 4651 994 4712 ob
1018 4649 1113 4710 multa
1137 4647 1313 4708 admiranda
1336 4646 1392 4707 Dei
1417 4661 1510 4723 opera

152 4748 300 4807 hactenns
325 4745 462 4825 frigidius
486 4762 649 4823 perpensa,
684 4761 806 4822 quorum
839 4741 868 4801 iu
900 4761 934 4802 eo
966 4737 1223 4808 commemoratio,
1259 4736 1355 4797 locum
1379 4733 1510 4813 aliquem

152 4836 182 4897 in
206 4834 443 4896 instructissima
465 4854 520 4895 sua
544 4832 729 4893 bibliotheca
752 4831 985 4910 assignaturum.
1035 4825 1095 4888 Oro
1127 4833 1228 4886 antem
1252 4823 1284 4885 S.
1311 4822 1348 4885 Ο.
1374 4823 1407 4884 Τ.
1433 4820 1507 4883 sub·
1540 4880 1546 4889 ,

148 4923 335 5006 jectissime,
361 4933 395 4985 ut
417 4924 494 4985 hauc
519 4922 663 4984 audacem
688 4919 948 4998 compellationem
978 4917 1016 4977 ab
1043 4916 1145 4994 ignoto
1168 4921 1200 4988 et
1233 4914 1359 4974 obscuro
1376 4910 1508 4982 ¹bomine

153 5014 293 5077 clementi
316 5012 415 5075 animo
439 5011 594 5093 suscipiat,
621 5010 660 5070 ad
684 5029 773 5089 quam
797 5028 854 5069 uon
880 5009 1041 5069 curiositas
1065 5004 1180 5083 aliqua,
1206 5002 1262 5064 sed
1283 5020 1352 5063 mea
1374 4998 1507 5063 conditio
