3692 5842
771 459 852 525 capnt
870 461 902 511 V·
927 460 952 511 ²·
1149 445 1183 506 ⁴,
1476 457 1542 526 233

185 637 237 717 qui
259 637 396 699 resident
418 638 448 699 in
472 638 570 700 retina
593 646 625 700 et
647 637 677 699 iu
701 656 801 709 nervo,
827 639 1035 717 conjungatur,
1061 647 1093 700 et
1115 645 1213 700 utrum
1238 657 1290 717 per
1313 638 1439 719 spiritus
1463 639 1542 701 intro

186 726 215 787 in
240 726 354 789 cerebri
379 746 524 788 cavernas
548 728 586 788 ad
610 727 728 787 animae
753 746 806 787 seu
831 726 985 788 facultatis
1010 727 1138 789 visoriae
1172 728 1301 789 tribunal
1325 728 1468 801 sistatur,
1503 747 1541 789 an

185 814 317 878 facultas
340 814 453 878 visoria
476 835 529 878 ceu
555 825 698 896 quaestor
720 815 758 875 ab
783 815 883 876 anima
915 817 1006 876 datus
1030 834 1046 876 e
1071 816 1185 877 cerebri
1215 818 1367 896 praetorio
1402 818 1483 878 foras
1511 817 1541 878 in

184 905 283 984 ipsum
307 923 431 966 nervum
453 904 597 966 visorium
620 913 651 964 et
681 904 821 976 retinam,
847 923 901 964 cen
926 905 965 965 ad
998 904 1139 965 iuferiora
1167 905 1312 966 subsellia
1343 906 1542 971 descendens,

185 993 266 1054 idolo
299 993 368 1055 hnic
398 994 544 1074 procedat
575 993 710 1067 obviam,
744 993 800 1053 hoc
829 992 948 1071 inquam
984 993 1116 1074 physicis
1152 995 1285 1073 relinquo
1315 994 1538 1073 disputandum.

184 1082 266 1144 Nam
290 1082 457 1162 opticomm
481 1089 633 1144 armatura
656 1100 713 1142 non
728 1082 863 1160 procedit
884 1081 1000 1160 longius
1025 1101 1113 1162 quam
1138 1083 1176 1143 ad
1201 1084 1278 1144 hunc
1302 1103 1395 1162 usque
1415 1102 1539 1161 opacum

185 1170 343 1249 parietem,
369 1172 418 1251 qui
442 1171 555 1251 primus
579 1170 698 1250 quidem
721 1170 750 1230 in
775 1171 861 1231 oculo
885 1170 1023 1232 occurrit.
1070 1171 1138 1232 Non
1164 1172 1241 1232 enim
1265 1172 1445 1234 audiendum
1469 1180 1542 1251 puto

186 1259 382 1322 Vitellionem
408 1260 460 1321 ΙΙΙ.
486 1258 542 1335 20,
576 1259 625 1339 qui
658 1260 733 1320 haec
768 1258 849 1320 idola
881 1260 956 1320 lueis
983 1278 1038 1338 per
1062 1279 1192 1322 nervum
1207 1261 1333 1322 ulterius
1357 1268 1446 1340 putat
1468 1279 1541 1339 pro-

186 1348 297 1417 ticisci,
322 1349 423 1429 quoad
451 1348 481 1410 in
511 1349 609 1410 medio
641 1349 746 1410 itinere
780 1348 933 1426 utriusque
969 1348 1047 1408 oculi
1078 1349 1160 1410 nervi
1191 1350 1319 1428 quodam
1353 1350 1439 1429 quasi
1464 1357 1546 1410 nexu

186 1445 296 1499 coeant
323 1437 489 1517 iterumque
517 1437 676 1499 discedant
705 1436 734 1497 in
766 1455 836 1497 suas
868 1437 978 1515 singuli
1009 1438 1158 1500 cavitates
1188 1438 1313 1500 cerebri.
1359 1440 1439 1501 Nam
1471 1437 1542 1517 quid

187 1526 304 1605 legibus
328 1526 437 1606 opticis
460 1527 497 1587 de
521 1526 577 1587 boc
601 1526 718 1587 occidte
743 1526 952 1598 commeatu*)
976 1527 1166 1604 pronunciari
1190 1535 1306 1605 potest,
1336 1528 1384 1607 qui
1409 1546 1477 1588 cum
1501 1527 1543 1587 sit

186 1634 242 1694 per
264 1633 378 1694 opacas
401 1615 527 1695 ideoque
551 1615 727 1676 tenebrosas
751 1623 853 1693 partes
872 1615 1166 1695 administreturque
1201 1616 1374 1694 spiritibus,
1405 1616 1454 1695 qui
1479 1624 1543 1677 toto

185 1722 296 1782 genere
321 1704 462 1765 differunt
484 1702 522 1764 ab
546 1704 717 1765 humoribus
741 1703 866 1783 aliisque
890 1704 1056 1782 perspicuis
1091 1706 1195 1779 rebus,
1225 1705 1352 1784 jamjam
1376 1724 1444 1764 sese
1465 1704 1543 1781 legi-

186 1792 243 1853 bus
266 1792 375 1872 opticis
398 1792 518 1872 penitus
542 1793 671 1853 exemit?
718 1794 823 1870 ltaque
848 1811 914 1853 cum
940 1792 1064 1853 Vitellio
1094 1794 1137 1854 sic
1162 1802 1390 1871 argumentetur
1414 1794 1464 1854 lib.
1486 1793 1543 1855 ΙΙΙ.

186 1901 215 1962 p.
239 1879 301 1943 20:
335 1889 473 1961 oportere
497 1882 614 1960 species
647 1881 741 1942 uniri:
776 1900 847 1959 ergo
876 1879 1020 1959 (p..2l.)
1054 1882 1263 1943 refractionem
1296 1883 1358 1943 fieri
1393 1883 1423 1943 in
1455 1881 1544 1943 vitrei

187 1969 306 2050 postico
330 1979 362 2031 et
385 1971 430 2048 (p.
454 1968 522 2043 22.)
547 1970 671 2049 spiritus
695 1989 762 2030 esse
791 1970 973 2047 pellucidos3
1003 1989 1058 2049 ego
1084 1971 1219 2032 invento:
1245 1972 1368 2050 spiritus
1393 1990 1449 2031 non
1475 1979 1546 2031 sunt

189 2077 297 2139 corpus
321 2059 452 2138 opticum
476 2068 508 2120 et
529 2059 661 2139 ipsorum
685 2059 807 2137 gracilis
831 2078 962 2119 caverna
992 2079 1103 2120 nervea
1134 2080 1191 2120 non
1221 2069 1268 2120 est
1294 2061 1392 2138 optice
1417 2059 1543 2130 directa,

188 2157 222 2208 et
244 2147 271 2208 si
296 2155 393 2220 esset,
428 2156 565 2209 contortu
589 2156 689 2209 tamen
714 2147 790 2208 oculi
815 2148 919 2208 statim
950 2149 1036 2209 fieret
1068 2149 1276 2223 anfractuosa,
1307 2148 1411 2229 suique
1439 2156 1544 2226 partes

120 2253 124 2258 ·
189 2256 303 2317 opacas
327 2236 491 2298 exilissimo
517 2236 652 2298 foramini
677 2255 728 2296 seu
753 2244 870 2297 meatus
894 2237 972 2297 ostio
997 2236 1149 2315 objiceret.
1188 2236 1289 2307 Quare
1314 2256 1408 2317 neque
1433 2235 1546 2298 transit

190 2327 241 2387 lux
262 2325 413 2406 posticam
437 2326 525 2387 vitrei
558 2325 758 2405 superficiem,
788 2344 882 2406 neque
914 2325 1088 2405 refringitur
1111 2327 1161 2401 ibi,
1192 2327 1245 2387 sed
1275 2326 1457 2405 impingitur.
1505 2325 1547 2386 Ει

189 2413 238 2495 qui
263 2413 387 2493 refringi
411 2423 513 2493 potest
538 2414 655 2494 species
680 2414 968 2493 perpendiculariter
992 2415 1149 2492 ingressa?
1173 2413 1262 2484 Quod
1286 2415 1390 2476 mirum
1414 2423 1544 2477 estnon

190 2502 332 2564 incidisse
356 2503 531 2577 Vitellium,
561 2502 795 2583 propositionem
821 2500 873 2564 31.
899 2503 980 2563 tertii
1014 2504 1166 2565 scribenti.
1214 2504 1290 2565 llinc
1314 2523 1359 2584 pr.
1386 2501 1436 2565 73.
1462 2501 1544 2565 tertii

190 2592 223 2653 in
244 2591 443 2654 difficultates
467 2592 524 2653 luit
547 2591 701 2671 conjectus
724 2611 781 2652 non
806 2592 970 2653 mediocres
995 2593 1032 2652 ob
1057 2592 1132 2653 hanc
1157 2593 1322 2671 specierum
1347 2593 1374 2654 in
1399 2610 1543 2653 concursu

189 2699 349 2742 nervorum
371 2681 622 2760 conjunctionem.
656 2678 743 2749 Quod
768 2681 792 2741 si
817 2688 848 2741 et
872 2681 908 2740 de
924 2681 980 2742 hac
997 2700 1153 2743 nervorum
1172 2682 1382 2760 conjunctione
1399 2682 1426 2741 in
1447 2680 1545 2741 rnedio

190 2770 296 2830 itinere
322 2770 478 2831 dicendum
502 2778 562 2843 est,
594 2770 623 2829 id
647 2770 700 2829 fiat
729 2769 894 2830 rationibus
925 2770 1067 2850 physicis.
1113 2770 1192 2830 Nam
1220 2780 1303 2832 corto
1337 2771 1448 2831 certius
1483 2779 1544 2843 est,

190 2857 303 2921 nullam
326 2858 489 2937 imaginem
512 2858 643 2938 opticam
675 2859 825 2939 hucusque
857 2859 1022 2937 pervenire.
1072 2859 1201 2920 Videtur
1228 2860 1334 2939 igitur,
1365 2857 1390 2918 si
1420 2858 1546 2938 quilibet

190 2966 300 3009 nervus
323 2946 353 3007 in
377 2966 462 3008 suam
485 2946 600 3008 cerebri
634 2947 736 3006 sedem
765 2947 841 3008 liber
870 2955 955 3008 recta
986 2948 1192 3025 pervenisset,
1228 2950 1358 3010 futurum
1389 2948 1482 3008 fuisse
1510 2954 1546 3008 ιιι

190 3035 307 3098 duobus
332 3036 425 3097 oculis
449 3036 494 3097 usi
519 3036 594 3097 duas
619 3035 857 3097 existimaremus
888 3036 990 3096 videre
1019 3058 1067 3098 ros
1095 3057 1149 3116 pro
1174 3057 1241 3098 una.
1290 3039 1354 3098 Aut
1386 3038 1469 3097 facta
1497 3043 1547 3097 est

191 3124 267 3185 baec
291 3123 472 3203 conjunctio,
498 3143 533 3186 ne
558 3126 654 3186 altero
679 3125 781 3185 clauso
805 3126 889 3186 oculo
915 3125 965 3185 ille
990 3145 1106 3206 quoque
1122 3126 1235 3187 cerebri
1260 3127 1344 3187 sinus
1364 3124 1549 3206 ajudicaodi

191 3213 345 3275 iunctione
368 3222 513 3275 cessaret.
554 3213 616 3274 Aut
640 3214 770 3274 fortasse
794 3214 861 3293 ipsa
885 3213 1002 3275 sinuum
1026 3216 1190 3292 geminatio
1215 3235 1273 3275 non
1299 3224 1423 3294 propter
1447 3214 1549 3275 oculos

191 3311 311 3365 tantum
336 3310 391 3376 est,
417 3303 470 3363 sed
494 3321 548 3381 per
571 3322 604 3362 se
629 3302 702 3362 facit
726 3304 763 3363 ad
788 3312 903 3363 rectam
919 3303 1172 3381 dijudicationem,
1198 3313 1230 3364 ut
1246 3306 1396 3365 oculorum
1416 3303 1550 3364 societas

192 3392 230 3453 ad
256 3391 430 3452 distantias.
478 3391 521 3453 Ut
544 3392 634 3469 igitur
658 3399 688 3451 et
719 3391 850 3452 visibilia
874 3392 1110 3472 dijudicarentur
1134 3394 1310 3466 rectissime,
1336 3402 1467 3472 atquae
1491 3408 1549 3451 uno

189 3489 222 3541 et
245 3497 323 3559 quae
347 3479 462 3541 duobus
486 3480 579 3541 oculis
603 3488 808 3553 cernerentur,
843 3500 1019 3542 concursum
1045 3481 1120 3542 lrunc
1144 3492 1294 3542 meatuum
1318 3481 1379 3542 lieri
1405 3478 1547 3558 oportuit.

189 3569 256 3630 Hoc
280 3587 369 3630 unum
389 3567 437 3629 hic
461 3588 498 3629 ex
522 3568 712 3631 conclusione
737 3570 846 3647 capitis
870 3569 957 3648 primi
981 3570 1080 3648 optice
1106 3571 1163 3631 dici
1187 3579 1306 3648 potest:
1333 3569 1455 3648 spiritus
1480 3567 1545 3646 pati

189 3656 383 3719 acoloribus
407 3664 440 3718 et
462 3657 636 3726 luminibus,
666 3659 896 3737 passionemque
920 3659 998 3718 hanc
1023 3679 1089 3719 esse
1115 3659 1278 3738 quandam,
1309 3666 1343 3718 ut
1366 3659 1410 3718 ita
1441 3656 1548 3728 dicam,

188 3746 405 3809 colorationem
421 3753 453 3806 et
467 3745 708 3807 illustrationem.
746 3747 825 3807 Nam
840 3747 1016 3807 residentia
1034 3748 1099 3808 visu
1115 3748 1230 3826 species
1247 3747 1402 3808 fortiorum
1417 3747 1550 3807 colorum

188 3844 259 3914 post
282 3834 425 3896 intuitum
449 3835 573 3906 facturn,
597 3843 629 3896 et
652 3835 816 3896 miscentur
839 3836 988 3898 coloribus
1013 3857 1030 3896 a
1055 3856 1130 3898 novo
1155 3837 1263 3898 intuitu
1288 3836 1442 3914 impressis
1457 3834 1549 3913 fitque

188 3925 331 3986 confusus
355 3942 394 3984 ex
409 3933 533 4002 utroque
549 3925 639 3985 color.
659 3924 744 3986 Haec
768 3925 884 4003 species
900 3925 1079 4005 separabilis
1100 3947 1118 3986 a
1136 3925 1309 4006 praesentia
1321 3926 1364 3987 rei
1379 3925 1463 3985 visae
1483 3922 1550 3985 exi·

189 4021 274 4075 stens
290 4031 349 4073 non
374 4018 423 4073 est
444 4012 474 4072 in
488 4012 659 4075 humoribus
683 4021 735 4092 aut
750 4014 868 4083 tunicis,
894 4025 926 4075 ut
950 4033 1042 4093 supra
1056 4016 1232 4093 probatum:
1258 4034 1329 4092 ergo
1345 4015 1373 4075 iu
1394 4013 1549 4094 spiritibus

189 4113 220 4163 et
239 4119 294 4182 per
318 4101 396 4162 banc
415 4101 641 4179 impressionem
656 4103 823 4180 specierum
848 4103 876 4163 in
901 4104 1024 4183 spiritus
1048 4105 1082 4164 lit
1097 4104 1182 4165 visio.
1216 4104 1379 4182 Impressio
1395 4122 1465 4163 vero
1486 4102 1552 4180 ipsa

191 4210 246 4253 nou
272 4199 321 4251 est
345 4189 463 4270 optica,
488 4191 543 4252 sed
566 4191 692 4271 physica
715 4200 746 4252 et
780 4192 975 4253 admirabilis.
1023 4191 1084 4253 Sed
1116 4194 1189 4254 baec
1223 4193 1330 4254 obiter.
1378 4191 1484 4252 Redeo
1508 4189 1548 4250 ad

189 4279 401 4362 explicandum
424 4279 549 4340 visionis
571 4278 768 4353 moduru.**)

279 4515 311 4588 ⁴)
332 4521 371 4574 Et
391 4526 485 4573 tamen
512 4537 563 4589 per
591 4523 663 4575 hunc
684 4523 715 4576 fit
735 4523 822 4583 visio,
854 4537 872 4573 a
893 4538 948 4591 qua
978 4521 1083 4591 optices
1109 4539 1163 4573 vox
1194 4519 1351 4573 descendit:
1386 4519 1478 4588 itaque
1500 4536 1550 4588 per

191 4603 320 4672 injuriam
341 4601 449 4671 quidem
471 4618 507 4654 ex
530 4601 623 4669 optica
649 4603 773 4671 ejicitur,
796 4600 861 4670 quia
881 4618 931 4670 per
952 4609 1064 4655 nost-rae
1091 4601 1224 4653 scientiae
1251 4605 1408 4669 egestatem
1435 4598 1551 4652 tolerari

189 4683 216 4737 in
236 4682 334 4753 optim
354 4698 409 4735 non
431 4686 533 4749 potest.
547 4683 584 4746 ⁴⁸)

277 4757 319 4826 ⁸⁸)
342 4759 568 4816 Consideratione
590 4760 777 4832 dignissimum
798 4766 850 4822 est,
875 4763 947 4831 quod
968 4763 1032 4815 olim
1055 4759 1260 4829 Heidelbergac
1282 4759 1433 4829 contigisse
1454 4758 1491 4810 Μ.
1514 4757 1549 4811 D.

189 4843 354 4898 Matthaeus
375 4842 550 4912 ngger,
573 4842 689 4896 Caesari
710 4858 727 4893 a
748 4840 867 4894 consiliis
890 4843 973 4895 aulae
996 4840 1154 4910 imperialis,
1178 4840 1243 4892 milri
1265 4840 1397 4893 narravit.
1434 4837 1550 4900 Quidam

189 4923 269 4980 ocule
289 4923 382 4977 altaro
403 4920 518 4984 amisso,
550 4923 641 4976 altero
662 4922 733 4986 forts
756 4938 851 4975 manus
880 4924 977 4991 palma
1005 4928 1079 5000 tecto
1112 4919 1323 4983 animadvertit,
1353 4920 1376 4972 si
1402 4919 1550 4989 splendens

189 5002 332 5075 quippiam
353 5001 426 5056 intra
447 5017 529 5056 nares
551 5003 679 5065 sisteret,
711 5003 883 5071 splendorem
905 5020 935 5055 se
964 5018 1117 5073 agnoscere
1146 5011 1230 5071 atque
1252 5000 1337 5054 etiam
1362 4999 1550 5054 internoscere
