3692 5842
358 464 422 536 106
784 474 883 528 Literae
902 476 1003 541 Kepleri
1022 475 1171 570 aliorumque
1188 482 1291 526 mutuae

446 652 518 699 Auno
537 647 579 697 88.
600 648 642 699 ⁴29.
661 650 723 699 Nos.
744 653 776 700 sd
795 649 820 700 θ’
839 654 864 700 in
884 655 1062 716 consequentia
1079 651 1124 701 illa
1142 653 1221 715 magis
1240 660 1401 715 promovetur.
1421 647 1506 711 (ibid.)

446 721 586 780 Quaeritur,
607 735 650 769 cur
669 723 693 769 in
714 721 756 770 alt.
779 719 810 781 Θ
832 719 862 769 3⁰
880 725 959 771 minor
978 723 1117 772 differentia
1134 724 1231 772 ratione
1250 724 1404 773 refractionis
1423 737 1449 770 se
1468 724 1575 784 ingerat.
1595 733 1673 783 quam
1691 719 1718 765 in

356 792 399 842 alt
421 788 510 851 3¹l,⁰?
530 791 579 840 Cur
597 792 681 853 Tycho
700 794 806 841 medium
826 793 980 842 differentiae
1000 808 1051 843 asc.
1071 801 1154 843 rectae
1173 794 1271 843 lucidae
1290 809 1332 857 pro
1348 793 1478 842 limitanda
1496 794 1527 841 A.
1548 791 1579 839 tt.
1599 787 1719 852 accipit?

445 862 480 911 Ut
498 862 576 911 lector
593 864 720 911 notionem
739 864 832 928 fingere
851 866 933 913 animo
959 865 1036 928 possit
1059 864 1228 913 immodestiae
1247 867 1273 913 in
1291 865 1434 928 quaerendo
1452 862 1572 917 Fabricii.
1597 866 1719 910 notamus

356 934 437 981 inesse
456 933 493 981 his
513 931 528 979 2
547 932 752 995 praecedentibus
780 936 855 982 literis
883 937 1040 998 quaestiones
1061 950 1108 983 non
1128 936 1208 983 minus
1227 932 1270 989 53.
1290 950 1319 984 ex
1336 942 1406 997 parte
1425 934 1576 994 levissimas.
1595 947 1617 979 s.
1640 945 1664 980 c.
1684 943 1720 977 an

358 1003 443 1051 Venus
462 1003 559 1051 Lunam
584 1003 721 1052 illuminare
740 1004 835 1069 possiti
863 1004 959 1053 Causas
977 1006 1098 1053 mitissimi
1120 1005 1193 1067 hujus
1211 1005 1297 1054 hiemis
1316 1008 1378 1054 scire
1398 1006 1477 1054 selim.
1515 1005 1554 1051 Au
1571 1001 1720 1051 Macrobius

355 1074 402 1121 luit
420 1072 555 1122 ethnicus?
575 1073 661 1122 Corin
675 1078 737 1124 rnari
755 1077 903 1140 navigantes
921 1075 1067 1124 nauseant?
1087 1075 1135 1124 Cur
1157 1075 1329 1125 Mathematici
1348 1078 1373 1124 in
1393 1076 1478 1123 codice
1495 1073 1615 1121 maleficis
1636 1071 1719 1119 adnu-

354 1142 501 1263 rsnerauturi
525 1141 570 1194 dte.
595 1143 640 1193 dte.
679 1144 776 1195 Similes
804 1147 919 1195 exhibent
945 1147 1033 1195 literae
1065 1160 1129 1210 quae
1160 1146 1206 1195 has
1239 1147 1406 1210 sequebantur
1432 1143 1468 1205 (d.
1498 1142 1520 1192 l.
1539 1139 1608 1203 (ll.)
1639 1138 1717 1200 Jun.)

374 1212 577 1278 oquaestiones.

388 1331 394 1342 ,
447 1285 486 1333 Ad
507 1299 568 1348 quas
586 1286 745 1349 quaestiones
764 1302 848 1336 omues
868 1285 991 1349 Keplems
1010 1302 1059 1336 uon
1079 1287 1210 1349 respondit,
1230 1287 1303 1350 plane
1322 1294 1375 1335 turn
1401 1286 1516 1349 temporis
1535 1283 1625 1333 Martis
1644 1281 1719 1331 theo-

356 1353 408 1403 riae
427 1355 547 1414 intentus,
566 1356 614 1405 hac
633 1357 686 1405 sola
705 1367 826 1420 excepta:
846 1356 987 1417 Quaeritur.
1008 1372 1040 1406 an
1054 1372 1109 1420 spes
1129 1357 1211 1421 aliqua
1224 1359 1267 1405 tibi
1280 1359 1320 1413 sit,
1341 1357 1535 1406 Mercurium
1555 1352 1721 1407 emendandi.

357 1438 413 1473 cum
433 1426 555 1475 rarissime
569 1426 690 1483 rideatur.
711 1435 736 1476 et
748 1429 773 1476 id
786 1428 875 1477 saltem
892 1431 963 1489 juxta
979 1428 1149 1492 elongationes
1168 1423 1308 1477 maximas?
1329 1426 1400 1486 Quae
1414 1442 1470 1475 sero
1489 1429 1597 1475 varietas
1617 1425 1723 1473 interim

358 1509 384 1543 se
402 1497 501 1560 ingerat
519 1497 551 1545 ab
570 1498 728 1560 elongatione
748 1498 780 1547 ad
801 1492 830 1563 (s
850 1512 905 1546 cum
926 1496 968 1557 Θ,
989 1500 1044 1547 sciri
1062 1500 1154 1562 nequit
1193 1498 1323 1547 Concludit
1340 1498 1368 1545 F.
1386 1497 1424 1546 his
1442 1498 1538 1546 verbis:
1558 1496 1609 1544 Fac
1630 1503 1662 1543 ut
1680 1509 1723 1543 me

358 1565 458 1614 ulterius
478 1581 527 1615 non
547 1568 672 1623 detineas.
699 1577 725 1616 et
746 1570 781 1616 sic
800 1571 873 1617 nimio
892 1569 1012 1617 desiderio
1031 1577 1128 1618 tuarum
1147 1568 1271 1618 literarum
1295 1570 1426 1632 fatigatum
1445 1577 1471 1616 et
1489 1569 1595 1616 fractum
1613 1565 1723 1615 tandem

357 1635 431 1698 plane
451 1651 549 1686 eneces.
588 1637 614 1687 Si
633 1651 697 1701 quae
716 1639 766 1687 alia
783 1640 860 1688 habes
885 1640 1047 1704 astrologica,
1074 1642 1268 1695 communicato.
1298 1642 1317 1688 si
1341 1653 1405 1702 qnae
1430 1639 1571 1687 accidentia
1589 1638 1615 1685 in
1636 1636 1723 1685 terei

357 1706 412 1756 aliis
431 1708 596 1758 observaveris
615 1709 680 1757 intra
699 1722 798 1757 aunum.
837 1708 909 1758 Vale.

448 1786 763 1851 adbaeekeplerns:
788 1781 834 1841 De
867 1780 990 1860 reliquis
1019 1780 1244 1857 quaestionibus
1268 1781 1356 1840 aliae.
1403 1780 1502 1840 Unum
1527 1786 1631 1838 tamen
1658 1796 1719 1837 non

357 1884 481 1945 possum
505 1887 562 1928 non
587 1869 708 1939 addere,
733 1870 769 1930 de
789 1888 846 1948 quo
862 1869 993 1947 quaeris.
1031 1869 1087 1928 Die
1112 1864 1164 1930 28.
1182 1868 1256 1946 Maji
1277 1870 1303 1928 h.
1325 1866 1352 1928 2.
1378 1876 1449 1929 ante
1474 1885 1614 1928 occasum
1632 1863 1721 1927 Solis

358 1954 525 2017 Mercurius
550 1956 635 2017 nobis
659 1958 706 2017 hic
730 1958 849 2036 Pragae
874 1957 956 2017 risus
981 1957 1079 2016 estin
1105 1957 1187 2016 disco
1211 1955 1291 2016 Solis
1315 1957 1412 2017 instar
1435 1956 1571 2016 maculae
1597 1955 1719 2032 nigrae,

357 2042 541 2105 intuentibus
566 2045 680 2106 radium
706 2047 783 2106 intro
808 2053 971 2123 receptum.
1020 2044 1138 2105 Etenim
1163 2044 1190 2104 iu
1215 2044 1314 2118 radio,
1346 2045 1394 2123 qui
1423 2043 1529 2104 habuit
1558 2043 1723 2120 magnitu-

357 2130 455 2191 dinem
480 2132 587 2194 thnleri
613 2133 738 2205 dimidii,
762 2135 843 2194 visus
868 2141 915 2193 est
940 2133 1036 2194 instar
1059 2133 1174 2211 pulicis,
1201 2132 1228 2192 in
1254 2131 1337 2192 radio
1361 2151 1441 2204 vero,
1467 2133 1516 2211 qui
1541 2128 1560 2194 4
1587 2131 1723 2209 pollices

358 2218 465 2281 habuit
485 2222 514 2282 in
535 2221 692 2294 diametro,
716 2222 798 2282 visus
818 2230 865 2282 est
889 2221 1058 2301 quantitate
1077 2220 1191 2293 culicis,
1216 2220 1312 2281 instar
1332 2240 1418 2281 sarae
1438 2239 1492 2280 nec
1513 2220 1591 2280 satis
1610 2219 1724 2298 nigrae

355 2306 533 2377 nubeculae,
558 2311 635 2370 forte
661 2310 730 2390 quia
753 2310 855 2371 radius
878 2327 931 2387 per
955 2310 1060 2371 rimam
1084 2328 1142 2369 non
1166 2317 1216 2369 sat
1244 2327 1369 2387 parvam
1392 2317 1441 2370 est
1470 2307 1636 2386 ingressus.
1687 2308 1723 2368 lu

355 2394 421 2474 ipso
446 2394 518 2458 Sole
541 2416 629 2457 nemo
653 2398 814 2477 quidquam
839 2397 914 2457 vidit
935 2396 972 2457 ob
997 2396 1185 2474 splendorem
1210 2398 1309 2470 airis;
1334 2417 1403 2457 nam
1428 2397 1595 2475 iuterpluit.
1631 2396 1721 2456 Haec

355 2481 408 2545 28.
434 2484 520 2563 Maji,
545 2503 603 2545 non
627 2481 681 2557 29,
707 2504 764 2565 quo
789 2486 836 2546 die
860 2484 1029 2562 conjunctio
1055 2485 1082 2545 in
1108 2485 1305 2562 Ephemeride
1329 2485 1458 2562 ponitur.
1507 2483 1722 2563 Respondebo

354 2571 393 2631 nd
418 2572 533 2652 reliqua
557 2573 735 2641 successive,
762 2574 798 2633 de
822 2573 922 2634 Marte
947 2590 1018 2633 vero
1042 2573 1091 2631 ris
1117 2573 1276 2652 quidquam
1301 2573 1444 2651 surplius,
1470 2592 1540 2633 nam
1565 2574 1595 2634 iu
1621 2569 1722 2633 Corn-

354 2660 511 2721 mentariis
527 2661 714 2740 expoliendis
730 2661 862 2722 laborem
878 2659 1077 2739 respondendi
1100 2660 1276 2739 impendam.
1320 2662 1406 2735 Vale,
1430 2669 1461 2721 et
1482 2659 1723 2723 observationes

354 2743 385 2825 b,
409 2748 448 2822 ll,
473 2751 495 2825 ζὲ
519 2749 613 2810 mitte.
660 2749 725 2827 Ego
749 2749 902 2811 remissior
924 2749 987 2811 lieri
1012 2748 1131 2825 incipio.
1180 2747 1240 2811 Cur
1264 2749 1341 2810 enim
1370 2749 1567 2810 morientibus
1598 2749 1722 2810 instru-

356 2837 468 2897 mentis
492 2836 669 2915 supervivat
692 2857 759 2898 mea
782 2838 962 2899 observandi
987 2836 1168 2916 diligentia?
1196 2836 1221 2899 i.
1240 2839 1329 2915 Aug„
1355 2857 1419 2897 cnm
1442 2837 1555 2898 Martio
1580 2836 1722 2917 incepis-

354 2942 427 2996 sem,
445 2925 618 3003 intereaque
633 2927 841 3003 peregrinatus
861 2945 960 2986 essem
975 2925 1003 2985 in
1016 2925 1153 2997 Lusatia‚
1171 2947 1197 2983 o.
1214 2923 1307 2987 ¹607.
1324 2926 1362 2986 ll.
1375 2926 1409 2984 T.
1426 2926 1539 2986 amicus
1550 2924 1720 2987 Uranicus.

446 3011 648 3062 observationem
668 3014 734 3063 illam
755 3014 885 3070 „Mercurii
898 3015 922 3061 in
937 3013 1010 3062 Sole¹‘
1032 3014 1129 3062 biennio
1148 3020 1204 3075 post
1216 3010 1308 3073 (1609)
1328 3014 1417 3075 publici
1434 3014 1496 3075 Juris
1515 3013 1576 3063 lecit
1591 3011 1723 3075 Keplemss

356 3083 381 3132 iu
400 3082 482 3132 libello
500 3083 628 3145 peculiari,
647 3086 780 3148 inscripto:
799 3084 1049 3133 Phaenomenon
1068 3083 1239 3147 singulare
1258 3099 1300 3133 seu
1320 3084 1456 3132 Mercurius
1475 3085 1500 3132 in
1520 3082 1588 3133 Sole.
1622 3082 1722 3134 Postea

356 3167 413 3202 sero
432 3153 522 3203 falsam
550 3169 716 3218 cognoscens.
745 3155 841 3218 publice
867 3162 988 3203 retractat
1016 3153 1081 3202 hano
1110 3155 1248 3216 opinionem
1266 3156 1291 3203 in
1311 3155 1464 3217 praelatione
1484 3154 1516 3203 ad
1536 3153 1720 3218 Epheuseridn

356 3226 415 3274 anni
437 3221 514 3282 1617,
535 3231 560 3273 et
575 3228 663 3285 jocans
682 3241 708 3275 se
727 3228 830 3289 primum
850 3225 1002 3273 macularum
1023 3224 1143 3273 Solarium
1163 3225 1343 3273 observatorem
1362 3225 1487 3288 gloriatur.

446 3296 617 3344 Fabricius
635 3297 760 3358 respoudit
779 3294 814 3355 (d.
835 3294 876 3343 27.
897 3295 956 3344 Feb.
976 3312 997 3343 r.
1018 3301 1048 3343 st.
1072 3291 1167 3354 1608);
1195 3294 1229 3343 l't
1247 3310 1292 3358 ego
1312 3296 1341 3344 de
1365 3303 1422 3354 tuo,
1448 3297 1484 3344 ita
1503 3303 1531 3343 tn
1553 3294 1623 3343 haud
1644 3295 1722 3345 dubie

353 3368 385 3418 de
404 3383 459 3418 meo
483 3366 581 3414 silentio
609 3365 723 3414 diuturno
751 3367 889 3422 miraberis.
918 3366 1197 3429 praestantissimus,
1225 3368 1304 3413 amice
1332 3365 1442 3414 colende.
1483 3365 1553 3426 Quas
1572 3375 1602 3414 tu
1626 3365 1722 3414 silentii

354 3451 444 3488 musas
462 3437 572 3492 habeas.
603 3436 685 3485 dicere
704 3451 752 3485 non
771 3450 883 3498 possum,
909 3436 968 3484 mihi
987 3436 1077 3485 saltem
1096 3450 1144 3484 non
1175 3437 1283 3488 antinus.
1310 3437 1354 3485 sed
1373 3436 1457 3486 literas
1477 3435 1509 3484 ad
1528 3451 1572 3484 sos
1601 3436 1722 3485 mittendi

354 3510 452 3559 occasio
472 3508 572 3559 omuino
592 3508 677 3556 deluit.
716 3507 858 3556 Testsbitur
875 3507 921 3555 hoc
941 3509 1106 3569 praesentium
1125 3507 1203 3560 lator.
1224 3506 1410 3555 Lichtensteinii
1434 3506 1597 3562 tabellarius,
1616 3509 1660 3572 qui
1679 3505 1721 3555 hle

352 3593 397 3642 per
416 3587 534 3629 semestre
553 3580 577 3627 in
597 3577 655 3626 aula
673 3577 770 3633 haesit;
791 3578 907 3627 dederam
926 3578 960 3625 illi
979 3580 1004 3625 in
1024 3575 1121 3626 Octobri
1141 3576 1236 3632 literas.
1256 3579 1300 3626 sed
1318 3594 1374 3628 eum
1393 3585 1492 3641 praeter
1510 3581 1717 3640 expectationem

352 3648 393 3699 hic
412 3649 607 3714 permanendum
625 3649 659 3698 illi
679 3656 753 3703 esset.
772 3648 856 3697 literas
875 3654 931 3710 post
952 3647 992 3695 15.
1012 3647 1080 3710 Sept.
1099 3648 1194 3710 repetii.
1227 3647 1300 3696 Nunc
1318 3651 1342 3697 in
1362 3659 1454 3711 puncto
1473 3650 1579 3698 nunciat
1598 3648 1670 3702 mihi.
1690 3661 1719 3697 ae

353 3733 409 3770 cras
429 3735 524 3769 summo
537 3733 611 3769 mane
624 3721 680 3769 hinc
700 3721 832 3775 abiturum,
852 3733 927 3781 cogor
944 3720 1029 3781 itaque
1047 3719 1135 3766 cursim
1157 3725 1184 3766 et
1201 3720 1304 3780 carptim
1323 3722 1436 3768 scribere.
1464 3718 1546 3776 Scias.
1566 3734 1609 3769 sae
1627 3720 1717 3769 literas

352 3796 410 3838 tuas
428 3792 453 3838 in
473 3794 585 3854 Augusto
604 3792 765 3856 praeterlapsi
785 3792 843 3839 anni
864 3789 1008 3852 llamburgo
1027 3789 1160 3849 accepisse.

446 3859 540 3909 Scribis
558 3875 644 3924 nuper,
665 3857 683 3918 ἶ]
703 3864 728 3911 in
748 3863 814 3911 disco
834 3859 897 3907 Solis
917 3860 1072 3907 observatum
1090 3858 1172 3905 luisse.
1206 3859 1239 3904 At
1256 3871 1329 3920 quam
1348 3860 1495 3921 impossibile
1514 3858 1562 3908 hoc
1581 3861 1616 3909 sit
1633 3861 1719 3910 ohau-

353 3934 422 3983 vstn.
452 3945 500 3979 uon
527 3932 620 3994 ignoro.
658 3930 706 3978 Vix
734 3940 805 3980 extra
830 3929 961 3978 obstacula
985 3931 1008 3975 in
1037 3928 1233 3989 elongationibus
1252 3930 1365 3976 maximis
1393 3930 1515 3978 nonnullis
1535 3937 1597 3979 ante
1616 3938 1720 3994 etpost

353 3996 435 4049 Soleus
463 4002 571 4064 conspici
602 4009 699 4064 potest,
729 4006 757 4049 ut
777 4003 802 4047 in
820 4001 940 4049 Januario
968 3999 1076 4060 proximo
1097 3998 1122 4044 in
1143 3995 1263 4045 27-28⁰
1290 3998 1410 4048 distantia
1429 4014 1444 4048 a
1462 3999 1520 4049 Sole
1548 4001 1620 4049 claro
1647 4001 1719 4051 coelo

352 4068 429 4118 rideri
448 4085 497 4120 non
517 4073 614 4135 potnit,
642 4079 741 4120 tanturn
770 4070 840 4118 abest
871 4077 899 4117 ut
917 4077 945 4115 tu
963 4069 1048 4116 diurno
1067 4074 1175 4129 tempore
1194 4069 1219 4116 in
1238 4067 1301 4116 Solis
1320 4069 1375 4118 luce
1394 4084 1437 4131 per
1465 4071 1579 4120 toramen
1606 4074 1719 4135 opaeum

352 4141 539 4190 minutissimum
557 4143 582 4190 in
602 4144 697 4205 pariete
719 4138 914 4189 animadvertere
933 4140 1017 4200 possis.

444 4210 484 4260 De
505 4212 621 4274 exemplis
640 4212 814 4260 mutationum
834 4200 858 4266 Q
880 4203 912 4265 (Ξ)
932 4208 957 4253 iu
976 4205 1091 4267 Tychone
1110 4207 1238 4269 responde.
1258 4216 1286 4256 ut
1305 4208 1378 4257 etde
1397 4209 1542 4259 diversitate
1561 4219 1718 4274 supputatae

356 4282 552 4331 eceentricltatis
572 4278 592 4342 ql
611 4281 677 4345 apud
696 4280 859 4343 Copersicum
877 4281 903 4324 et
922 4275 1153 4340 Regiomontanum.

361 4396 370 4412 ‚
442 4352 558 4401 Proxima
577 4353 707 4401 occasione
727 4352 822 4398 mittam
836 4362 920 4395 omnes
939 4346 1119 4394 ohservationes
1138 4349 1289 4410 superiorum
1307 4343 1365 4406 eti}
1384 4350 1430 4397 hoo
1453 4364 1519 4398 anno
1535 4361 1563 4400 et
1580 4354 1719 4415 pmoertso

352 4418 459 4477 lsahltss.
480 4428 504 4471 et
524 4423 554 4471 de
573 4423 656 4470 multis
675 4421 729 4471 aliis
748 4428 830 4468 tecum
849 4430 932 4480 agam.
970 4415 1032 4464 Vale
1051 4424 1077 4464 et
1095 4417 1127 4465 ad
1146 4421 1230 4467 omnia
1248 4420 1362 4467 rescribe.
1400 4419 1473 4476 Vale,
1493 4421 1563 4471 salse
1582 4429 1610 4472 et
1629 4423 1716 4472 saluta

354 4505 451 4555 quoque
471 4501 540 4541 tuam
560 4494 695 4555 piissimam
714 4497 807 4539 costam
827 4502 856 4535 ex
874 4501 914 4534 me
933 4493 1004 4534 utet
1023 4486 1083 4534 alios
1101 4489 1254 4537 salutandos.
1291 4488 1401 4552 Raptim.
1422 4489 1524 4539 Osteiae
1543 4490 1590 4540 dc.

440 4562 511 4611 ‘l'uae
529 4563 702 4611 Praestantiae
721 4558 913 4607 studiosissimus
1450 4560 1482 4608 Ι),
1505 4561 1645 4612 mrim

446 4632 492 4681 llis
510 4632 587 4682 literis
606 4631 732 4692 subjunxit
749 4628 814 4676 banc
832 4625 976 4675 schedulam
995 4627 1138 4676 Fabricius:

610 4701 690 4750 Herm
709 4698 745 4747 M.
765 4697 881 4760 lieplero.
902 4697 1044 4746 Ptolemaeo
1063 4699 1209 4747 Germanico
1228 4706 1254 4747 et
1271 4713 1315 4747 suo
1335 4699 1450 4748 Urauico.

441 4772 520 4820 Tuum
539 4786 614 4837 quam
637 4772 740 4833 primunr
763 4768 795 4816 ad
817 4768 899 4815 omnia
922 4782 1063 4830 responsum
1088 4769 1226 4816 aridissime
1249 4781 1359 4831 expecto.
1396 4769 1487 4820 Noster
1506 4770 1640 4822 lohannes
1660 4781 1718 4824 tuns

350 4841 436 4892 sem
455 4842 625 4905 Hamburgnrn
644 4840 677 4889 ad
701 4836 847 4887 avunculum
865 4852 936 4885 suurn
964 4839 1104 4900 procurabit
1122 4838 1267 4902 diligenter.
1286 4839 1326 4887 ille
1346 4840 1378 4887 ad
1396 4855 1443 4889 me.
1483 4840 1525 4889 Sic
1553 4843 1657 4907 saepius
1676 4844 1719 4894 ria

351 4910 534 4975 llamhurqensi
552 4913 600 4960 huc
620 4909 676 4959 illuc
689 4916 743 4957 tute
761 4909 865 4956 scribere
885 4922 1018 4969 possumus.
1046 4907 1116 4956 Nora
1129 4910 1148 4957 sl
1167 4923 1231 4971 quae
1249 4907 1325 4957 habes
1339 4912 1363 4958 in
1383 4912 1555 4962 umnomicis
1569 4923 1617 4963 aut
1635 4923 1716 4964 astro

351 4979 446 5047 logicis.
466 4982 629 5033 cornmunica.
659 4978 732 5028 Mitto
749 4979 793 5028 tibi
811 4991 893 5027 neum
906 4978 1109 5043 nguosticum
1127 4979 1185 5028 bont
1203 4979 1313 5034 cenem.
1332 4994 1379 5028 neo
1396 4981 1525 5031 suademus
1538 4977 1579 5044 (i)
1596 4987 1717 5050 scupis
