3692 5842
244 489 266 557 6
662 495 761 546 Litcrae
778 494 880 559 Keplsri
899 493 1049 560 aliamque
1067 501 1170 542 mutuae

247 679 367 733 ceteros
398 671 578 733 observandi
611 671 716 732 modos
750 672 860 732 eludit:
894 672 923 731 in
956 670 1031 730 solis
1063 669 1232 731 defectibus
1256 668 1412 731 Solatibus
1436 668 1601 747 peritorum

244 761 410 841 opticorum
433 762 536 821 oculos
560 762 688 821 omnium
713 760 880 821 rectissime
904 760 1047 820 incurrit:
1077 761 1126 838 qui
1151 767 1184 819 ut
1207 760 1258 820 ille
1281 759 1377 818 Persa
1398 757 1479 818 Solis
1503 767 1601 819 ortum

244 847 399 911 σουνεηίι
421 850 461 910 ad
484 868 623 910 occasum
644 850 752 924 oculis,
776 850 819 910 sic
843 850 941 928 ipsum
963 848 1113 909 delectum
1137 849 1213 909 facie
1238 868 1256 906 a
1280 845 1352 907 Sole
1380 865 1488 906 auersa
1511 864 1602 923 super

244 939 350 999 tabula
372 938 533 999 tenebroso
559 939 624 999 loco
648 939 845 999 delitescente
869 937 1121 1015 contemplantur.
1154 936 1252 1005 Quem
1275 937 1396 996 modum
1421 934 1600 994 observandi

244 1026 303 1087 etsi
327 1027 451 1087 tradunt
474 1035 627 1099 auctores,
652 1047 709 1087 noo
734 1036 806 1106 puto
821 1037 921 1088 tamen
939 1034 1114 1104 usurpatum
1133 1046 1152 1084 a
1167 1026 1309 1106 Tycbone
1332 1025 1481 1084 destituto
1505 1024 1601 1102 eclip-

244 1115 329 1176 sibus
352 1116 488 1194 maguis;
509 1125 540 1176 et
563 1116 622 1194 ipsi
646 1116 738 1176 etiam
753 1127 892 1177 auctores
906 1114 1037 1174 nondum
1052 1114 1129 1173 banc
1144 1114 1311 1175 doctrinam
1334 1114 1379 1173 ita
1398 1113 1602 1180 excoluemut.

245 1204 290 1264 uti
313 1204 410 1264 excoli
436 1214 553 1282 potest;
584 1207 690 1275 credo,
716 1206 786 1284 quia
808 1224 894 1265 rarus
918 1203 984 1281 ejus
1008 1222 1081 1263 usus
1104 1212 1161 1263 est„

333 1292 395 1354 Sed
428 1293 466 1352 ad
500 1312 561 1353 rem
593 1294 688 1372 ipsam
719 1302 768 1354 est
806 1294 1018 1354 accedendum.
1068 1292 1101 1352 lu
1135 1292 1283 1370 eclipseos
1315 1291 1436 1368 negotio
1474 1290 1602 1368 ptumum

244 1381 343 1442 locum
366 1381 422 1442 sibi
456 1382 608 1442 vindicant
640 1393 739 1442 motus
763 1383 961 1444 luminarium.
1010 1381 1122 1442 Locum
1146 1383 1247 1460 itaque
1263 1380 1344 1440 Solis
1373 1399 1474 1440 uerum
1499 1380 1602 1459 Tycbo

244 1489 283 1530 es
315 1471 544 1532 correctissimis
577 1473 690 1533 tabulis
723 1472 761 1531 ad
795 1472 947 1533 meridiem
981 1471 1167 1550 aequabilem
1201 1470 1259 1531 diei
1299 1468 1347 1531 10,
1371 1468 1445 1529 Julii
1477 1478 1508 1528 et
1535 1487 1602 1528 me-

244 1558 391 1711 rigianum
419 1560 630 1619 Huenueusem
662 1562 818 1622 constituit
854 1555 913 1623 18ο
935 1557 967 1619 8’
993 1574 1038 1631 ee,
1076 1560 1254 1620 diametrum
1280 1559 1371 1620 ,Solis
1405 1567 1602 1636 apparentem

243 1643 265 1708 2
290 1649 298 1677 t
322 1644 418 1710 2⁰11..

334 1736 366 1796 lu
391 1736 522 1796 motibus
546 1737 650 1797 Lunae
675 1738 782 1798 mediis
805 1737 973 1798 adhucdum
1004 1738 1099 1798 utitur
1122 1735 1297 1797 Canonibus
1321 1734 1505 1806 Prutenicis,
1543 1734 1602 1795 nisi

244 1824 323 1904 quod
351 1833 397 1885 tot
421 1826 530 1885 seculis
559 1832 632 1905 quot
656 1827 722 1904 jam
747 1849 765 1887 a
787 1827 1003 1888 Nabonassare
1027 1828 1114 1904 lapsa
1137 1833 1223 1896 suut,
1248 1824 1389 1905 Tychone
1408 1824 1508 1902 judice
1534 1824 1602 1883 eri-

244 1932 303 1991 guo
326 1914 459 1992 spatiolo
484 1914 608 1976 ulterius
632 1917 768 1993 pervenit
793 1917 897 1978 Lunae
921 1915 1145 1987 concentricus,
1173 1934 1261 1994 quam
1286 1937 1303 1974 a
1328 1914 1495 1976 Pruteuicis
1520 1914 1601 1974 iudi-

243 2009 343 2070 catur,
375 2003 524 2080 scrupulis
547 2023 590 2065 sc.
621 2001 725 2066 1‘20‘2
772 2006 952 2066 Anomaliae
976 2024 1047 2066 rero
1070 2005 1174 2066 eodem
1199 2004 1287 2065 modo
1319 2005 1404 2066 addit
1427 2023 1485 2065 scr.
1510 2000 1600 2064 8¹0‘¹.

246 2088 428 2151 Latitudinis
453 2101 565 2151 motum
589 2093 729 2172 relinquit
752 2094 947 2168 invariatum,
972 2105 1116 2174 quantum
1141 2092 1259 2171 quidem
1283 2095 1354 2154 mibi
1379 2101 1510 2154 constat.

333 2179 383 2238 Ad
407 2180 616 2258 explicandum
642 2202 743 2243 terum
767 2183 872 2244 Lunae
896 2193 1010 2246 motum
1034 2184 1202 2259 indigemus
1222 2183 1423 2261 explicatione
1448 2190 1601 2263 systema-

243 2264 282 2325 tis
298 2265 435 2328 Lunaris.
467 2265 535 2337 Quo
568 2270 633 2328 loco
658 2290 755 2332 meam
779 2272 873 2350 ipsius
897 2292 1007 2353 sequor
1030 2272 1211 2333 seutentiam
1227 2272 1331 2332 ascitis
1347 2272 1525 2352 Tyehouicis
1542 2292 1601 2331 uu-

244 2354 343 2416 meris.
372 2355 493 2416 Etenim
517 2358 568 2417 ille
583 2358 742 2435 Copemici
765 2361 903 2441 vestigiis
918 2363 1061 2423 insistens
1075 2361 1235 2441 plurimum
1259 2360 1403 2422 abhorret
1425 2382 1444 2421 a
1467 2370 1601 2421 motuum

245 2443 476 2522 inaequalitate,
511 2446 675 2522 cujusmodi
700 2449 895 2511 Ptolemaeus
925 2451 1101 2512 introduxit.
1150 2450 1253 2528 ltaque
1287 2458 1319 2510 ut
1343 2469 1445 2510 omnes
1469 2469 1601 2510 erronum

245 2531 347 2592 Lunae
372 2533 484 2593 formas
509 2553 562 2613 per
586 2547 684 2596 motus
708 2538 885 2599 circulomm
910 2539 1051 2617 aequales
1075 2558 1166 2618 super
1185 2538 1296 2599 centris
1320 2539 1449 2617 propriis
1475 2539 1600 2599 demon-

242 2626 334 2695 stret,
371 2622 516 2700 plurimos
547 2624 671 2685 adhibet
694 2626 860 2700 orbiculos,
896 2647 1019 2706 quorum
1044 2627 1271 2689 coacervatione
1297 2629 1441 2706 perplexa
1464 2628 1602 2688 redditur

241 2709 418 2790 systematis
441 2709 670 2791 contemplatio.
709 2715 801 2788 Mihi,
826 2717 961 2796 quamvis
976 2725 1162 2795 repugnante
1177 2716 1302 2777 multum
1324 2717 1476 2796 Tychoue‚
1500 2717 1600 2793 magis

242 2804 367 2857 naturae
391 2817 524 2860 consona
547 2801 667 2863 videtur
689 2804 883 2885 simplicitas,
909 2825 996 2885 quam
1013 2814 1046 2866 ut
1061 2806 1222 2878 obtineam,
1247 2805 1451 2866 Ptolemaicae
1466 2813 1600 2865 motuum

242 2885 452 2964 inaequalitati
489 2889 650 2950 remedium
683 2903 732 2953 est
764 2894 1003 2973 apenitissimis
1036 2902 1162 2956 naturae
1194 2894 1400 2973 penetralibus
1424 2894 1598 2972 petendum.

242 2973 319 3035 Dico
343 2992 416 3052 ergo
440 2986 544 3037 contra
577 2997 665 3057 quam
690 2978 875 3061 Copemicus
900 2983 947 3043 vel
972 2983 1091 3064 Tyclio‚
1126 2991 1251 3043 naturae
1282 2982 1410 3043 maxime
1437 3002 1600 3043 consonum

242 3079 326 3133 0⁸⁸0,
351 3071 387 3122 ut
412 3064 562 3142 planeta
587 3076 691 3128 tauto
716 3071 797 3150 plus
821 3093 839 3131 a
863 3071 1068 3145 celeritate,
1087 3080 1208 3132 motus
1233 3072 1423 3142 remittat,
1458 3084 1599 3149 quanto

150 3161 165 3179 ⁴
244 3149 396 3230 longius
420 3172 438 3213 a
461 3163 590 3216 centro
614 3176 677 3218 suo
701 3159 930 3235 digreditur:
954 3170 1116 3241 propterea
1139 3160 1217 3239 quod
1241 3167 1273 3219 et
1286 3168 1419 3220 veterum
1435 3169 1506 3219 ante
1522 3160 1599 3219 Pto-

241 3239 391 3301 lemaeum
415 3249 447 3301 et
470 3251 576 3304 nostra
598 3255 701 3307 aetate
725 3245 883 3327 Copemici
908 3257 941 3311 et
968 3251 1033 3327 jam
1057 3249 1207 3330 Tychouis
1237 3247 1399 3308 obseruata
1423 3257 1601 3308 constanter

240 3335 413 3390 testantur:
439 3331 581 3393 virtutem
606 3337 761 3397 matricem
776 3357 792 3396 e
807 3349 911 3398 centro
935 3338 964 3399 in
989 3337 1249 3399 circumferentiae
1273 3337 1474 3414 capacitatem
1490 3337 1597 3397 distri-

242 3416 302 3477 bui.
350 3417 456 3497 ltaque
481 3420 575 3482 virtus
604 3434 716 3502 quanto
750 3426 867 3505 longios
892 3427 1073 3507 digreditur,
1108 3434 1196 3487 tanto
1228 3426 1325 3502 magis
1359 3431 1535 3486 attenuatur
1567 3427 1598 3487 in

241 3504 452 3583 spatiosiorem
479 3509 581 3571 orbem
613 3512 759 3590 dispersa.
808 3516 907 3576 Minor
936 3533 1007 3593 ergo
1031 3523 1131 3578 motus
1156 3515 1315 3593 impressio
1340 3521 1389 3573 est
1413 3514 1440 3573 io
1465 3515 1598 3592 planeta,

244 3612 311 3655 cum
336 3592 361 3655 is
385 3596 445 3658 alio
477 3608 576 3659 motus
600 3602 745 3681 principio
769 3604 803 3664 lit
828 3605 1011 3666 remotiora
1034 3603 1253 3665 sederirtutis.
1293 3601 1368 3664 Cum
1394 3603 1484 3678 igitur
1508 3604 1600 3663 etiam

243 3681 348 3745 Lunae
379 3686 512 3760 aecidat,
548 3697 581 3748 ut
608 3690 674 3766 jam
698 3693 821 3771 propius
852 3693 933 3753 absit
957 3714 976 3753 a
999 3701 1102 3753 centro
1126 3694 1171 3752 sui
1195 3692 1290 3765 orbis,
1326 3693 1402 3770 quod
1428 3693 1522 3752 Terra
1553 3702 1601 3751 est

244 3773 294 3843 (ut
318 3790 383 3833 cum
408 3783 504 3837 totum
522 3775 624 3838 Solem
651 3780 753 3857 tegit),
774 3783 839 3860 jam
863 3783 981 3860 lougius
1007 3784 1054 3851 (ut
1079 3799 1145 3842 cum
1169 3781 1312 3841 circulum
1337 3781 1373 3840 de
1398 3778 1470 3840 Sole
1496 3781 1599 3839 lucen-

245 3868 306 3920 tem
331 3862 502 3941 relinquit),
537 3866 654 3927 accidet
679 3869 775 3931 eidem
799 3870 906 3942 etiam,
939 3880 972 3931 ut
1004 3870 1115 3931 iubae
1146 3887 1255 3947 magna
1278 3869 1427 3929 distantia
1450 3869 1602 3928 lentescat

244 3947 310 4026 ejus
335 3958 449 4026 motus,
483 3952 513 4012 iu
544 3954 597 4015 illa
619 3956 756 4018 breviore
780 3960 962 4021 intendatur.
1011 3960 1076 4019 Hoc
1099 3966 1189 4038 pacto
1220 3957 1438 4017 ratiocinantes
1463 3976 1501 4017 ex
1524 3975 1599 4016 con·

244 4038 380 4098 ceutrico
403 4046 435 4099 et
459 4040 575 4103 duobus
598 4044 756 4126 epimelis,
781 4066 855 4127 quos
870 4046 963 4108 babet
978 4048 1094 4129 Tycbo,
1118 4065 1207 4106 unum
1232 4045 1425 4107 retinebimus
1449 4046 1600 4106 eccentri-

244 4142 310 4185 cum
335 4127 421 4206 eique
445 4130 666 4208 assignabimus
687 4146 822 4196 ceutmm
843 4136 993 4215 quoddam
1012 4135 1207 4215 aequalitatis
1238 4135 1440 4212 longe·supra
1464 4143 1600 4195 centmm

244 4213 336 4274 orbis.
382 4217 432 4277 Ad
463 4218 539 4279 hanc
563 4240 626 4282 rem
649 4224 835 4301 probandam
860 4224 976 4285 inserto
1001 4225 1148 4304 quoddam
1179 4224 1345 4301 opticorum
1375 4223 1503 4283 axioma.
1551 4223 1599 4282 Illi

243 4301 322 4364 enim
346 4304 408 4366 sic:
436 4308 480 4366 Ta
503 4305 697 4389 ποῤῥωῐερω
720 4334 868 4390 peponem
892 4315 1077 4391 {ipudorepos
1099 4317 1240 4374 rotrodus
1265 4318 1352 4372 dossa
1386 4311 1427 4372 Et
1450 4312 1518 4372 hinc
1542 4330 1599 4371 na-

244 4401 369 4452 scuntur
392 4395 479 4455 uobis
503 4401 681 4474 eccentrici,
711 4402 847 4480 quamvis
871 4401 926 4461 lios
951 4402 1041 4463 etiam
1066 4402 1185 4462 aliunde
1209 4401 1383 4479 probemus,
1419 4400 1600 4481 praesertim

246 4479 274 4539 in
299 4481 496 4545 luminaribus
521 4507 557 4547 ex
578 4489 715 4549 sanabili
739 4491 951 4551 diametromm
975 4509 1123 4552 mensura.
1170 4489 1237 4563 Ego
1260 4489 1319 4550 sic:
1351 4490 1395 4548 To
1418 4492 1601 4567 βραδιηερω

244 4590 379 4642 menaea
401 4569 594 4655 soglgiorepos
616 4583 766 4656 pependere
790 4584 878 4651 dorsu
918 4577 993 4641 Cum
1017 4581 1159 4659 planetae
1179 4587 1277 4638 motus
1301 4578 1395 4637 multo
1419 4577 1528 4638 lentior
1542 4588 1599 4649 est,

245 4676 333 4736 quam
358 4672 515 4741 comperta
537 4665 603 4741 ejus
633 4666 841 4746 propinquitas
866 4668 992 4746 patitur,
1027 4678 1097 4729 tuuc
1131 4667 1248 4743 culpam
1281 4667 1441 4726 secundum
1472 4666 1599 4744 primum

244 4747 364 4808 axioma
387 4749 415 4810 in
441 4753 635 4815 remotionem
660 4757 863 4828 conferentes,
897 4758 985 4833 longe
1009 4756 1196 4818 remotiorem
1221 4772 1286 4814 eum
1311 4754 1467 4825 (metiendi
1492 4759 1601 4822 causa)

245 4835 385 4911 facimus,
411 4858 499 4918 qnam
524 4861 594 4903 vere
618 4853 676 4903 est.
724 4844 828 4925 ltaque
853 4854 988 4907 centrum
1013 4846 1105 4907 altius
1129 4852 1271 4922 tauquam
1295 4843 1359 4902 orbi
1383 4844 1477 4905 multo
1501 4844 1600 4919 magis

245 4928 413 4989 eccentrico
437 4930 638 5009 assignamus.

334 5015 384 5077 Sit
407 5018 558 5093 ATcrra,
586 5018 610 5081 B
634 5025 768 5081 centrum
792 5020 970 5097 eccentrici,
996 5019 1172 5084 Cceutrum
1196 5018 1402 5100 aequalitatis,
1427 5018 1452 5078 Τ
1474 5021 1601 5100 planeta
