3692 5842
254 447 317 516 744
728 448 769 499 De
788 447 867 500 Stella
884 448 956 502 Nora
973 448 1124 515 Serpentem

248 627 393 693 Pellimur
415 625 454 687 ab
477 623 592 686 oriente
615 624 646 687 iu
669 625 863 702 occidentem,
887 626 929 689 ibi
951 646 1009 690 nos
1032 645 1162 690 oceanus
1184 624 1312 707 excipit,
1338 635 1411 689 sunt
1433 626 1478 688 ad
1498 646 1606 690 manaa

249 728 331 782 artes
355 726 387 776 et
408 713 570 793 nauigandi
591 714 702 794 peritia
725 715 883 796 stupenda,
908 725 940 777 et
961 716 1156 778 crebrescens
1178 715 1210 777 in
1224 715 1290 776 dies
1312 715 1453 778 sordium
1475 715 1607 778 adeundi

248 827 344 872 novas
368 804 481 865 Indias.
527 803 592 864 n'ee
615 802 725 865 desunt
753 804 891 885 exempla
913 824 953 867 ex
974 806 1171 886 antiquitate,
1201 803 1353 886 quomodo
1384 813 1499 885 gentes
1527 805 1606 866 aliae

249 898 327 959 alias
365 891 550 972 expulerint,
585 891 758 974 plerumque
797 893 959 974 Scythicae
994 895 1187 974 Europaeas,
1224 893 1399 975 plerumque
1439 892 1607 956 orientale

251 984 403 1048 occiduas.
442 980 524 1053 Quid
544 981 569 1041 si
593 998 665 1059 ergo
689 981 795 1061 ingens
818 982 920 1064 aliqua
942 984 1039 1045 instat
1060 982 1176 1046 1111111
1198 1002 1236 1044 ex
1258 982 1404 1045 universa
1426 983 1557 1063 Europa
1576 983 1608 1044 in

249 1075 320 1138 illos
343 1082 492 1133 terrarum
520 1078 655 1142 tractus,
687 1079 718 1132 et
740 1071 918 1151 propagatio
950 1072 1020 1135 fidei
1044 1071 1236 1135 Christianae
1264 1073 1346 1134 iuter
1376 1071 1552 1146 barbaros,
1578 1081 1610 1132 et

247 1162 399 1227 traductio
422 1158 541 1220 illorum
563 1159 602 1218 ad
632 1159 825 1234 civilitatem,
848 1169 880 1221 et
901 1181 961 1223 non
983 1161 1162 1242 parentium,
1185 1171 1220 1223 ut
1241 1160 1312 1223 olim
1336 1160 1606 1234 chananaeorum,

249 1261 385 1315 extrema
399 1247 602 1327 exstirpatio?
626 1247 778 1319 Quorsum
792 1249 918 1329 digitum
936 1250 1068 1312 intendit
1081 1269 1119 1311 ex
1132 1251 1317 1312 astronomia
1332 1251 1472 1312 circulus
1488 1249 1609 1322 stellae,

248 1362 287 1406 ex
310 1335 478 1415 astrologia
501 1336 660 1416 Sagittarii
684 1338 802 1417 signum
826 1348 857 1400 et
878 1339 1017 1418 trigonus
1040 1340 1160 1420 ignens,
1188 1359 1275 1420 quem
1300 1339 1460 1420 astrologi
1482 1337 1609 1400 credunt

248 1431 350 1492 farere
382 1426 520 1505 religioni
545 1424 757 1501 Christianae,
787 1435 820 1489 ut
842 1436 873 1488 et
903 1429 1016 1508 spicam
1040 1428 1193 1510 Virginis,
1223 1447 1290 1490 cnm
1315 1449 1396 1510 qua,
1422 1437 1461 1490 ut
1490 1427 1608 1490 notarit

247 1518 403 1590 Rdslinus,
427 1513 481 1577 Sol
506 1516 591 1576 stetit
612 1515 667 1575 sub
691 1526 796 1577 exortu
820 1516 928 1578 stellae
952 1517 1055 1579 sextili
1076 1517 1247 1580 illustratus
1270 1539 1289 1578 a
1311 1517 1430 1580 stella?
1460 1517 1606 1580 Pomm

248 1610 371 1690 quippe,
400 1605 498 1666 Deum
529 1603 577 1665 his
605 1603 650 1663 uti
682 1606 877 1686 conceptibus
908 1606 1131 1687 astrologorum
1157 1607 1196 1670 ad
1225 1607 1460 1687 significandum
1491 1605 1604 1688 aliquid

251 1695 430 1759 hominibus.

337 1791 594 1856 circumferuntur
629 1790 745 1869 passim
780 1792 925 1855 vaticinia
956 1783 1254 1868 hiabumetanorum,
1295 1813 1334 1855 ex
1371 1793 1487 1874 quibus
1519 1793 1602 1856 multi

248 1884 385 1946 evincere
408 1879 523 1954 volunt,
546 1879 603 1939 hoc
621 1898 689 1939 esse
712 1883 840 1961 tempus,
863 1902 921 1964 quo
941 1883 982 1944 sit
1003 1883 1162 1946 interitura
1184 1884 1317 1964 ipsorum
1340 1882 1474 1962 religio:
1499 1883 1602 1964 quibos

248 1972 390 2055 placebit,
413 1972 510 2032 Deum
532 1967 588 2028 hoc
611 1968 708 2047 ipsum
732 1970 864 2032 indicare
887 1973 1035 2047 voluisse,
1068 1974 1190 2034 incensa
1220 1992 1298 2034 nora
1320 1971 1416 2034 stella
1442 1974 1474 2033 in
1499 1972 1600 2051 Sagii·

249 2064 337 2140 tario,
362 2078 438 2142 quae
461 2065 509 2118 est
530 2055 693 2136 triplicitas
712 2057 794 2120 Solis
814 2071 846 2121 et
860 2061 981 2135 Martis,
1005 2062 1111 2124 domus
1133 2062 1240 2136 Joris3
1265 2081 1331 2123 cnm
1355 2060 1412 2124 Sol
1434 2071 1469 2122 et
1486 2060 1601 2142 Jupiter

249 2150 432 2215 Christianis
470 2146 571 2206 arere
610 2146 727 2208 dicatur
758 2149 796 2209 ab
832 2150 996 2230 astrologis
1029 2155 1169 2232 (qnorum
1203 2151 1399 2231 conceptibus
1438 2152 1526 2214 Deus
1560 2149 1600 2212 uti

246 2240 392 2321 ponitur),
416 2237 501 2299 Mars
524 2254 596 2295 vero
620 2235 735 2298 Turcis.
772 2238 812 2298 Et
836 2238 955 2319 quidem
979 2240 1070 2301 stella
1092 2239 1188 2319 magis
1212 2259 1279 2302 cum
1300 2242 1380 2303 Jore
1402 2238 1600 2302 concordavit

247 2329 278 2391 in
302 2327 469 2390 latitudinis
490 2323 598 2406 plaga,
621 2326 706 2386 Mars
729 2346 802 2387 vero
826 2328 884 2389 fuit
906 2328 936 2389 in
959 2330 1090 2390 maxima
1118 2330 1275 2391 latitudine
1299 2328 1448 2403 australi,
1472 2329 1523 2411 qui
1545 2328 1598 2390 hac

246 2419 313 2479 vice
337 2436 404 2480 esse
426 2413 525 2496 potnit
547 2413 708 2492 depressus
726 2415 827 2494 igitur.
864 2418 943 2478 llinc
966 2420 1093 2481 victoria
1116 2419 1270 2498 religionis
1287 2418 1489 2481 Christianae
1512 2437 1599 2497 supra

246 2508 404 2571 'Iurcicam
426 2502 609 2581 astrologice
632 2504 826 2566 concluditur.
875 2506 992 2577 Quodsi
1019 2509 1194 2570 hodiernum
1218 2507 1467 2570 Christianorum
1490 2507 1598 2568 cultum

245 2597 405 2676 inspicias,
436 2610 585 2674 nunquam
608 2592 686 2652 forte
714 2594 854 2656 meliores
885 2597 1061 2659 occasiones
1084 2617 1173 2679 quam
1195 2596 1302 2658 hodie:
1333 2597 1509 2678 perpendat
1537 2615 1596 2658 rem

244 2686 341 2749 lector
364 2703 465 2746 secum
488 2682 562 2761 ipse.
606 2683 657 2742 An
676 2692 725 2743 est
748 2683 934 2763 impossibile
951 2686 1027 2762 Deo,
1052 2707 1090 2747 ex
1112 2687 1160 2750 his
1183 2697 1245 2748 tam
1268 2686 1491 2767 multiplicibus
1514 2697 1597 2747 tene-

245 2774 308 2838 bris
331 2785 363 2836 et
391 2769 633 2835 contentionibus
657 2770 898 2835 Christianitatis
928 2775 1054 2836 educere
1078 2776 1173 2838 lucem
1205 2775 1363 2857 aliquam?
1395 2781 1451 2838 An
1474 2785 1526 2836 est
1551 2775 1597 2836 in·

244 2863 405 2938 credibile,
436 2863 514 2923 inter
537 2878 655 2934 causas,
681 2861 718 2922 ob
743 2882 817 2943 quas
850 2863 992 2926 haereses
1019 2866 1239 2945 permittimur,
1270 2884 1361 2926 unam
1393 2865 1492 2927 ctiam
1522 2864 1597 2926 hanc

245 2972 324 3028 esse,
348 2961 382 3014 nt
404 2953 519 3014 Turcae
542 2947 591 3008 his
614 2949 757 3028 gradibus
780 2951 910 3026 inritati,
934 2972 972 3013 en
993 2955 1071 3016 mari
1093 2954 1400 3033 flagitiosissimamm
1424 2955 1597 3035 opinionum

242 3043 273 3105 in
296 3060 405 3103 navem
433 3037 580 3101 ecclesiae
614 3040 790 3101 enitantur?
823 3041 894 3102 Scio
918 3062 955 3102 er
978 3043 1026 3104 his
1049 3042 1168 3123 aliquos
1190 3043 1301 3122 gradm
1324 3062 1413 3116 esse,
1448 3044 1597 3125 quibusa

244 3130 477 3195 Christianismo
501 3126 637 3188 defecere
661 3129 794 3189 nonnulli
819 3131 857 3190 ad
885 3131 1159 3193 llahumetismum.
1205 3135 1250 3193 At
1277 3131 1361 3192 lubet
1390 3145 1596 3211 argumentan

243 3241 309 3282 cum
332 3222 368 3282 Β.
393 3220 507 3280 Paulo:
536 3224 688 3298 ,Numquid
708 3230 747 3281 sio
767 3230 938 3284 offenderunt
957 3243 988 3285 ut
1009 3234 1159 3286 caderent?
1179 3231 1269 3293 Absit,
1291 3232 1340 3283 sed
1355 3231 1470 3286 illorum
1491 3232 1591 3286 delicto

243 3321 319 3373 salus
341 3329 384 3372 est
410 3317 557 3391 gentibus*
584 3308 816 3369 Mahumetanis.
865 3310 915 3372 Sic
950 3311 1020 3371 olim
1044 3311 1138 3373 Gothi
1169 3311 1295 3390 primum
1327 3311 1367 3370 ab
1400 3312 1532 3372 Arianis
1561 3309 1597 3370 ad

244 3398 509 3462 Christianismum
525 3397 672 3464 conversi,
692 3398 818 3477 denique
834 3399 872 3458 ad
887 3400 1065 3460 catholicam
1081 3401 1239 3461 ecclesiam
1255 3399 1376 3478 penitus
1391 3411 1597 3464 accesserunt

334 3509 464 3573 Constat
486 3511 621 3571 Judaeos
645 3522 821 3586 exspectare
846 3506 1008 3580 Messinm,
1031 3507 1081 3588 qui
1105 3507 1145 3567 sit
1174 3508 1257 3587 ipsos
1281 3505 1469 3568 liberaturus
1493 3528 1509 3568 e
1534 3526 1598 3568 set·

242 3600 337 3662 titute
362 3600 503 3678 gentium.
552 3598 669 3670 Quibus
693 3597 841 3658 Saturnus
864 3596 1009 3674 placebit,
1043 3597 1228 3657 concordans
1251 3615 1318 3656 cnm
1353 3596 1449 3657 stella
1473 3598 1504 3658 in
1528 3595 1597 3657 lati·

240 3690 344 3750 tudine
375 3688 476 3768 illique
509 3689 572 3750 fere
603 3685 801 3764 corporaliter
828 3684 951 3762 junctus
985 3684 1034 3747 11.
1058 3687 1132 3747 Dec.
1165 3704 1242 3746 anno
1269 3680 1364 3747 1601.
1397 3696 1430 3746 11
1462 3685 1597 3768 sequenti

240 3780 381 3856 Augusto
422 3779 583 3839 stationem
621 3775 699 3856 apud
742 3775 824 3834 illam
859 3774 1017 3852 perficiens
1057 3782 1124 3844 (ride
1148 3798 1205 3848 pag.
1225 3780 1290 3842 1121)
1325 3786 1357 3835 11
1394 3773 1598 3854 conjunctioni

240 3885 369 3945 magnae
393 3885 499 3926 nomen
521 3867 604 3927 dans.
642 3864 818 3925 Praeficitur
841 3875 940 3924 autem
955 3863 992 3923 ab
1012 3865 1176 3942 astrologis
1198 3863 1367 3926 ludaismo.
1406 3864 1480 3925 Etsi
1500 3866 1597 3945 itaque

243 3953 410 4017 Christiani
433 3957 538 4017 Jesum
561 3954 678 4016 Mariae
706 3953 798 4013 tilium
823 3971 838 4011 e
862 3953 941 4012 tribu
964 3953 1081 4025 David,
1114 3953 1164 4034 qui
1198 3966 1267 4014 ante
1291 3953 1346 4013 hos
1377 3949 1474 4014 1600.
1505 3972 1598 4014 annos

241 4057 331 4105 natus
357 4056 413 4117 est,
436 4063 490 4123 pro
515 4063 585 4104 vero
606 4042 794 4121 aprophetis
817 4043 967 4120 promisso
990 4042 1129 4103 Messiah
1152 4043 1342 4120 agnoscimus
1367 4042 1498 4123 ideoque
1522 4041 1597 4103 huot

239 4133 400 4196 Dominum
424 4148 452 4192 et
477 4135 572 4193 Deum
600 4144 735 4194 nostrum
764 4131 989 4209 religiosissime
1021 4132 1164 4205 colimus,
1187 4132 1372 4192 ludaeorum
1396 4150 1474 4192 vero
1497 4131 1598 4192 caeci·

242 4233 338 4281 tatem
372 4222 579 4301 deploramus,
612 4221 662 4301 qui
686 4232 786 4300 spreto
811 4220 866 4280 hoc
900 4231 1053 4282 sen-stote
1087 4221 1138 4281 alii
1170 4231 1294 4282 venturo
1325 4219 1464 4281 inhiant:
1498 4235 1598 4282 111111

243 4330 300 4370 111
332 4313 450 4371 omnino
482 4312 682 4371 frustraneum
712 4329 779 4368 esse
805 4309 935 4388 ipsorum
969 4312 1224 4390 exspectationem
1248 4309 1334 4370 multi
1366 4321 1398 4370 et
1430 4311 1512 4372 inter
1543 4310 1598 4372 bos

241 4398 344 4478 Tychc
369 4401 467 4460 Brahe
492 4400 543 4460 fol.
568 4398 641 4461 80⁸3.
668 4398 811 4477 colligunt
836 4419 871 4458 ex
896 4400 1039 4460 vaticinio
1062 4403 1096 4460 B.
1114 4399 1201 4460 Pauli
1218 4399 1257 4458 ad
1272 4399 1430 4460 Romanos
1448 4400 1475 4462 C
1478 4421 1528 4482 ap.
1543 4398 1597 4464 xl.

242 4507 320 4547 vers.
346 4485 397 4547 25.
444 4499 530 4554 ,Nolo
559 4499 628 4550 enirn
655 4515 704 4549 ros
729 4499 857 4569 ignorare
887 4500 987 4552 fratres
1013 4500 1172 4569 mysterium
1198 4499 1249 4550 hoc
1275 4503 1320 4564 lut
1346 4516 1402 4552 non
1429 4501 1494 4553 sitis
1523 4501 1596 4552 robis

246 4577 313 4646 ipsis
336 4580 498 4646 rapientesl,
523 4580 586 4647 quia
608 4580 727 4630 caecitas
749 4598 784 4631 ex
800 4593 880 4647 parte
895 4580 1013 4650 contigit
1034 4581 1061 4633 in
1081 4581 1175 4638 lsrael,
1196 4583 1282 4631 donec
1304 4581 1451 4647 plenitudo
1474 4581 1596 4651 gentium

244 4658 357 4710 intraret
380 4663 512 4731 1111111111
538 4660 619 4711 etsie
641 4661 725 4710 omnis
747 4661 834 4711 lsrael
857 4662 949 4713 salrus
965 4666 1041 4713 fieret
1066 4669 1253 4726 roquoerar).
1287 4660 1364 4712 Sicut
1388 4661 1526 4729 scriptum
1546 4675 1595 4716 est.

243 4739 357 4789 reniet
379 4756 419 4789 er
441 4739 521 4789 s'ion
544 4741 597 4808 qni
619 4740 748 4807 eripiat
769 4751 798 4792 et
819 4753 929 4793 avertat
952 4742 1119 4809 impietatem
1134 4742 1260 4793 uJacob.
1302 4739 1340 4792 Et
1361 4740 1415 4792 hoc
1436 4742 1497 4794 illis
1518 4758 1537 4795 a
1557 4758 1595 4794 rae

244 4835 447 4882 testamentum.
471 4845 530 4880 cum
552 4829 694 4881 abstulero
715 4843 830 4897 peecata
852 4835 971 4884 eorum?
1019 4819 1088 4880 Etsi
1118 4839 1189 4879 1111
1221 4819 1509 4898 interpretationem
1543 4819 1596 4882 loci

244 4902 371 4964 ditiicilis
396 4905 467 4964 inihi
493 4927 549 4965 111
574 4927 672 4978 sumo,
701 4923 799 4967 tamen
825 4909 922 4968 l'ncilis
948 4928 1012 4968 sum
1040 4925 1162 4989 propter
1184 4908 1262 4968 alias
1291 4910 1544 4972 circumstantias
1566 4923 1595 4970 ut

244 4992 379 5066 credam,
410 4995 563 5055 imminere
594 4997 723 5075 aliquam
752 4998 923 5075 generalem
956 5000 1182 5061 conversionem
1211 4998 1312 5076 gentis
1339 4998 1532 5062 ludaeorum
1559 4997 1596 5059 ad
