3692 5842
326 487 393 560 tto
516 565 522 574 ,
799 481 990 557 eompassus
1008 493 1033 542 u
1053 489 1218 542 eranam.

328 688 385 750 quo
409 676 596 747 spectatores
622 687 787 740 versemur,
813 670 855 730 uti
880 669 907 728 in
934 668 1047 729 usitato
1079 667 1267 728 retractionis
1296 664 1431 744 negotio,
1463 662 1517 724 sed
1541 678 1688 740 vaporem

330 777 475 832 crassum,
508 759 557 836 qui
588 759 685 818 instar
707 757 793 818 nubis
823 760 851 818 iu
877 756 974 817 medio
1005 757 1084 817 aeris
1117 757 1255 827 haereat,
1290 760 1323 814 ut
1350 754 1391 814 sit
1418 751 1569 814 transitus
1601 748 1689 810 radio

328 846 437 909 stellae
461 848 504 906 sic
535 848 619 907 visae
649 866 686 907 ex
715 847 837 907 aethere
865 847 992 924 primum
1018 845 1045 905 in
1076 851 1191 917 adrem,
1221 862 1257 902 ex
1286 849 1356 903 aere
1385 842 1414 903 in
1442 857 1588 920 vaporem
1613 856 1688 899 con·

327 953 445 1006 nexum,
471 955 508 994 ex
531 953 642 1014 vapore
666 953 798 995 convexo
829 954 930 994 rursus
954 934 983 993 iu
1008 940 1107 994 adrem
1133 944 1164 993 et
1192 932 1318 1011 denique
1343 949 1381 991 ex
1409 937 1479 991 al‘re
1504 929 1534 991 in
1560 926 1689 992 oculum,

327 1023 357 1084 id
382 1023 459 1103 quod
484 1030 514 1083 te
540 1024 644 1084 fallere
669 1023 776 1100 possit.

418 1109 550 1173 Causam
574 1111 817 1173 hallucinationis
838 1120 908 1190 puto
930 1110 1039 1171 multos
1063 1108 1194 1170 iuvenire
1211 1108 1238 1168 iu
1257 1108 1327 1169 vitio
1353 1104 1584 1188 typographico,
1610 1103 1689 1183 quod

329 1199 443 1263 habent
466 1201 565 1261 omnia
593 1200 789 1278 exenrplaria,
823 1201 914 1259 etiam
945 1218 1020 1277 quae
1045 1198 1213 1259 Friderieus
1237 1196 1383 1257 Risnerus
1414 1201 1555 1256 correcta
1582 1193 1689 1255 edidit.

329 1290 389 1350 Pto
413 1306 450 1348 eo
474 1288 560 1356 enim,
586 1289 663 1367 quod
689 1290 823 1367 legimus,
850 1307 952 1348 omues
977 1289 1084 1347 stellae
1110 1286 1248 1346 videntur
1276 1284 1438 1358 rotundae,
1465 1284 1611 1363 majores,
1635 1281 1690 1342 &a

331 1377 490 1456 legendum
516 1385 563 1437 est
585 1377 725 1439 minores.

419 1463 572 1539 Ceterum,
598 1473 631 1525 ut
654 1465 700 1524 hic
726 1464 816 1524 etiam
841 1484 937 1524 meam
961 1462 1141 1523 seutentiam
1167 1460 1309 1539 aperiam,
1335 1461 1453 1521 ridetur
1478 1460 1533 1521 illa
1552 1480 1572 1520 a
1587 1457 1692 1518 vitet-

330 1553 408 1616 lioue
433 1573 470 1613 ex
495 1551 656 1614 Cleomede
682 1553 815 1631 allegata
840 1572 932 1612 cerusa
957 1552 1108 1631 (quarmis
1132 1550 1214 1610 illam
1245 1549 1322 1609 infra
1353 1549 1546 1611 adhibiturus
1571 1567 1639 1610 sum
1663 1547 1691 1607 in

332 1642 566 1703 demonstrando
591 1642 650 1702 alio
674 1641 896 1720 phaenomena)
921 1659 1023 1719 parum
1048 1642 1133 1699 firma
1157 1638 1243 1716 hujus
1268 1638 1444 1699 accidentis.
1485 1635 1611 1699 Causae
1637 1635 1693 1696 hae

331 1737 410 1793 aunt.
453 1728 671 1791 Creberrimum
696 1730 752 1790 hoe
776 1739 833 1802 est,
859 1738 892 1789 ut
916 1729 1013 1790 ventis
1037 1736 1089 1787 aut
1112 1736 1181 1805 post
1205 1728 1280 1786 dura
1304 1727 1415 1804 frigora
1439 1734 1545 1806 tepore
1570 1727 1692 1787 instan-

331 1817 428 1888 tibus,
452 1819 588 1897 iugentia
619 1819 704 1878 uobis
728 1819 886 1879 rideantur
915 1817 1070 1877 stellarum
1102 1817 1219 1876 lumina.
1269 1817 1300 1875 ld
1326 1817 1510 1876 Aristoteles
1536 1824 1616 1876 sect.
1641 1813 1693 1876 26.

334 1925 363 1987 q.
388 1902 440 1969 5⁴1.
465 1907 555 1985 plane
579 1909 722 1979 affirmat,
749 1906 829 1967 Euro
854 1907 945 1966 flaute
975 1906 1090 1983 majora
1119 1904 1213 1964 rideri
1238 1904 1346 1965 onrnia.
1395 1903 1470 1966 Cum
1501 1905 1607 1984 itaque
1631 1911 1694 1963 tam

336 1994 442 2056 crebro
466 1995 521 2056 hoc
546 1997 673 2068 accidat,
699 2016 757 2056 non
782 1995 917 2075 equidem
943 1994 1072 2053 existere
1096 1994 1208 2071 poterit
1231 2012 1267 2052 ex
1293 1993 1415 2054 lortuito
1432 1994 1557 2072 vaporis
1573 1992 1693 2070 objectu

335 2101 390 2145 uos
410 2084 489 2144 inter
513 2092 545 2144 et
568 2085 684 2145 stellas.
732 2085 896 2145 Praeterea
920 2102 1021 2142 omnes
1046 2086 1141 2142 totius
1164 2081 1376 2159 hemisphaerii
1401 2081 1511 2142 stellae
1538 2081 1630 2143 simul
1650 2081 1694 2140 ita

335 2172 495 2233 videntur:
520 2180 554 2232 at
578 2172 604 2232 si
628 2192 721 2251 vapor
746 2172 853 2252 aliquis
868 2172 1032 2249 pellucidus
1058 2181 1087 2230 et
1103 2179 1237 2230 secretus
1263 2190 1318 2230 uno
1345 2172 1407 2231 loco
1433 2178 1517 2230 esset
1538 2170 1568 2230 in
1589 2189 1693 2238 causa,

334 2268 506 2321 cerneretur
529 2261 585 2321 hoe
610 2262 749 2321 accidens
774 2261 921 2321 interdum
946 2279 983 2319 ex
1007 2280 1065 2319 uua
1087 2268 1174 2337 parte
1199 2260 1283 2320 coeli.
1322 2260 1396 2320 'lum
1423 2279 1482 2340 qua
1505 2259 1546 2333 ri,
1569 2277 1693 2339 quaeso,

333 2366 428 2428 vapor
457 2348 624 2427 pellucidus
658 2368 821 2428 suspensus
851 2350 878 2409 iu
913 2355 983 2407 aere
1013 2347 1161 2420 haereret,
1201 2353 1270 2407 adre
1295 2348 1389 2409 multo
1413 2348 1546 2426 gravior,
1586 2348 1693 2425 utqui

334 2437 432 2498 instar
455 2437 693 2516 perspicillorum
718 2457 754 2497 ex
778 2438 856 2497 uitro
881 2447 934 2496 aut
953 2437 1101 2516 crystallo
1129 2438 1331 2496 confectorum
1366 2437 1472 2497 stellas
1504 2435 1694 2515 atriplifieare

332 2525 455 2605 possit?
500 2526 565 2588 Nec
589 2526 672 2585 t'alet
695 2525 840 2586 instantia
871 2524 999 2585 nubium.
1047 2524 1150 2584 h'ubes
1185 2525 1260 2583 enim
1296 2525 1323 2582 iu
1358 2525 1631 2604 aero-pendentes
1663 2533 1693 2584 et

333 2614 460 2676 nebulae
483 2622 514 2674 et
538 2633 613 2694 quae
638 2623 709 2675 sunt
731 2612 907 2693 hujusmodi,
926 2612 1140 2673 obscuritatem
1162 2613 1315 2684 inducunt,
1338 2613 1508 2692 pellucidae
1525 2633 1584 2673 non
1602 2625 1693 2684 sunt;

333 2720 458 2781 cumque
483 2703 641 2763 videantur
656 2713 781 2764 naturae
797 2702 886 2781 paulo
907 2700 1054 2773 aridioris,
1079 2710 1238 2780 postquam
1264 2701 1433 2780 depluerint
1457 2703 1543 2774 (uam
1570 2703 1693 2763 humore

334 2809 443 2869 graves
467 2810 524 2851 non
549 2791 690 2870 pendent,
716 2793 768 2852 sed
793 2790 934 2870 guttatim
959 2789 1116 2860 decidunt)
1145 2809 1201 2848 uon
1227 2790 1332 2850 mirum
1367 2799 1397 2851 et
1421 2791 1542 2852 fluitare
1569 2789 1694 2852 illasio

334 2885 414 2954 abre,
439 2885 473 2939 ut
495 2878 578 2956 ligna
597 2880 626 2939 iu
646 2897 733 2958 aqua.
773 2880 878 2957 Vapor
900 2898 971 2937 vero
996 2878 1142 2951 humidus,
1167 2878 1344 2956 pellucidus,
1370 2878 1490 2952 fluidus,
1515 2898 1644 2940 crassus
1664 2890 1694 2938 et

334 2968 446 3047 mavia,
485 2968 631 3046 quomodo
663 2968 691 3027 in
721 2974 790 3029 adre
825 2986 891 3027 sese
924 2966 1017 3044 multo
1052 2966 1154 3026 leviori
1187 2987 1351 3047 suspensus
1385 2967 1564 3029 tenebitur?
1612 2967 1693 3038 Quin

333 3055 448 3135 potius,
479 3073 545 3115 eum
575 3055 631 3117 hoc
661 3056 785 3130 accidit,
810 3054 918 3116 indicio
953 3061 1009 3126 est,
1044 3074 1080 3113 en
1105 3054 1171 3115 imis
1196 3056 1307 3117 Terrae
1331 3056 1498 3118 visceribus
1523 3057 1694 3117 ascendere

334 3142 491 3202 materiam
508 3144 657 3205 humidam
683 3155 714 3205 et
737 3144 878 3205 inferiora
902 3143 1070 3221 Terraeque
1095 3151 1126 3203 et
1149 3144 1242 3204 oculis
1266 3145 1379 3205 nostris
1399 3146 1545 3224 contigua
1564 3144 1694 3224 primum

334 3229 464 3308 impleri:
489 3231 626 3311 idemque
651 3233 737 3294 nobis
761 3232 889 3302 evenire,
916 3233 994 3310 quod
1019 3231 1268 3293 lacrmuoutibus:
1299 3234 1456 3313 utrobique
1481 3233 1562 3295 euim
1587 3233 1694 3294 oculus

333 3317 453 3378 humido
478 3320 669 3398 contingitur.
717 3321 805 3381 Adde
831 3320 907 3398 quod
937 3320 1040 3378 eadem
1071 3320 1098 3378 iu
1131 3322 1312 3383 refractione
1351 3323 1450 3383 solent
1487 3324 1629 3385 accidere
1664 3332 1695 3382 et

334 3405 489 3468 diametris
514 3409 654 3470 luminum
679 3417 711 3469 et
735 3406 896 3469 distantiis.
945 3408 990 3467 At
1020 3408 1074 3467 hoc
1108 3409 1247 3469 accidens
1281 3411 1319 3471 ad
1345 3411 1509 3472 distantias
1535 3431 1595 3472 non
1621 3431 1694 3492 per·

332 3495 434 3573 tingit.
480 3496 638 3575 Nunquam
663 3498 741 3557 enim
775 3504 823 3556 est
851 3495 1053 3567 observatum,
1087 3496 1248 3556 distantias
1272 3501 1401 3578 majores
1427 3518 1576 3580 apparere
1603 3521 1694 3582 quam

333 3582 452 3657 debent,
478 3601 598 3663 semper
621 3594 673 3645 aut
694 3587 793 3663 justas
817 3592 870 3644 aut
889 3584 972 3663 justo
997 3583 1134 3644 minores.
1171 3586 1308 3666 Denique
1332 3588 1387 3648 hoc
1413 3589 1557 3649 accidens
1582 3590 1693 3660 stellis,

333 3678 549 3750 contraquam
573 3673 779 3745 refractiones,
810 3672 838 3732 in
867 3671 980 3732 vertice
1010 3690 1065 3731 nou
1095 3672 1190 3732 minus
1221 3693 1309 3753 quam
1345 3677 1373 3736 iu
1397 3677 1555 3738 horizonte
1580 3679 1693 3739 evenit.

333 3757 435 3830 Quare
459 3778 583 3821 necesse
608 3770 665 3834 est,
692 3768 724 3820 ut
747 3779 804 3819 nou
829 3759 949 3820 sithoc
973 3780 1010 3819 ex
1034 3779 1068 3821 eo
1093 3779 1201 3838 genere
1226 3764 1426 3838 retractionis,
1462 3765 1498 3825 de
1524 3785 1583 3845 quo
1615 3767 1691 3826 hae-

333 3853 422 3907 tenus
446 3846 586 3910 diximus.
634 3848 701 3908 Nou
726 3846 817 3925 igitur
840 3846 898 3907 erit
922 3849 1101 3928 quantitatis
1124 3859 1176 3909 aut
1200 3852 1375 3931 angulorum
1399 3853 1581 3915 risoriorum
1607 3839 1693 3916 aeci-

333 3933 418 4007 dem,
443 3936 496 3995 sed
522 3935 641 3997 luminis
661 3935 769 4007 solius3
794 3935 958 4014 cujusmodi
983 3938 1042 3996 t'ere
1068 3944 1138 3996 sunt
1161 3937 1295 4013 halones,
1321 3940 1423 4015 irides,
1454 3941 1638 4003 scintillatio
1662 3955 1694 4002 et

333 4021 452 4083 similia.
499 4021 633 4093 Quomm
657 4022 774 4102 quidem
798 4030 995 4084 meteororum
1020 4042 1128 4084 causae
1152 4025 1298 4088 hacteuus
1331 4048 1390 4090 non
1415 4032 1493 4091 satis
1518 4031 1697 4110 explicatae

333 4108 490 4170 videntur:
516 4112 570 4171 sed
595 4129 661 4171 cum
685 4109 746 4170 aiut
770 4112 806 4171 ad
832 4112 1050 4172 astronomicas
1074 4114 1331 4177 considerationes
1354 4136 1461 4198 parum
1485 4119 1695 4191 necessariae,

332 4196 479 4259 hactenus
501 4198 684 4276 peculiarem
709 4198 767 4259 illis
792 4217 891 4260 curam
916 4219 973 4259 non
998 4200 1135 4279 impendi.

422 4285 526 4346 Tertia
549 4305 651 4359 causa,
676 4304 734 4365 qua
759 4285 885 4347 Vitellio
910 4287 953 4347 ait
976 4288 1086 4350 variari
1110 4289 1240 4351 siderum
1265 4303 1448 4371 apparentes
1468 4293 1640 4358 diametros
1664 4306 1697 4359 et

333 4372 506 4447 distantias,
545 4392 614 4433 rere
648 4383 697 4433 est
719 4374 834 4452 optica,
860 4383 1005 4454 nocetque
1041 4394 1096 4435 non
1121 4378 1232 4451 lumini,
1258 4390 1290 4440 ut
1314 4383 1458 4456 secunda,
1497 4404 1556 4444 non
1583 4385 1697 4466 angulo

333 4459 444 4523 risorio
469 4470 501 4521 et
524 4460 685 4540 quantitati
711 4462 767 4538 ipsi
791 4463 918 4540 speciei,
943 4472 976 4523 nt
998 4464 1113 4541 prima;
1143 4485 1197 4526 nec
1227 4469 1342 4529 minora
1375 4472 1479 4546 edicit,
1516 4491 1596 4554 quae
1625 4483 1699 4535 suut

332 4547 481 4609 horizonti
505 4548 687 4627 propinqua;
713 4550 765 4609 sed
790 4560 877 4611 nocet
901 4550 1102 4613 aestimationi
1126 4555 1304 4632 quantitatis
1329 4568 1360 4618 et
1385 4560 1499 4640 decipit
1514 4562 1594 4625 hauc
1610 4563 1699 4626 visus

335 4636 520 4708 facultatem,
558 4644 675 4696 utrem
700 4635 757 4697 sibi
793 4638 934 4717 majorem
966 4637 1145 4718 imaginetur
1180 4651 1270 4725 atque
1303 4646 1421 4708 ratione
1456 4650 1560 4729 auguli
1590 4650 1696 4713 visorii

335 4741 481 4803 apparere
506 4723 606 4785 debet.
653 4722 731 4784 Nam
757 4723 825 4786 dum
849 4726 925 4786 oculi
950 4745 1065 4788 sursum
1091 4737 1255 4804 vertuntur,
1282 4733 1354 4796 nihil
1378 4735 1455 4815 ipsis
1480 4738 1698 4802 intermedium

334 4811 479 4884 occurrit,
506 4829 542 4870 ex
568 4829 624 4889 quo
645 4811 806 4873 distantias
830 4811 961 4875 siderum
985 4816 1155 4880 aestiment.
1202 4820 1302 4881 Valde
1327 4823 1419 4901 igitur
1442 4826 1614 4907 propinqua
1644 4825 1699 4890 illa

336 4898 495 4958 verticalis
519 4897 620 4959 sidera
642 4908 781 4977 putamus
805 4899 930 4981 ideoque
950 4911 981 4963 et
999 4903 1123 4976 minora,
1149 4917 1289 4969 manente
1305 4910 1411 4973 eodem
1426 4915 1549 4992 angulo.
1577 4913 1699 4978 Contra

336 4983 368 5045 m
392 4985 420 5045 in
445 4986 618 5047 horizonte:
649 4995 718 5046 tunc
743 4987 819 5047 enirn
844 4994 991 5050 terrarum
1014 4991 1043 5050 in
1066 5009 1125 5052 uno
1148 4992 1305 5057 horizonte
1328 5003 1447 5062 tractus
1470 5001 1639 5084 interjecti,
1671 5004 1698 5066 ai
