3692 5842
771 510 826 545 cum
844 493 942 544 lt'nnclo
961 493 1071 544 Siderea.
1536 499 1598 564 501

242 677 344 730 tecnrn
368 670 599 744 asseverabant,
634 670 706 730 nihil
730 690 798 730 esse
822 671 878 732 nisi
903 672 1072 748 corigeriem
1102 673 1256 733 stellarum
1280 674 1410 736 confusis
1440 678 1600 739 luminibus

242 755 282 818 ob
305 758 459 820 oculorum
486 758 708 820 hebetudinem.
755 760 862 839 ltaque
893 761 1032 821 desinent
1059 779 1148 839 porro
1175 769 1311 822 cometas
1336 771 1366 822 ct
1394 784 1471 826 nora
1500 767 1600 827 sidera

241 865 311 908 cnm
325 846 447 909 Bralreo
471 848 629 909 efformare
653 868 690 908 ex
713 848 763 909 via
787 848 887 910 lactea
910 855 1008 921 (Comp.
1028 857 1084 905 Vol.
1103 858 1124 907 1.
1146 874 1171 920 p.
1192 856 1264 923 652),
1289 870 1324 911 ne
1344 856 1544 930 perfectorum
1569 862 1601 916 et

240 935 420 1016 perennium
444 936 547 998 mnndi
569 955 725 1015 corporum
748 937 902 999 interitum
932 938 1059 1000 absurde
1089 938 1288 1000 introducant.
1314 970 1355 980 —

333 1023 470 1085 Tandem
481 1025 520 1085 ad
531 1044 643 1086 novos
659 1026 833 1104 planetas
844 1034 943 1088 tecum
951 1035 1081 1101 transeo,
1098 1029 1559 1107 rernpraecipnaeadmirationis
1571 1031 1601 1091 in

240 1110 347 1175 libello
355 1118 420 1185 tuo,
435 1112 1065 1195 panculatecumsupereonegotiopraeter
1076 1135 1196 1194 eaquae
1209 1117 1600 1181 initiodictacollocntnrus.

332 1200 466 1263 Primum
494 1203 607 1276 exulto,
639 1222 685 1263 me
714 1203 773 1264 tuis
807 1204 959 1265 laboribus
994 1205 1126 1265 nonnihil
1151 1206 1290 1266 recreari.
1338 1204 1372 1266 Si
1400 1206 1480 1267 circa
1512 1227 1602 1269 unam

240 1287 370 1350 fixarum
409 1289 639 1352 discursitantes
677 1292 844 1352 invenisses
882 1292 1040 1370 planetas,
1075 1293 1140 1371 jam
1173 1303 1260 1353 erant
1292 1294 1364 1354 mihi
1398 1297 1476 1374 apud
1507 1296 1602 1358 Bruni

239 1377 537 1440 innumerabilitates
556 1390 665 1458 parata
689 1381 808 1442 vincula
822 1389 853 1442 et
872 1400 984 1454 carcer,
1010 1381 1068 1441 imo
1088 1382 1188 1461 potius
1212 1382 1332 1443 exilium
1352 1382 1380 1442 in
1402 1384 1452 1445 illo
1477 1385 1600 1446 infinito.

239 1465 351 1547 ltaque
385 1468 547 1547 magnoin
571 1488 715 1548 praesens
743 1489 789 1530 me
818 1470 954 1531 liberasti
987 1479 1084 1543 metu,
1120 1489 1206 1550 quem
1235 1472 1274 1531 ad
1303 1471 1431 1551 primam
1460 1473 1528 1535 libri
1558 1472 1603 1533 tui

240 1555 357 1618 lunam
373 1575 411 1616 ex
434 1558 612 1636 opponentis
631 1559 690 1619 mei
709 1559 858 1637 triumpho
883 1578 1089 1638 conceperam,
1115 1561 1193 1639 quod
1213 1570 1341 1639 quatuor
1359 1560 1442 1634 istos
1459 1562 1602 1642 planetas

240 1661 303 1706 non
327 1643 409 1707 circa
431 1665 522 1707 unam
545 1647 681 1720 lixarum,
707 1647 759 1708 sed
784 1649 864 1709 circa
887 1648 972 1709 sidus
995 1647 1081 1709 Jovis
1105 1647 1150 1708 ais
1174 1648 1352 1711 discurrere.

335 1733 447 1811 Ingens
471 1754 544 1795 sanc
568 1736 783 1798 Waclrlrerinm
810 1737 1019 1816 philosophiae
1044 1737 1123 1797 illins
1152 1737 1291 1798 horridae
1316 1738 1352 1798 de
1377 1757 1453 1799 novo
1477 1745 1602 1817 ceperat

240 1821 422 1896 admiratio,
457 1843 549 1903 quae,
583 1826 661 1905 qnod
691 1826 857 1904 nuperrime
892 1827 1048 1887 Galilaens
1082 1825 1176 1887 oculis
1206 1826 1269 1886 suis
1297 1828 1523 1907 perspexisset,
1555 1837 1603 1889 tot

243 1912 336 1974 annis
368 1920 459 1973 antea
482 1931 539 1973 non
575 1921 690 1974 tantum
721 1915 944 1991 opinationibus
977 1915 1200 1987 introduxerat,
1235 1915 1289 1976 sed
1317 1917 1406 1994 plane
1438 1935 1602 1996 argomen-

241 1999 415 2064 tationibus
439 2000 639 2064 stabiliverat.
681 2003 746 2064 Nec
770 2003 919 2064 immerito
944 2023 1016 2064 sane
1041 2003 1142 2081 magni
1166 2004 1248 2078 liunt,
1274 2004 1322 2084 qni
1346 2005 1375 2065 in
1400 2005 1604 2067 consimilibus

243 2088 457 2170 philosophiae
481 2091 618 2169 partibus
643 2110 762 2152 sensum
786 2093 902 2152 ratione
931 2100 1136 2170 praevertnnt.
1185 2090 1261 2162 Quis
1285 2094 1363 2154 enim
1393 2105 1450 2156 non
1479 2094 1603 2174 majoris

242 2177 343 2240 faciat
366 2178 555 2241 nobilitatem
579 2179 734 2240 doctrinae
759 2182 989 2254 astronomicae,
1016 2201 1091 2261 qnae
1115 2200 1182 2241 cnm
1205 2181 1313 2261 pedem
1336 2191 1424 2244 extra
1439 2181 1604 2244 Graeciam

242 2285 398 2348 nunqnam
422 2268 591 2342 extulisset,
618 2276 718 2330 tamen
747 2289 840 2330 zonae
872 2270 1000 2348 frigidae
1030 2270 1232 2349 proprietates
1262 2272 1410 2351 prodidit,
1443 2291 1532 2352 qnam
1555 2271 1605 2333 vel

242 2353 393 2420 Caesaris
424 2358 761 2437 experimentationem,
796 2358 844 2437 qni
879 2359 1046 2438 clepsydris
1079 2359 1116 2418 ad
1155 2359 1226 2420 litus
1259 2360 1467 2422 Britannicum
1498 2370 1604 2423 noctes

242 2444 447 2526 deprehendit
461 2446 607 2508 Romanis
631 2448 768 2508 noctibus
787 2449 876 2525 paulo
901 2446 1074 2522 breviores}
1099 2448 1146 2508 vel
1162 2449 1324 2527 Belgarum
1344 2450 1372 2509 in
1397 2450 1603 2529 septentrione

242 2533 463 2596 hiemationem
487 2536 618 2615 stuporis
642 2534 761 2616 quidem
785 2537 913 2614 plenam,
938 2537 993 2598 sed
1017 2556 1093 2617 qnae
1117 2536 1194 2598 citra
1221 2538 1424 2617 cognitionem
1449 2539 1604 2600 doctrinae

241 2621 325 2686 illins
351 2623 461 2686 fuisset
481 2625 699 2704 impossibilis?
724 2623 800 2694 Quis
825 2646 882 2688 non
906 2627 1040 2688 celebrat
1059 2625 1198 2687 Platonis
1223 2626 1354 2688 labnlam
1378 2628 1414 2688 de
1434 2627 1603 2701 Atlantica,

241 2711 402 2776 Plutarchi
426 2714 462 2774 de
492 2714 599 2775 insulis
628 2713 843 2776 auricoloribus
872 2715 1148 2785 Trans-Thalama,
1173 2714 1308 2777 Senecae
1334 2716 1370 2776 de
1400 2717 1500 2778 futura
1523 2715 1604 2778 orbis

243 2801 315 2866 novi
341 2802 513 2865 detectione
537 2804 701 2865 versiculos
731 2803 890 2879 fatidicos3
918 2811 1079 2884 postquam
1103 2804 1165 2865 tale
1194 2804 1263 2884 qnid
1287 2806 1326 2866 ab
1350 2805 1530 2884 Argonauta
1552 2805 1605 2867 illo

242 2889 422 2954 Florentino
447 2891 571 2952 tandem
595 2891 652 2953 luit
675 2894 875 2973 praestitum?
908 2895 977 2973 Ipse
1002 2891 1164 2956 Columbus
1193 2894 1313 2955 dubium
1347 2901 1433 2955 tenet
1461 2894 1605 2955 lectorem

245 2997 351 3054 sunm,
383 2980 451 3060 plus
475 2981 500 3040 is
527 2981 677 3060 ingenium
707 2981 870 3045 admiretur
901 3001 1010 3044 novum
1040 2983 1143 3043 orbem
1171 3002 1208 3043 ex
1239 2991 1394 3045 ventorum
1424 2983 1499 3045 flatu
1528 3001 1603 3045 con-

240 3067 387 3150 jicientis,
412 3089 450 3130 an
475 3068 681 3131 fortitudinem
705 3073 853 3135 tentantis
873 3073 994 3152 ignotos
1013 3073 1121 3133 fluctus
1141 3071 1374 3153 immensumque
1398 3091 1552 3148 oceanum,
1575 3078 1607 3132 et

248 3155 428 3220 felicitatem
453 3158 567 3237 optatis
590 3160 690 3239 potiti.
1348 3165 1351 3170 “

336 3245 463 3309 Scilicet
485 3248 514 3310 in
539 3267 607 3309 mea
630 3250 721 3310 etiam
747 3249 873 3310 nrateria
888 3256 975 3310 erunt
993 3248 1134 3310 miraculo
1151 3248 1351 3330 Pythagoras,
1375 3249 1475 3323 Plato,
1498 3247 1605 3311 Eucli-

246 3335 311 3410 des,
337 3336 417 3416 qnod
440 3337 568 3399 rationis
591 3340 780 3416 praestantia
804 3338 940 3398 subvecti
961 3337 1179 3411 concluserunt,
1205 3338 1293 3398 aliter
1317 3339 1430 3399 lactum
1454 3357 1521 3398 esse
1545 3357 1605 3398 non

245 3441 358 3506 posse,
393 3444 481 3504 quarn
512 3434 546 3487 nt
568 3426 651 3488 Deus
685 3429 825 3489 mundum
848 3428 885 3487 ad
909 3427 1064 3505 exemplar
1087 3422 1106 3486 5
1131 3425 1311 3504 regularium
1333 3443 1490 3505 corporum
1513 3444 1604 3487 exor-

245 3520 356 3588 naret,
389 3512 462 3576 licet
491 3515 521 3577 in
552 3516 641 3577 modo
674 3517 857 3579 erraverint:
895 3516 1028 3594 vulgaris
1059 3522 1165 3575 contra
1188 3515 1254 3575 lans
1278 3514 1336 3576 erit
1360 3513 1528 3595 Copemici,
1554 3513 1605 3594 qui

244 3601 366 3684 ingenio
391 3603 510 3683 quidem
533 3623 604 3666 usus
628 3625 687 3666 non
710 3606 836 3685 vulgari,
861 3604 1094 3685 descriptionem
1108 3610 1210 3665 tamen
1230 3604 1331 3664 mnndi
1350 3603 1437 3683 qnasi
1451 3603 1603 3664 ocularem

246 3693 331 3767 lecit,
355 3693 452 3756 solum
476 3717 511 3756 το
536 3689 581 3756 ὁτι
603 3694 633 3756 in
657 3695 751 3756 lucem
775 3695 917 3768 ederens3
949 3694 1037 3757 cedet
1062 3694 1150 3772 longe
1179 3693 1330 3754 veteribus
1354 3693 1520 3772 Keplerus,
1554 3690 1605 3772 qui

245 3801 285 3844 ex
321 3782 436 3844 oculari
469 3782 579 3845 intuitu
612 3784 788 3865 systematis
817 3782 1035 3862 Copernicani,
1069 3782 1154 3862 quasi
1184 3779 1215 3844 ἐκ
1244 3803 1299 3842 τον
1327 3778 1372 3843 ὁτι
1399 3781 1538 3844 ascendit
1565 3780 1604 3841 ad

247 3889 360 3934 causas
397 3872 519 3934 easdem
552 3872 650 3953 adque
679 3895 714 3934 το
742 3878 832 3947 troas,
866 3874 944 3953 qnod
977 3873 1066 3933 Plato
1104 3893 1123 3932 a
1159 3871 1249 3956 priori
1290 3871 1419 3951 desuper
1451 3880 1499 3933 tot
1534 3879 1604 3933 ante

245 3961 361 4024 seculis
383 3960 574 4041 prodiderat;
608 3963 798 4042 ostenditque
822 3962 852 4022 in
877 3970 1044 4043 systemate
1068 3961 1168 4022 mnndi
1192 3959 1401 4039 Copernicano
1431 3979 1606 4041 expressam

247 4069 317 4126 ease
332 4050 482 4112 rationem
498 4051 625 4132 qninqne
641 4070 797 4131 corporum
812 4051 1046 4113 Platonicorum.
1080 4051 1145 4113 Nec
1169 4050 1330 4111 absurdum
1355 4058 1408 4112 ant
1427 4051 1605 4113 invidiosum

246 4139 304 4203 boc
323 4146 384 4212 est,
408 4139 477 4201 illos
499 4140 547 4203 his
569 4141 731 4221 praeferri;
755 4141 891 4220 postulat
914 4140 943 4201 id
966 4141 1034 4219 ipsa
1057 4140 1100 4200 rei
1123 4147 1242 4201 natura.
1281 4139 1361 4200 Nam
1386 4139 1412 4200 si
1437 4139 1534 4219 major
1557 4144 1606 4198 est

246 4228 347 4312 gloria
369 4228 530 4291 architecti
553 4230 642 4310 hujus
665 4229 779 4303 mundi,
812 4248 900 4309 qnam
931 4227 1178 4308 contemplatoris
1208 4228 1308 4289 mundi
1342 4228 1533 4307 quantumvis
1557 4227 1606 4289 in-

247 4315 378 4398 geniosi,
402 4317 473 4398 qnia
495 4317 544 4380 ille
570 4319 703 4380 rationes
728 4318 859 4379 fabricae
884 4338 922 4378 ex
947 4337 979 4378 se
1004 4318 1069 4397 ipso
1100 4317 1280 4394 depromsit,
1310 4317 1358 4378 hic
1390 4334 1551 4395 expressas
1575 4314 1606 4377 in

247 4405 368 4470 fabrica
385 4407 520 4470 rationes
544 4407 595 4469 vix
618 4427 727 4487 magno
752 4409 854 4469 labore
878 4407 1031 4486 agnoscit,
1062 4413 1143 4467 certe
1175 4406 1225 4485 qui
1249 4424 1346 4468 rerum
1370 4425 1487 4479 causas,
1513 4411 1604 4466 antc-

248 4515 338 4578 qnam
368 4515 418 4558 res
445 4504 553 4576 patent
576 4498 723 4571 sensibus
753 4497 924 4576 concipiunt
953 4495 1085 4575 ingenio,
1116 4494 1136 4556 ii
1167 4494 1324 4556 architecti
1353 4493 1512 4555 similiores
1535 4499 1607 4554 sunt

247 4585 378 4656 ceteris,
417 4585 465 4665 qni
498 4595 569 4665 post
601 4606 663 4648 rem
694 4586 791 4646 visam
825 4586 960 4664 cogitant
993 4586 1029 4645 de
1062 4584 1172 4646 causis.
1223 4584 1333 4662 Itaque
1366 4604 1424 4644 non
1458 4580 1605 4644 invidebis

249 4671 392 4739 Galilaea
425 4675 538 4737 nostris
569 4675 812 4737 antecessoribus
837 4694 921 4735 suam
946 4675 993 4735 hic
1018 4674 1151 4740 laudem,
1177 4673 1224 4752 qni
1250 4673 1328 4752 qnod
1352 4671 1521 4752 nuperrime
1545 4671 1606 4732 tuis

248 4763 346 4828 oculis
368 4764 610 4844 'deprehendisse
641 4765 702 4839 ais,
737 4764 781 4824 sic
815 4783 880 4823 esse
912 4771 1051 4842 oportere
1080 4762 1136 4823 tibi
1164 4769 1250 4822 tanto
1279 4769 1350 4822 ante
1381 4761 1605 4840 praedixerant.

247 4853 315 4916 ‘rna
330 4852 523 4915 nihilominus
538 4854 635 4934 gloria
651 4854 725 4914 haec
745 4853 810 4925 erit,
837 4853 914 4933 quod
930 4861 963 4914 ut
979 4850 1170 4929 Copernicns,
1197 4857 1229 4910 et
1252 4849 1290 4912 eri
1313 4870 1348 4911 eo
1373 4867 1439 4930 ego,
1454 4849 1607 4910 veteribus

247 4961 383 5006 errorem
398 4941 428 5003 in
443 4943 531 5003 modo
547 4942 828 5016 demonstravimus,
854 4960 911 5020 quo
930 4941 1078 5019 putabant
1093 4958 1237 5018 expressa
1261 4958 1330 5000 esse
1350 4940 1378 4999 in
1394 4939 1502 4999 mundo
1518 4939 1606 5018 qnin-

248 5047 306 5114 que
320 5049 459 5114 corpora.
485 5031 650 5096 substituto
674 5031 761 5093 modo
785 5031 913 5110 genuino
934 5039 966 5091 et
984 5028 1151 5102 verissimo,
1176 5028 1219 5090 sic
1243 5038 1277 5091 tu
1300 5028 1376 5090 hanc
1390 5026 1489 5090 Brutii
1511 5024 1609 5089 nostri
1721 5083 1724 5088 ,
