3692 5842
249 475 255 494 '
363 496 429 568 554
840 465 1235 570 aerumnosam-aru

366 679 442 742 dnae
464 676 692 741 observationes
715 679 845 743 stabiliri
866 679 922 742 lat.
950 675 987 743 10
1007 675 1062 744 200
1085 685 1180 742 anetr.
1203 679 1355 742 stlocum
1379 677 1439 745 100
1459 675 1563 766 53010
1586 687 1627 756 r?-
1668 682 1712 745 As

362 787 422 832 non
453 767 567 830 mansit
589 767 617 829 si
639 768 743 830 eadem
777 769 905 832 altitudo
933 767 963 830 in
992 777 1119 848 utraque
1147 768 1309 845 disuntia,
1339 776 1374 832 et
1402 769 1494 834 raldo
1525 769 1645 834 lubrice
1665 781 1711 833 est

363 856 442 920 ratio
465 875 518 936 per
545 857 624 920 tales
654 858 729 919 duas
761 859 887 931 stellas,
919 866 1077 938 utramque
1099 875 1139 920 ex
1160 857 1266 920 andern
1296 857 1413 922 rodiaci
1442 859 1537 940 plage
1567 867 1709 934 stantem,

363 946 442 1009 vello
465 946 562 1008 locum
577 946 687 1008 Martis
710 947 740 1009 in
764 947 883 1027 longum
901 955 935 1008 et
956 947 1050 1010 latum
1072 946 1213 1010 delinires
1241 947 1347 1028 Neque
1369 955 1473 1012 umen
1492 949 1586 1012 aliter
1606 949 1710 1012 obser·

284 1085 286 1094 .
362 1053 433 1097 rare
458 1036 540 1115 potui
564 1036 716 1115 planetam
739 1038 937 1117 propinquum
959 1036 1079 1098 occasui
1101 1035 1228 1098 beliaco.
1263 1035 1432 1116 Propterea
1452 1038 1548 1102 etiam
1570 1038 1626 1101 iila
1647 1039 1711 1101 lon·

364 1124 491 1206 gissima
513 1123 696 1203 operatione,
720 1143 779 1204 qna
791 1126 893 1208 Tycbo
907 1123 1008 1186 Brabe
1026 1125 1056 1186 in
1069 1124 1346 1206 Progymnesmatis
1363 1145 1437 1190 usar
1455 1135 1515 1202 est,
1538 1129 1710 1208 supersedi3

365 1223 401 1276 nt
423 1233 499 1293 qnae
523 1214 636 1275 frustra
658 1212 857 1277 subtilitatem
886 1212 1060 1294 quaesitura
1086 1213 1144 1277 init
1169 1213 1200 1276 in
1228 1233 1333 1278 crassa
1358 1215 1584 1278 observatione.
1631 1214 1709 1280 Gon·

364 1303 461 1364 sentit
483 1311 583 1364 tamen
608 1301 722 1364 calculo
756 1312 898 1383 qnantum
922 1303 1000 1364 satir
1023 1312 1088 1366 est:
1118 1322 1188 1366 narn
1210 1303 1290 1366 siin
1312 1303 1437 1368 meridie
1460 1305 1545 1368 locus
1568 1305 1637 1386 ejus
1659 1306 1712 1368 fnit

367 1385 427 1455 100
449 1387 504 1454 380
526 1399 559 1453 et
581 1389 702 1453 diurnus
734 1389 808 1455 12οε
840 1393 923 1454 horis
954 1389 1089 1471 igitan
1121 1391 1268 1454 debentur
1292 1387 1344 1456 110
1366 1401 1400 1456 et
1424 1395 1511 1458 locus
1541 1395 1655 1458 Martis
1676 1395 1711 1456 sd

362 1479 467 1543 horam
499 1488 633 1542 nostram
659 1474 718 1543 100
739 1478 793 1544 520
816 1487 856 1554 ,ἃ
903 1478 994 1552 Quod
1022 1497 1095 1542 vero
1123 1480 1255 1544 latitudo
1277 1477 1309 1544 70
1341 1491 1391 1546 est
1419 1484 1533 1558 minor,
1567 1491 1603 1546 et
1632 1485 1711 1546 tran

363 1577 451 1631 tanto
475 1569 566 1632 altior
587 1575 620 1632 et
641 1569 761 1649 propior
793 1569 949 1650 eclipticas
972 1588 1062 1649 qnam
1083 1569 1116 1632 in
1138 1570 1273 1646 calonio,
1295 1569 1328 1633 id
1349 1579 1399 1635 est
1420 1573 1460 1636 ob
1481 1573 1711 1646 abactionem

367 1657 438 1740 quia
459 1658 544 1720 Mars
567 1676 659 1739 prope
682 1659 865 1722 horizontem
889 1659 1116 1721 observabatur.

318 1765 321 1774 ’
453 1744 502 1809 Ex
534 1747 581 1809 lris
612 1748 714 1828 itaque
747 1748 1005 1810 observationibus
1036 1754 1124 1827 patet
1155 1746 1247 1812 etiam
1275 1767 1364 1810 verns
1395 1747 1461 1812 dies
1491 1748 1713 1829 conjunctionis

367 1833 490 1898 Saturni
523 1845 556 1898 et
582 1836 702 1900 Martis.
748 1837 827 1902 Narin
859 1836 885 1899 si
916 1836 1066 1900 Saturnus
1098 1835 1155 1898 boc
1187 1836 1235 1898 die
1271 1829 1376 1920 17127.
1399 1835 1487 1917 Sept
1519 1838 1589 1901 lior.
1622 1835 1657 1902 8.
1683 1838 1713 1900 in

368 1921 426 1988 100
450 1924 547 2001 tw,
580 1932 613 1988 et
634 1926 720 1988 Mars
751 1926 780 1987 in
815 1923 874 1989 100
896 1923 950 1991 380
973 1931 1017 2001 st,
1049 1926 1097 1988 die
1129 1926 1231 2006 itaque
1261 1927 1462 2007 praecedente
1496 1921 1605 2011 10120.
1629 1925 1713 2008 Sept

365 2014 486 2093 vesperi
518 2023 589 2094 post
620 2014 685 2078 hor.
708 2012 739 2080 8.
770 2015 890 2078 fuerunt
916 2014 1045 2078 invicem
1076 2014 1221 2094 proximi,
1254 2015 1352 2098 quoad
1383 2016 1515 2096 longum,
1549 2017 1581 2080 in
1608 2013 1714 2090 1001Ι

366 2101 500 2183 proxime
524 2104 620 2166 locum
643 2123 822 2184 congressus
846 2103 969 2167 Saturni
994 2111 1026 2166 et
1045 2103 1143 2180 Jorie,
1167 2103 1217 2184 qui
1240 2103 1298 2166 init
1317 2106 1519 2184 praecedente
1537 2106 1712 2178 Decembri;

310 2253 313 2264 ,
365 2191 542 2272 aequalibus
565 2193 627 2255 iere
651 2192 758 2273 spatiis
781 2194 820 2255 ab
843 2194 984 2273 ecliptica
1006 2192 1156 2256 distantes
1178 2193 1208 2266 in
1229 2201 1333 2272 partes
1355 2195 1526 2258 contrarias
1549 2204 1584 2256 et
1604 2215 1626 2256 a
1647 2215 1712 2257 sese

338 2283 340 2288 '
367 2289 469 2343 mutuo
492 2281 635 2361 gradibus
657 2282 746 2363 paulo
769 2282 835 2361 plns
858 2282 964 2357 tribus,
988 2279 1120 2346 Saturno
1144 2281 1304 2364 superiore.

453 2369 611 2433 Postremo
633 2390 722 2434 verns
745 2371 809 2433 dies
832 2371 1048 2452 conjunctionis
1066 2370 1153 2434 Jovis
1176 2378 1209 2433 et
1230 2371 1349 2445 Martis,
1374 2388 1434 2451 qua
1455 2371 1587 2454 deniqne
1611 2373 1710 2435 absol·

363 2458 443 2522 uitur
465 2477 577 2539 magne
597 2460 781 2540 conjunctio,
805 2459 849 2522 sic
872 2461 1000 2523 habetur
1023 2479 1061 2522 ex
1082 2460 1132 2523 his
1158 2459 1428 2524 observationibus.
1473 2460 1556 2524 Nam
1580 2461 1662 2524 diem
1682 2475 1712 2524 et

364 2548 462 2611 locum
484 2548 514 2609 in
533 2549 632 2611 nimbo
656 2568 715 2611 nox
744 2550 929 2629 intempesta
957 2549 1096 2611 tenebat:
1129 2549 1187 2612 etsi
1206 2548 1351 2629 proximis
1374 2548 1479 2611 diebos
1502 2559 1577 2613 anta
1591 2560 1626 2612 et
1645 2563 1712 2631 post

365 2638 482 2700 coelum
504 2656 559 2717 per
580 2639 700 2702 nubium
722 2638 822 2700 hiatus
845 2637 978 2719 adspici,
1000 2639 1166 2722 praeterita
1185 2656 1225 2700 an
1247 2636 1365 2700 instans
1387 2639 1561 2719 conjonctio
1585 2639 1711 2702 discerni

369 2726 458 2791 recila
480 2726 589 2809 potuit.

451 2816 507 2880 Die
531 2811 583 2880 29.
608 2813 694 2896 Sept.
718 2814 767 2878 vel
789 2812 820 2880 9.
843 2815 913 2879 Oct
937 2815 968 2878 in
991 2814 1114 2878 meridie
1141 2815 1225 2878 locus
1245 2813 1333 2878 Jovis
1355 2835 1395 2878 ex
1417 2816 1561 2897 analogia
1583 2826 1636 2880 sat
1657 2817 1713 2881 dds

364 2903 584 2968 observationis
615 2905 698 2986 prins
727 2904 850 2968 habitae
874 2913 906 2967 et
929 2905 1032 2967 diurno
1054 2905 1085 2967 in
1111 2899 1245 2984 190120
1268 2910 1306 2980 ‚c
1352 2903 1469 2968 Eodem
1496 2906 1625 2970 meridie
1648 2908 1712 2970 cal-

329 3073 331 3080 Ι
364 2995 450 3058 culus
473 2999 574 3075 (quem
598 2993 663 3072 jam
690 2994 777 3056 modo
801 2994 902 3057 vidisti
930 2994 1133 3056 confirmatum
1156 3013 1196 3057 ex
1223 2993 1447 3068 observatione)
1471 2995 1596 3058 exhibet
1619 2997 1712 3060 locum

363 3083 473 3145 Martis
496 3084 527 3144 in
554 3079 611 3148 190
636 3080 686 3147 140
709 3088 739 3156 ,2¹
763 3103 829 3145 eum
851 3083 931 3145 latit.
959 3078 996 3146 10
1017 3080 1072 3146 360
1095 3092 1204 3157 auson,
1239 3102 1315 3164 qnae
1338 3083 1394 3146 hoc
1424 3084 1604 3148 intermedio
1635 3097 1711 3148 tem·

363 3191 436 3253 pore
460 3174 531 3244 iuit,
565 3183 597 3234 ut
619 3175 664 3235 ita
687 3173 798 3246 dicam,
831 3173 1009 3235 stationaria
1031 3180 1063 3235 et
1085 3173 1142 3234 hac
1172 3172 1236 3233 viee
1267 3172 1404 3234 maxima.
1450 3173 1535 3252 Ergo
1558 3176 1636 3237 bora
1657 3196 1711 3238 nna

281 3259 287 3284 ¹
366 3271 436 3323 ante
470 3261 621 3323 meridiem
651 3264 748 3323 fuerat
779 3263 868 3342 plena
899 3261 1069 3340 conjunctio
1090 3262 1121 3334 ‘ii
1144 3269 1176 3323 et
1197 3269 1223 3332 d
1246 3262 1274 3323 in
1310 3257 1369 3325 19⁰
1389 3260 1440 3325 120
1464 3269 1503 3336 ,ὰ
1534 3263 1615 3325 Jove
1643 3283 1709 3344 sep-

366 3351 582 3413 tentrionaliori
603 3371 690 3432 quam
709 3351 764 3413 suit
779 3352 873 3427 Mare,
898 3352 936 3412 ad
951 3345 990 3413 20
1008 3351 1088 3423 fere;
1112 3369 1178 3412 cum
1192 3351 1296 3413 statim
1318 3352 1464 3430 postridie
1484 3354 1512 3413 in
1533 3347 1709 3436 17010010.

367 3441 563 3523 sesquigradn
588 3440 728 3515 anterius,
752 3441 847 3519 primo
871 3440 1044 3520 apparuerit
1066 3457 1174 3501 novum
1199 3440 1290 3502 sidus.

452 3529 707 3601 Quemadmodum
730 3530 821 3608 igitur
834 3529 862 3590 in
883 3529 991 3591 mundo
1007 3528 1156 3591 Saturnus
1176 3540 1224 3591 est
1246 3527 1421 3602 altissimus,
1441 3528 1567 3608 Jupiter
1590 3532 1710 3594 medius

363 3621 447 3682 Mars
472 3619 561 3682 trium
584 3620 716 3681 intimus:
741 3618 828 3680 sicin
843 3618 900 3680 hac
915 3617 1026 3680 visibili
1049 3617 1259 3696 conjunctione
1282 3636 1392 3697 magna
1415 3617 1505 3680 trium
1528 3621 1712 3700 superiorum

363 3707 512 3771 Saturnus
544 3709 634 3769 etiam
666 3709 704 3770 ad
734 3707 851 3769 oculum
885 3707 941 3768 init
972 3725 1127 3787 supremus
1150 3707 1182 3768 in
1204 3707 1423 3786 septentrione,
1457 3718 1492 3770 nt
1512 3706 1639 3788 Jupiter
1661 3711 1712 3772 sub

363 3798 416 3860 illo
447 3797 609 3860 monsiret:
640 3798 683 3859 sic
714 3797 846 3859 vicissim
869 3794 988 3876 Jupiter
1021 3796 1283 3876 septentrionalis,
1317 3804 1351 3858 ut
1372 3796 1455 3859 biars
1489 3801 1638 3863 australis
1661 3801 1712 3861 snb

363 3896 487 3968 utroque
514 3887 677 3949 transiret:
711 3885 846 3948 omnibus
870 3895 969 3947 autem
999 3886 1096 3948 tribue
1120 3885 1211 3947 altius
1242 3884 1355 3947 effulsit
1377 3904 1485 3948 novum
1513 3887 1620 3963 sidus,
1654 3899 1712 3952 tam

363 3976 440 4058 quod
465 3977 564 4037 mandi
588 3976 764 4038 diametrum
787 3994 876 4055 quam
899 3975 977 4055 quod
1001 3973 1171 4054 eclipticam
1195 3974 1315 4036 attinet.

450 4083 551 4164 Atque
574 4083 649 4145 haec
673 4092 721 4144 est
743 4082 797 4144 illa
820 4081 1061 4145 celebratissima
1083 4099 1194 4161 magna
1210 4081 1299 4142 trlnm
1322 4081 1505 4161 superiorum
1529 4083 1711 4164 coniunctio,

364 4207 440 4271 qnae
464 4188 581 4251 exactis
605 4209 624 4250 a
645 4189 751 4253 Mundi
774 4189 897 4251 conditu
928 4175 1042 4269 septem
1066 4188 1183 4268 magnis
1213 4186 1448 4251 revolutionibus
1471 4188 1711 4271 octingentorum

364 4316 506 4360 annorum
539 4297 636 4377 prima
665 4285 780 4359 rursum
812 4296 940 4376 contigit
967 4296 996 4357 in
1024 4296 1110 4376 signo
1134 4293 1313 4375 Sagittarii,
1346 4295 1424 4376 quod
1454 4295 1579 4360 tertium
1606 4307 1657 4360 est
1678 4316 1711 4358 er

363 4404 552 4484 Triplicitate
585 4404 690 4484 ignea;
723 4423 812 4484 qnam
834 4404 892 4466 hac
919 4403 1122 4464 astronomica
1154 4402 1354 4483 descriptione
1386 4411 1501 4482 quanta
1527 4405 1631 4484 potuit
1652 4403 1711 4466 deri

362 4529 435 4574 eura
457 4519 643 4585 aromatum,
667 4512 828 4574 nascituris
851 4529 905 4591 per
929 4511 984 4572 hos
1007 4509 1203 4571 succedentes
1227 4508 1415 4588 octingentos
1434 4528 1530 4571 annos
1556 4510 1711 4590 legendam

362 4618 554 4680 transmitto:
578 4619 605 4680 si
628 4627 660 4680 et
683 4619 757 4682 haec
780 4617 872 4699 digna
894 4627 926 4681 et
950 4616 991 4679 illi
1016 4635 1144 4696 capaces
1173 4617 1264 4678 futuri
1287 4624 1370 4690 sunt,
1395 4635 1490 4698 neque
1513 4618 1564 4680 rel
1589 4618 1710 4679 mundns

362 4723 511 4787 interierit
532 4725 581 4787 vel
611 4725 787 4788 universalis
818 4726 920 4806 aliqua
946 4723 1137 4806 pestilentia,
1171 4723 1337 4804 eujusmodi
1368 4723 1484 4806 aliquot
1511 4742 1550 4786 ex
1579 4723 1710 4787 historiis

362 4829 505 4912 legimus,
538 4833 698 4914 potissima
731 4841 817 4912 parte
853 4833 972 4914 generis
1002 4831 1121 4894 humani
1145 4831 1314 4905 exstincta,
1348 4831 1479 4913 reliquos
1510 4852 1530 4895 a
1561 4832 1646 4896 libris
1675 4831 1710 4892 ad

363 4946 510 5013 aratrum,
543 4941 617 5001 unde
642 4940 768 5001 desumti
793 4948 877 5013 sunt,
908 4959 1023 5004 rursum
1054 4939 1218 5018 redegerit,
1247 4940 1410 5002 secundum
1440 4939 1531 5002 illud:
1563 4940 1658 5003 Terra
1679 4957 1709 4998 es

363 5044 513 5126 (agricole
536 5049 584 5120 es)
609 5046 702 5139 ettad
726 5047 848 5110 Terram
872 5049 926 5120 (ad
949 5046 1177 5127 agriculturam)
1200 5047 1377 5110 reverteris:
1406 5047 1456 5110 rel
1479 5047 1543 5111 iera
1566 5047 1708 5128 qmednm
