3692 5842
723 512 762 564 De
781 508 860 561 Stella
876 509 950 561 lton
965 508 1116 577 flsrpsutaril

475 691 530 761 rig.
549 685 574 740 ³·
800 698 889 752 notae
915 685 975 754 18·
995 696 1038 766 f,
1063 686 1095 752 G
1115 688 1254 765 orientis,
1288 687 1319 750 n
1339 687 1533 761 occidentis:
1563 699 1594 750 ut

454 803 667 918 Ὗ
801 779 844 842 siu
876 779 1013 858 utrinque
1036 779 1125 841 h'uva
1155 779 1283 841 haereat
1312 777 1342 839 iu
1372 778 1484 839 eadem
1517 777 1594 839 linea

801 889 838 930 ex
861 868 891 931 A
914 877 1018 929 centro
1045 868 1157 930 Terrae
1184 868 1214 929 in
1246 868 1324 929 fixas
1354 867 1488 939 educta,
1521 884 1591 945 quae

676 933 749 1072 ΧΠ
802 959 843 1019 sit
873 954 935 1019 AG
966 958 995 1020 iu
1027 967 1094 1019 ortu
1126 976 1228 1019 mense
1259 955 1442 1022 Februario.
1478 954 1537 1016 An
1560 957 1588 1017 iu

408 1056 720 1165 stirs
744 1117 765 1158 1
799 1066 910 1207 {⁰3:2¹¹
928 1044 1193 1215 :tilithi
1214 1044 1591 1206 {sittim

679 1209 757 1298 -l
802 1224 909 1286 rursm
932 1224 1014 1286 exa
1038 1224 1104 1286 1000
1126 1225 1209 1288 vaus
1231 1225 1260 1285 n
1285 1224 1364 1285 ine·
1378 1220 1465 1284 scr:
1489 1223 1587 1288 osea

802 1321 834 1375 et
852 1313 881 1374 in
895 1313 979 1375 BDF
997 1312 1153 1375 occidens:
1175 1314 1224 1375 hie
1246 1313 1339 1392 igitur
1357 1320 1430 1373 ante
1446 1311 1478 1373 Η
1496 1321 1590 1372 uotau

249 1395 309 1463 18·
330 1407 359 1473 ,f
381 1401 410 1466 iu
434 1406 469 1479 F,
494 1405 555 1467 illic
577 1411 648 1485 post
673 1402 701 1465 G
728 1399 787 1468 18ο
808 1409 837 1474 ,2¹
860 1410 962 1463 notam
986 1402 1015 1463 iu
1037 1401 1074 1465 Ε.
1119 1403 1317 1484 Nequaquam
1346 1419 1420 1462 sero
1450 1418 1590 1481 apparere

244 1489 396 1571 potuisset
417 1494 473 1555 sub
496 1495 602 1557 eodem
624 1493 692 1555 loco
715 1490 793 1555 inter
815 1491 890 1552 fixas
912 1491 944 1553 iu
969 1489 999 1553 G
1021 1491 1070 1552 vel
1091 1491 1131 1552 Η.

331 1581 432 1663 Atque
459 1583 517 1645 hoc
546 1584 613 1645 loco
641 1581 713 1664 quid
736 1601 792 1661 ego
815 1580 929 1656 dicam,
962 1580 1022 1642 imo
1052 1580 1122 1662 quid
1149 1599 1208 1642 nou
1235 1579 1334 1641 dicam
1364 1578 1405 1639 de
1428 1577 1589 1639 miserabdi

244 1668 415 1732 conditione
439 1672 535 1734 nostri
558 1672 711 1753 temporis.
758 1673 792 1733 ln
816 1678 902 1730 tanta
924 1669 990 1731 luce
1013 1669 1167 1731 doetrinae
1195 1668 1232 1728 de
1253 1667 1483 1748 parallambus,
1513 1675 1592 1728 tauto

246 1777 393 1820 consensu
423 1760 669 1841 philosophorum
699 1779 765 1821 cum
793 1759 1016 1821 mathematicis
1046 1759 1177 1820 existere
1206 1764 1305 1818 tamen
1333 1775 1428 1818 uuum
1457 1755 1591 1838 aliquem,

246 1865 305 1908 non
328 1847 477 1927 plebejum
500 1851 554 1911 sed
576 1848 796 1930 philosophum,
821 1848 946 1910 medicis
968 1848 1081 1909 libellis
1103 1848 1226 1920 clamm,
1249 1845 1592 1926 excellentissimumque

246 1934 359 1997 vimm:
384 1937 472 2018 idque
495 1958 554 1999 non
579 1939 609 2000 in
631 1938 760 2000 barbara
781 1938 883 2018 aliqua
905 1937 1036 2017 regione,
1061 1937 1116 1997 sed
1138 1936 1168 1998 in
1190 1935 1296 1997 Italia:
1325 1955 1386 1996 non
1416 1934 1449 1996 in
1473 1934 1590 1996 obscuro

246 2025 311 2105 ejus
335 2026 455 2105 angulo,
479 2027 533 2088 sed
555 2028 695 2103 Paduae,
719 2028 749 2089 in
772 2037 857 2089 tanta
880 2025 1123 2088 doctissimorum
1146 2024 1275 2086 uirorum
1299 2023 1492 2105 frequentia,
1514 2033 1590 2084 tantu

244 2115 384 2195 Europae
407 2125 659 2178 concursu:'non
688 2116 737 2197 qui
766 2117 892 2191 dubitet,
923 2116 979 2177 sed
1005 2115 1055 2197 qui
1084 2123 1189 2194 aperte
1217 2113 1425 2176 contradicat:
1459 2132 1520 2174 nou
1547 2113 1588 2193 qui

246 2204 378 2264 fateatur
392 2204 502 2285 ingenii
519 2206 755 2267 imbecillitatem
771 2205 1034 2266 exercitationisve
1048 2204 1196 2265 defectum
1212 2211 1243 2263 et
1262 2203 1454 2265 schematum
1477 2201 1587 2264 mathe-

245 2292 422 2354 maticomm
446 2294 651 2370 insolentiam,
676 2295 728 2356 sed
751 2293 801 2376 qui
825 2313 942 2356 omnem
964 2294 1041 2356 hanc
1064 2292 1261 2354 eruditionem
1283 2311 1358 2373 prae
1383 2310 1417 2352 se
1443 2292 1539 2353 ferat:
1564 2299 1589 2350 et

244 2389 346 2442 tamen
370 2391 476 2443 contra
500 2384 576 2446 hanc
601 2384 767 2446 doctrinam
791 2383 913 2445 disertis
936 2393 969 2444 et
988 2381 1156 2464 perspicuis
1179 2381 1279 2442 serbis
1302 2401 1321 2441 a
1345 2399 1380 2442 se
1404 2381 1476 2461 ipso
1499 2379 1588 2460 expli·

244 2479 342 2531 catam
367 2471 439 2542 (nisi
464 2471 543 2534 forte
565 2474 797 2535 mathematicus
816 2472 926 2555 aliquis
949 2481 1072 2533 auctore
1095 2470 1184 2550 longe
1211 2470 1330 2532 doctior
1357 2471 1511 2532 hactenus
1531 2487 1588 2530 ma·

246 2578 317 2621 num
340 2559 397 2640 ipsi
422 2561 548 2636 direxit)
572 2563 756 2642 argumentis
778 2562 926 2643 pudendis
948 2561 1094 2640 insurgat,
1117 2560 1229 2621 abusus
1252 2560 1439 2621 auctoritate
1464 2568 1495 2620 et
1518 2558 1589 2620 celr-

245 2647 359 2710 britate
388 2650 536 2725 nominis,
567 2671 655 2733 quam
685 2652 742 2713 sibi
774 2659 915 2731 arrogat,
948 2658 978 2711 et
1008 2651 1137 2711 conlisus
1167 2648 1330 2710 solitudine
1357 2669 1378 2709 a
1401 2648 1480 2710 siris
1502 2665 1589 2709 rerum

244 2737 527 2801 mathematicamm
549 2742 672 2822 peritis:
696 2760 788 2802 ausus
812 2748 861 2802 est
882 2741 1043 2815 affirmare,
1068 2739 1166 2819 decipi
1187 2747 1379 2800 astronomos
1403 2738 1435 2799 in
1460 2738 1589 2798 doctriua

242 2825 466 2909 parulupaeon.
526 2831 677 2909 Ignoscite
713 2829 917 2910 grammatici,
948 2828 1023 2891 haec
1058 2827 1148 2908 plane
1175 2846 1234 2888 vox
1267 2838 1315 2888 est
1346 2824 1589 2889 excellentissimi

248 2916 322 2989 viri,
354 2936 413 2977 non
442 2936 524 2992 mea;
555 2919 693 2981 nimimm
724 2927 788 2980 erat
818 2919 953 2979 dicturus
981 2916 1232 2997 parallaxeon.
1280 2917 1314 2978 Si
1343 2916 1501 2978 difficilem
1522 2916 1588 2977 hanc

247 3004 416 3066 doctrinam
447 3006 593 3081 dixisset,
624 3009 650 3069 si
673 3015 831 3087 negasset,
861 3016 1052 3068 astronomos
1081 3006 1157 3067 citra
1187 3006 1298 3066 erroris
1321 3005 1422 3067 aleam
1447 3005 1488 3066 ad
1511 3023 1589 3066 unum

247 3093 296 3154 vel
321 3094 379 3153 duo
403 3096 542 3175 scrupula
565 3098 684 3158 venire:
710 3099 845 3158 fassurus
869 3116 951 3156 eram
976 3097 1040 3177 ipse
1057 3114 1181 3176 quoque.
1219 3095 1308 3156 Nunc
1323 3114 1397 3155 vero
1414 3095 1489 3176 quid
1505 3093 1588 3174 garrit

251 3182 488 3261 logodaedalus?
535 3185 615 3257 Quid
646 3175 762 3264 garriat
789 3205 894 3266 pamm
918 3187 1058 3259 interest;
1090 3203 1230 3264 quorsum
1254 3204 1326 3245 sero
1355 3185 1511 3263 pertineat
1533 3185 1588 3262 ejus

247 3272 390 3349 garritus,
415 3273 523 3334 videte.
570 3277 671 3354 Negat
694 3295 762 3336 esse
784 3274 930 3355 possibile
953 3272 1150 3346 astronomis,
1175 3293 1212 3333 ex
1236 3273 1374 3334 doctrina
1399 3273 1587 3352 parallaxeou

249 3361 286 3420 de
310 3360 366 3422 hoc
390 3364 596 3441 pronunciare,
621 3375 719 3425 utrum
743 3365 832 3425 stella
857 3364 912 3424 suh
935 3363 1022 3424 Luna
1045 3362 1143 3422 fuerit.
1189 3364 1289 3438 Negat
1314 3363 1424 3440 igitur.
1450 3363 1588 3423 ohserva-

246 3450 345 3510 tiones
369 3450 647 3514 mathematicorum
678 3454 756 3515 intra
780 3448 878 3532 52¹1:
908 3460 1009 3513 certas
1037 3470 1114 3512 esse.
1160 3450 1310 3513 Nimirum
1340 3471 1448 3512 omnes
1479 3452 1588 3514 mathe-

241 3539 368 3601 maticos
393 3540 563 3602 Germanos
588 3543 698 3604 Crabbi
722 3544 828 3614 nostri,
853 3560 956 3602 omnes
980 3540 1074 3602 Italos
1098 3539 1144 3602 sui
1168 3541 1282 3602 similes
1305 3550 1403 3620 putat.
1452 3541 1536 3613 Quid
1557 3539 1589 3600 ad

242 3627 319 3688 haec
343 3648 397 3689 sos
421 3629 519 3691 Italici
543 3631 761 3692 mathematici:
795 3630 899 3703 Clavi,
922 3629 1058 3703 Ubalde,
1083 3628 1222 3708 blagine,
1247 3629 1406 3702 Galilaee,
1431 3631 1588 3692 Gethalde.

242 3717 358 3791 Rubee,
384 3720 474 3779 ceteri
498 3720 640 3799 plurimi?
663 3721 733 3801 quid
752 3720 892 3782 Sabaude
917 3717 1079 3782 Crestine?
1101 3719 1171 3800 quid
1188 3718 1270 3781 Galli
1293 3719 1398 3792 ceteri,
1424 3720 1454 3780 in
1475 3737 1589 3801 quorum

240 3806 340 3886 patria
364 3825 492 3869 excusus
516 3819 563 3869 est
586 3810 664 3871 alius
687 3810 757 3871 Itali
786 3810 875 3888 hujus
902 3808 1042 3881 libellus,
1073 3808 1150 3869 idem
1174 3826 1269 3886 agens
1293 3809 1405 3869 Latino
1430 3805 1589 3871 idiomate?

242 3893 302 3957 Cur
334 3895 372 3954 ad
402 3895 459 3957 hoc
489 3905 605 3959 tantum
635 3899 765 3960 dedecus
795 3907 881 3960 tanta
909 3917 976 3959 cum
999 3896 1146 3977 patientia
1176 3896 1365 3958 connivetis?
1411 3901 1465 3960 An
1497 3916 1589 3960 rerum

241 4000 297 4062 ego
326 3983 478 4063 suspicor,
508 4006 604 4066 nugas
634 3988 725 4049 hasce
757 3988 895 4066 indignas
924 3987 1039 4067 putatis
1068 4006 1142 4067 quas
1171 3986 1290 4066 publice
1315 3986 1491 4049 refellatis?
1536 3987 1589 4050 Sed

240 4072 329 4152 plane
361 4073 488 4134 ridicula
518 4085 565 4136 est
593 4077 671 4139 ratio
700 4076 882 4157 philosophi.
928 4075 1056 4138 Audiuit
1086 4076 1227 4137 fortassis
1251 4076 1540 4150 a'mathematicis,
1565 4077 1589 4137 u

241 4161 379 4222 doctrina
408 4162 607 4242 parallaxium
637 4167 739 4227 venire
768 4174 902 4227 centmm
917 4165 1029 4226 Lunae
1060 4164 1226 4246 siderisque
1255 4165 1285 4226 in
1308 4165 1588 4228 considerationem

240 4251 309 4329 lpse
333 4251 504 4330 intelligens
521 4253 594 4315 illud
611 4263 754 4328 centrum,
779 4255 856 4335 quod
880 4263 927 4315 est
946 4254 1026 4314 intus
1050 4263 1081 4315 et
1104 4254 1134 4314 in
1153 4271 1289 4334 corpore,
1313 4254 1450 4315 exsultat
1475 4255 1588 4335 gaudio.

241 4339 319 4417 quod
343 4341 476 4401 oblatum
500 4342 556 4403 sibi
580 4353 665 4422 putet
688 4345 843 4422 effugium:
869 4353 960 4422 negat
982 4344 1091 4423 quippe
1115 4343 1188 4403 illud
1213 4354 1347 4404 centrum
1373 4343 1472 4405 rideri
1495 4363 1587 4426 posse.

242 4427 398 4506 Indignum
422 4429 469 4490 hic
494 4431 551 4510 ipsi
575 4433 755 4511 respondero
779 4452 878 4494 coram
902 4432 1139 4506 mathematicis;
1164 4432 1217 4492 sed
1242 4432 1358 4512 siquis
1384 4433 1465 4494 alius
1490 4445 1537 4494 est
1558 4431 1589 4492 ab

241 4514 297 4575 hoc
322 4537 411 4577 caeco
434 4521 580 4598 magistro
605 4521 804 4595 dementatus,
829 4523 855 4581 ei
880 4522 958 4594 dico,
983 4531 1174 4583 astronomos
1198 4521 1279 4601 loqui
1303 4523 1340 4582 de
1356 4533 1464 4583 centro
1485 4521 1588 4584 risibili

240 4604 282 4664 rei
306 4606 446 4679 risibilis,
470 4611 637 4689 quantitate
662 4610 772 4671 risibili
795 4612 967 4690 praeditae:
993 4611 1072 4692 quod
1095 4630 1153 4671 non
1178 4630 1253 4690 opus
1278 4623 1326 4672 est
1349 4630 1383 4672 se
1406 4612 1475 4692 ipso
1504 4609 1588 4674 cerni.

242 4693 295 4752 sed
320 4696 462 4755 extremis
486 4698 560 4758 visis
584 4710 612 4759 et
637 4701 819 4761 mensuratis
844 4701 940 4779 ipsum
956 4720 1073 4781 quoque
1090 4699 1277 4761 aestimatur.
1319 4699 1372 4762 Sic
1397 4701 1480 4762 euim
1498 4703 1587 4763 solem

240 4784 418 4844 astronomi:
444 4786 539 4863 primo
563 4787 752 4849 altitudinem
777 4790 938 4850 observant
963 4792 1069 4852 summi
1086 4789 1230 4869 marginis
1255 4790 1291 4849 de
1307 4789 1407 4862 Luna,
1435 4791 1504 4854 dein
1528 4791 1585 4852 imi:

239 4878 308 4929 tnnc
339 4872 524 4934 differentiae
556 4878 711 4937 semissem
743 4878 888 4952 adjiciunt
918 4879 1041 4954 minori,
1074 4889 1106 4940 ut
1130 4878 1263 4940 habeant
1292 4878 1386 4939 medii
1421 4901 1475 4943 seu
1500 4881 1586 4942 centri

240 4958 437 5021 altitudinem.
486 4966 525 5025 l't
552 4966 575 5024 si
601 4966 706 5026 summi
730 4966 858 5027 altitudo
883 4969 922 5028 sit
939 4964 1080 5042 50⁰ll‘,
1105 4964 1315 5041 imi50⁰12‘,
1340 4968 1514 5032 differentia
1531 4967 1585 5031 3¹2¹.
