3692 5842
267 497 333 564 520
849 503 878 553 n
897 498 1043 564 neopum

270 696 317 750 se,
344 676 515 738 sedetiam
550 678 630 739 airis
660 688 690 739 et
719 679 868 740 aetheris:
904 680 1031 758 dumque
1061 677 1216 739 materiam
1241 677 1375 738 aetheris
1406 677 1526 740 eandem
1544 680 1594 742 lacit

269 784 334 826 cam
358 766 487 826 materia
510 765 598 844 hujus
618 786 704 847 quem
730 769 877 847 spiramus
902 768 992 840 airis,
1017 768 1105 828 docet
1124 767 1190 846 ipso
1214 765 1308 829 etiam
1332 767 1419 848 lapsu
1434 785 1496 843 sao,
1518 769 1594 848 qaaati

267 853 389 915 intersit
420 855 601 915 ambulantis
633 856 661 916 in
691 857 899 936 philosophiae
930 856 1065 936 palatio,
1101 855 1217 935 optices
1253 857 1356 918 oculos
1390 857 1467 918 bene
1503 869 1595 938 apertu

268 942 393 1005 habere.
439 943 554 1004 Eodem
580 946 659 1005 enim
683 956 873 1024 argumento,
899 966 956 1026 quo
981 946 1141 1007 discrimen
1166 944 1284 1006 tollitur
1307 945 1423 1007 orbium
1446 945 1594 1016 intersere,

269 1030 402 1093 vicissim
436 1032 595 1094 discrimen
630 1035 784 1095 stabilitur
818 1036 897 1096 aeris
930 1035 1017 1113 hujus
1042 1043 1073 1095 et
1101 1034 1150 1114 qui
1179 1033 1207 1094 ei
1234 1035 1327 1113 paulo
1360 1054 1453 1116 supra
1483 1037 1598 1096 montium

270 1122 400 1182 culmina
424 1122 559 1183 succedit
583 1123 725 1185 aetheris.
1645 1125 1647 1138 '

357 1209 426 1270 Etsi
451 1209 529 1270 errim
562 1212 789 1274 observationes
824 1211 1045 1273 astronomicae
1068 1229 1125 1269 non
1151 1210 1312 1271 turbantur
1341 1211 1499 1292 multiplici
1525 1211 1600 1290 aliqua

269 1298 385 1359 ratione
411 1298 622 1360 refractionem
649 1302 726 1362 inter
749 1321 817 1362 sese
838 1302 920 1362 rarie
946 1301 1150 1380 implexarum,
1176 1299 1294 1379 qualern
1315 1299 1432 1362 orbium
1455 1299 1601 1362 discrimina

272 1396 302 1448 et
327 1387 468 1447 soliditas
492 1389 688 1466 requirerent,
714 1389 739 1449 si
755 1398 878 1463 essent;
902 1389 1062 1450 turbantur
1080 1397 1180 1448 tamen
1199 1387 1339 1448 uniformi
1359 1389 1490 1468 quadam
1512 1387 1601 1450 ratione

271 1476 496 1548 refractionum,
513 1479 631 1554 quaudo
647 1478 746 1539 sidera
762 1479 908 1540 horizonti
925 1478 1184 1558 appropinquant:
1205 1494 1281 1556 quae
1296 1477 1495 1539 retractiones
1508 1475 1603 1538 aliaade

270 1583 338 1624 esse
363 1572 524 1644 nequeunt,
550 1585 637 1644 quam
658 1586 694 1627 ex
714 1569 870 1646 superlicio
890 1568 971 1628 airis
990 1565 1076 1644 hujus
1095 1584 1182 1646 quem
1206 1563 1373 1643 spiramus:
1399 1567 1476 1628 adeo
1499 1565 1603 1646 quiden,

272 1660 306 1713 ut
329 1653 357 1713 in
382 1653 597 1714 Astrouomiae
630 1663 717 1734 parte
742 1654 853 1735 Optica
882 1657 950 1718 hinc
978 1657 1070 1717 etiarn
1093 1654 1284 1715 altitudinem
1309 1653 1391 1716 illius
1421 1654 1605 1735 superficieia

269 1741 424 1820 superficie
453 1741 564 1804 Terrae
598 1746 746 1823 potuerim
781 1744 973 1824 investigare.
1029 1745 1179 1804 Provocat
1211 1743 1295 1804 Pena
1327 1743 1367 1804 ad
1402 1743 1605 1826 experientia

264 1830 389 1891 inducto
425 1838 504 1891 teste
538 1834 658 1893 oculato
693 1832 823 1896 Gemma
855 1835 953 1896 Prisio
986 1852 1052 1894 curn
1089 1833 1195 1893 baculo
1229 1851 1283 1892 suo
1321 1833 1541 1904 astronomica,
1569 1829 1605 1910 qui

268 1920 393 1998 negarit
417 1940 435 1979 a
459 1939 491 1980 se
515 1921 593 1981 ullas
619 1923 817 1984 refractiones
846 1942 912 1983 esse
942 1921 1156 2002 deprehensas.
1173 1917 1214 1992 ²⁰)
1261 1921 1411 1984 Nimirum
1436 1923 1533 1984 Peaae
1552 1931 1607 1980 tant

269 2008 401 2069 noudum
425 2014 492 2068 erat
516 2011 643 2089 cognita·
663 2012 849 2073 admirabilis
878 2011 1027 2073 industria
1060 2010 1168 2071 summi
1197 2009 1321 2070 artificis
1344 2011 1497 2093 Tychonis
1520 2007 1608 2074 ante.

270 2098 319 2176 qai
347 2095 459 2176 partim
491 2115 649 2176 operarum
683 2101 890 2174 multitudine,
922 2101 1031 2182 partim
1063 2099 1328 2160 instrumentorum
1361 2099 1560 2179 magnitudine
1585 2107 1609 2156 et

269 2186 441 2248 subtilitate
466 2187 615 2248 modicum
637 2188 710 2250 illud
731 2199 889 2251 assecutus
906 2198 963 2264 est,
989 2189 1066 2270 quod
1082 2207 1216 2250 crassum
1233 2185 1379 2250 Gemmae
1403 2189 1609 2250 instrumentum

269 2275 456 2355 hominisque
489 2275 575 2337 auius
609 2287 640 2338 et
675 2279 803 2341 solitarii
840 2281 1038 2341 attentionem
1077 2279 1235 2356 effugerat.
1289 2277 1333 2338 Et
1365 2277 1479 2340 adduxi
1513 2293 1563 2354 ego
1589 2275 1610 2334 ia

269 2364 484 2426 Astronomiae
516 2374 604 2445 parte
629 2364 741 2447 Optica
770 2387 825 2448 pro
860 2367 1091 2432 retractionibus
1119 2375 1216 2427 testes
1239 2365 1360 2428 Braheo
1392 2365 1610 2428 succenturiatos

272 2472 309 2515 ex
336 2453 528 2531 antiquitate,
553 2474 647 2534 eoque
673 2457 807 2537 integros
832 2467 863 2518 et
887 2458 1088 2536 incorruptos.

359 2541 459 2603 Audio
483 2542 521 2603 D.
538 2543 576 2604 D.
598 2544 771 2606 Helisaeum
787 2546 945 2608 Rbslinum
969 2544 1125 2625 problema
1144 2542 1214 2604 mihi
1239 2543 1435 2622 proposuisse
1457 2541 1611 2604 sali-sulm

270 2632 306 2691 de
331 2628 403 2692 Sole
432 2626 470 2693 14
503 2632 616 2695 dierum
649 2635 749 2714 spatio
780 2636 869 2697 citius
899 2638 986 2715 justo
1016 2654 1034 2694 a
1062 2633 1190 2694 Bataris
1218 2631 1248 2691 in
1280 2632 1511 2711 septentrionali
1537 2631 1612 2692 Terra

270 2720 346 2781 riso.
381 2719 504 2782 Librum
529 2723 594 2801 ejas
616 2743 673 2784 uon
694 2725 752 2786 ridi
773 2743 826 2803 per
845 2724 900 2786 hos
920 2723 1077 2787 tumultus.
1111 2721 1269 2782 Admoneo
1288 2731 1401 2796 tamen,
1426 2721 1612 2803 quaestionem

271 2808 348 2869 hanc
369 2829 387 2869 a
406 2828 452 2869 me
468 2829 522 2888 per
545 2812 743 2874 refractiores
768 2814 848 2873 aeris
873 2813 1046 2893 expeditam
1066 2811 1096 2872 in
1110 2811 1236 2872 Astron.
1253 2817 1341 2888 parte
1357 2809 1472 2892 Optica
1490 2829 1552 2891 cap.
1567 2805 1611 2870 lt'.

272 2916 350 2959 num.
376 2895 407 2959 9.

361 2984 517 3047 Secundas
546 2988 628 3048 Pena
661 2997 764 3068 partes
798 2989 881 3049 dedit
912 2987 1047 3070 dogmati
1078 2987 1114 3048 de
1148 2985 1307 3048 itineribus
1339 2988 1531 3066 planetarum
1557 3001 1612 3044 rete

272 3073 469 3147 ecceatricis;
501 3084 531 3135 et
564 3084 645 3137 reete
682 3077 774 3138 dedit.
821 3079 924 3141 Ilabet
957 3079 1057 3158 optice
1088 3077 1260 3137 firmissima
1287 3095 1342 3155 pro
1365 3077 1414 3138 his
1443 3083 1611 3154 argumenta.

272 3162 350 3224 Illud
374 3163 471 3223 solum
496 3166 675 3239 carendum,
712 3187 748 3227 ne
772 3167 857 3227 nobis¹
887 3169 1006 3229 accidat
1035 3165 1113 3245 quod
1142 3165 1313 3237 veteribus,
1348 3177 1381 3227 ut
1405 3165 1495 3227 alteri
1517 3163 1612 3242 quiea

273 3252 358 3312 oculo
378 3252 498 3314 nimium
518 3273 622 3315 secure
644 3256 828 3316 confidentes
845 3256 871 3318 in
888 3257 1073 3336 pervidenda
1094 3255 1150 3315 hac
1169 3255 1358 3333 planetarum
1378 3255 1489 3326 orbita,
1505 3254 1612 3313 alterna

271 3340 413 3422 physices
443 3343 560 3403 oculum
588 3344 778 3418 claudamus,
804 3348 913 3417 etsie,
943 3345 1021 3425 quod
1054 3344 1208 3421 utriusque
1233 3351 1265 3402 et
1291 3344 1410 3423 optices
1434 3355 1466 3405 et
1493 3343 1612 3424 physices

271 3431 436 3492 rationibus
461 3450 497 3491 ex
522 3451 616 3511 aequo
643 3434 830 3496 tribuendum
852 3447 928 3510 erat,
953 3435 1009 3496 soli
1034 3432 1153 3510 opticae
1177 3432 1346 3494 tribuentes
1369 3451 1489 3494 rursum
1509 3447 1613 3506 ascopa

270 3520 453 3582 aberremus.
501 3519 570 3590 Qua
594 3522 629 3581 de
656 3542 685 3582 re
712 3523 777 3583 ride
808 3544 905 3586 meam
930 3521 1144 3586 Astronomiae
1172 3533 1291 3601 partem
1315 3519 1460 3600 Opticam
1483 3537 1515 3582 et
1537 3519 1612 3580 Corn·

270 3610 419 3670 mentatio
442 3609 478 3669 de
502 3609 611 3670 Martis
637 3612 777 3674 motibus.

359 3698 462 3758 Tertio
487 3698 553 3758 loco
577 3700 731 3761 examinat
747 3702 830 3762 Pena
845 3721 881 3761 ex
896 3701 1000 3779 optica
1017 3699 1225 3778 quaestionem
1241 3699 1278 3758 de
1297 3699 1402 3759 ordine
1426 3701 1613 3778 planetamm:

269 3805 324 3848 nec
348 3787 425 3847 male
451 3786 649 3849 ratiocinatur
672 3809 709 3850 ex
733 3789 910 3860 Aristotele,
936 3787 1082 3867 siquidem
1107 3789 1201 3848 Terra
1225 3805 1278 3847 suo
1303 3796 1365 3847 stet
1390 3789 1450 3848 lira
1475 3791 1548 3856 luto,
1569 3801 1612 3844 aaa

270 3894 337 3935 esse
362 3873 532 3948 rerisinrile,
557 3887 590 3938 ut
610 3876 674 3951 Sol,
690 3879 794 3939 Venus
814 3889 845 3939 et
861 3879 1028 3939 hlercurius
1048 3877 1144 3937 tribus
1165 3875 1316 3937 distinctis
1336 3877 1461 3938 orbibus
1484 3871 1614 3954 inaequali

270 3962 494 4042 magnitudine,
520 3966 637 4045 aequali
663 3976 763 4030 tamen
788 3968 912 4046 periodo
937 3967 1138 4028 circumeant:
1167 3965 1236 4044 quin
1260 3964 1361 4043 potius
1385 3978 1614 4028 consentaneam

270 4052 349 4131 qnod
379 4052 531 4113 Martiano
563 4053 728 4134 Capellae,
764 4055 920 4137 Campano
945 4066 976 4115 ot
999 4055 1119 4115 Braheo
1151 4055 1278 4134 placuit,
1313 4053 1453 4135 inl'raque
1478 4053 1615 4116 Galilaeae

270 4140 496 4202 evidentissime
520 4144 643 4220 probat,
677 4145 822 4223 siquidem
848 4145 901 4205 Sol
926 4144 1061 4210 rehitur,
1085 4162 1143 4202 mm
1175 4143 1242 4203 illos
1266 4143 1339 4203 orbe
1362 4145 1449 4216 rehi,
1474 4143 1615 4218 Solemque

271 4238 303 4290 at
327 4248 415 4290 axem
445 4238 577 4291 rotarum
601 4232 639 4293 ab
674 4234 816 4314 epicyclis
842 4233 973 4294 Teneris
998 4240 1026 4292 et
1052 4233 1192 4292 Mercurii
1224 4233 1317 4293 ueluti
1342 4253 1361 4293 a
1385 4243 1519 4294 rotarum
1548 4227 1615 4309 apsi·

269 4319 355 4380 dibus
381 4319 506 4379 arrrbiri:
533 4319 590 4379 iuro
614 4339 685 4381 roro
710 4321 985 4400 probabilissimum
1009 4340 1094 4394 esse,
1124 4321 1202 4399 quod
1226 4319 1430 4400 Coperaicus,
1461 4322 1538 4402 quod
1559 4329 1615 4378 aute

270 4417 316 4468 tot
341 4408 444 4468 secula
469 4407 521 4467 illa
546 4410 757 4488 antiquissima
781 4411 971 4490 philosophia
992 4410 1096 4470 Salaria
1121 4409 1227 4481 tonuit,
1251 4409 1353 4470 Soleru
1374 4411 1404 4472 iu
1429 4411 1527 4472 medio
1549 4420 1615 4470 stare

270 4497 360 4556 haurn
383 4496 468 4572 loc03
493 4496 632 4575 circaque
657 4519 721 4558 euur
748 4519 804 4559 rien
829 4501 1010 4560 hlercuriam
1034 4508 1150 4559 tautum
1176 4506 1206 4559 et
1231 4499 1382 4560 Venerem
1408 4519 1464 4561 suo
1488 4509 1615 4580 quemqat

270 4594 418 4664 tempore,
454 4585 507 4643 sed
542 4584 639 4663 ipsam
671 4587 747 4646 adeo
772 4589 920 4649 Tellurem
946 4607 1011 4648 cum
1037 4588 1122 4647 Luna
1147 4609 1201 4649 sua
1230 4589 1340 4649 comite
1371 4589 1528 4652 circumire
1549 4593 1615 4650 moll

269 4693 377 4744 atinae,
402 4680 578 4752 ceterosque
604 4683 666 4734 tres
691 4676 752 4736 suis
779 4677 880 4738 itidem
906 4677 1048 4757 periodis.

359 4763 487 4821 Rursum
514 4775 616 4823 amem
643 4764 724 4823 Pena
749 4765 794 4825 hic
820 4785 887 4825 sese
912 4785 978 4827 curu
1004 4766 1103 4843 aliquo
1133 4764 1273 4824 roritatis
1298 4765 1410 4826 damno
1435 4787 1473 4828 ex
1496 4763 1614 4826 sentibm

269 4850 477 4927 perplexarum
507 4851 768 4912 ratiocinationum
799 4856 932 4932 expetiit.
980 4854 1102 4914 Etrurine
1131 4865 1339 4930 argumentum
1369 4857 1426 4918 hoc
1451 4856 1533 4918 nulla
1553 4851 1614 4914 adeo

268 4937 400 4996 evidenti
425 4938 607 4999 necessitate
632 4940 798 5002 rerinctunr
823 4944 858 5000 dc
884 4942 1098 5021 probabilitate
1119 4943 1185 5004 sola
1210 4945 1394 5008 testabatur.
1435 4947 1518 5008 l'ena
1540 4942 1614 5020 igilur

268 5022 382 5084 dilh'sns
416 5037 592 5100 ornamento
624 5028 713 5090 dubio
754 5030 953 5091 mobilitatem
995 5032 1126 5104 Terrae,
1162 5034 1281 5112 qualern
1312 5031 1500 5116 Coperaicua
1530 5033 1613 5096 docet.
