3692 5842
771 455 853 520 ospes
871 456 915 505 w.
937 454 960 506 ⁶·
1201 543 1206 552 Ι
1239 459 1243 465 ’
1484 457 1545 526 109

174 641 306 700 tantam
336 634 565 710 retractionem,
599 651 675 714 quae
704 651 819 695 omnem
852 632 1070 711 dispersionem
1095 632 1169 694 lacis
1203 634 1299 709 sistit,
1336 655 1427 716 quare
1452 636 1547 702 lucem

186 722 476 802 perpendiculariter
498 723 682 784 descendere
702 721 776 783 tacit
790 730 822 781 et
845 739 963 783 omnem
986 728 1116 801 occupat
1139 721 1369 785 incidentiarum
1393 725 1546 804 angulum,

187 809 262 874 nihil
291 809 385 892 igitur
412 810 555 892 relinquit
582 810 750 874 secantium
777 809 973 889 proportioni.
1024 810 1103 872 Nam
1133 830 1188 890 per
1214 811 1413 890 praemissam
1445 814 1547 893 anguli

162 898 245 962 'sub
267 918 347 980 aqua
369 907 515 980 perpetuo
539 899 621 962 recti·
638 908 735 969 eruut,
760 919 831 977 ergo
855 917 963 959 secans
994 907 1138 979 perpetuo
1163 900 1251 962 idem.
1295 903 1450 964 ·Remanet
1474 922 1546 984 orgo

186 987 257 1052 sols
278 987 460 1052 incidentiae
483 988 648 1069 proportio.
695 989 740 1049 At
763 987 813 1050 ubi
836 1006 932 1066 parra
960 988 1115 1063 retractio,
1141 1008 1195 1068 per
1217 991 1416 1069 praemissam
1439 1009 1546 1070 parum

187 1076 284 1140 etiam
314 1077 458 1141 adimitur
490 1077 651 1157 quadranti
679 1095 733 1158 pro
762 1075 876 1139 ultimis
908 1076 1082 1138 secantibus
1116 1078 1310 1156 quaerendis,
1342 1079 1460 1158 quando
1480 1080 1547 1159 jam

187 1166 385 1228 vehementer
407 1175 556 1230 crescunt.
605 1163 720 1228 Contra
744 1165 794 1227 ubi
818 1184 927 1243 magna
957 1164 1107 1239 densitas,
1140 1185 1251 1247 magna
1275 1177 1323 1229 est
1351 1168 1548 1231 lrorlzontalis

187 1253 333 1332 retractio
362 1260 395 1315 et
421 1254 546 1317 multum
577 1254 707 1317 demitur
735 1254 895 1333 quadranti
923 1272 977 1332 pro
1007 1256 1202 1334 excerpendis
1222 1254 1402 1318 'ultimarum
1430 1258 1547 1320 retrac-

188 1343 305 1406 tionem
328 1342 513 1406 secantibus.
553 1343 621 1405 Illic
645 1343 737 1421 igitur
759 1342 882 1404 ultimae
907 1342 1104 1405 retractiones
1125 1343 1154 1404 in
1179 1363 1290 1423 magna
1314 1352 1452 1407 crescunt
1474 1364 1548 1426 pro-

186 1430 343 1512 portione,
367 1430 416 1493 hic
438 1430 470 1492 in
493 1432 608 1494 minori.
655 1431 791 1511 Deniq'ue
816 1431 841 1491 si
866 1430 997 1492 maxima
1025 1432 1167 1493 retractio
1198 1434 1287 1495 medii
1317 1453 1420 1512 parum
1449 1434 1546 1508 densi,

186 1527 224 1582 ut
245 1519 336 1591 aeris,
361 1526 410 1581 est
432 1527 496 1582 tam
520 1520 677 1600 multiplex
701 1519 890 1581 retractionis
919 1519 1145 1582 inclinationum
1169 1529 1201 1583 et
1224 1523 1413 1585 retractionis
1437 1543 1547 1586 secan-

187 1607 265 1670 tium
296 1608 463 1671 minomm:
494 1615 544 1670 est
575 1628 645 1670 vero
669 1616 703 1670 ut
730 1608 850 1689 ponitur
882 1608 950 1689 ipsa
982 1610 1160 1689 perexigua,
1196 1610 1253 1671 erit
1281 1630 1352 1691 ergo
1381 1630 1452 1691 pars
1482 1612 1548 1691 ejus

186 1696 345 1778 aliquota,
374 1715 450 1778 qnae
470 1698 616 1778 competit
638 1696 882 1759 inclinationibus
905 1698 1035 1759 nondum
1057 1698 1146 1778 plane
1171 1699 1424 1775 horizontalibns,
1455 1702 1549 1763 multo

187 1783 288 1848 miuus
311 1785 475 1849 sensibilis.
521 1788 629 1864 Itaque
654 1786 740 1847 tarde
765 1793 797 1847 et
820 1786 900 1847 circa
923 1787 1010 1847 finem
1035 1786 1153 1859 demum
1178 1787 1300 1867 incipiet
1324 1788 1440 1851 sentiri.

278 1874 502 1954 Propositio
527 1875 616 1937 Vlll.
662 1875 825 1936 Problema
847 1876 870 1936 l.
907 1874 962 1936 Ex
984 1875 1139 1955 cognita
1162 1876 1413 1958 cujuscunque
1438 1877 1547 1941 incli-

187 1962 357 2026 nationis
389 1963 618 2026 retractione
655 1963 864 2043 composita
900 1964 1031 2026 venari
1071 1964 1320 2028 retractionis
1357 1966 1548 2028 elementa

188 2059 232 2113 et
258 2050 514 2114 retractiones
547 2051 825 2113 inclinationum
856 2061 1065 2114 ceterarum
1096 2054 1327 2133 compositas
1356 2074 1420 2116 seu
1453 2056 1547 2116 inte-

187 2158 289 2220 gras.
340 2138 391 2202 Sit
422 2140 552 2203 medium
584 2161 676 2221 aqua,
711 2140 865 2202 inclinatio
894 2137 967 2204 800.
1017 2140 1174 2204 Retractio
1207 2162 1245 2203 ex
1277 2142 1445 2207 Vitellione
1478 2140 1548 2208 300.

188 2227 281 2291 Hanc
313 2248 468 2292 assumam
500 2237 534 2292 ut
564 2230 753 2309 grandiorem
785 2229 941 2309 minusque
974 2230 1002 2291 in
1035 2229 1223 2310 experientia
1253 2231 1404 2294 fallacem.
1455 2232 1547 2310 Ergo,

188 2317 241 2398 qui
273 2315 330 2380 sub
364 2336 443 2397 aqua
475 2327 537 2391 est,
576 2318 603 2380 is
639 2315 700 2383 500
740 2318 901 2380 inclinatur
939 2319 977 2380 ad
1019 2319 1280 2400 perpendiculum,
1323 2321 1408 2399 cujus
1446 2321 1549 2400 anguli

187 2424 299 2470 secans
327 2404 466 2470 155572.
513 2407 557 2470 Ut
579 2407 627 2469 hic
651 2407 690 2468 ad
721 2414 876 2468 secantem
904 2407 1006 2487 anguli
1030 2405 1065 2482 0,
1095 2408 1126 2469 id
1154 2409 1264 2470 estad
1295 2410 1393 2472 sinum
1423 2415 1547 2483 rectum,

186 2494 233 2557 sic
255 2494 398 2556 retractio
418 2495 588 2575 composita
608 2491 669 2559 300
688 2496 726 2556 ad
746 2495 958 2557 retractionem
978 2496 1233 2575 proportionalem
1253 2498 1457 2560 inclinationis
1477 2493 1548 2561 800.

186 2583 268 2660 Nam
293 2582 532 2646 demonstratum
564 2585 619 2646 hoc
648 2592 696 2645 est
725 2584 753 2645 in
786 2584 1001 2662 superioribus.
1047 2585 1130 2663 Ergo
1163 2587 1307 2650 retractio
1338 2587 1467 2667 simplex
1495 2605 1548 2648 scu

186 2671 424 2752 proportionalis
448 2673 650 2734 inclinationis
674 2663 735 2736 800
758 2681 806 2733 est
832 2670 890 2736 190
916 2669 976 2748 170,
1002 2674 1048 2735 cui
1076 2669 1134 2736 100
1156 2670 1211 2737 430
1236 2675 1363 2752 accedit,
1387 2685 1551 2756 propterea

187 2761 270 2843 quod
293 2761 424 2822 medium
447 2761 579 2823 retracto
603 2761 658 2823 snb
682 2780 761 2841 aqua
785 2761 908 2822 densius
932 2762 1076 2837 occurrit,
1101 2782 1189 2843 quam
1213 2764 1343 2840 directo,
1368 2766 1397 2826 in
1421 2783 1550 2844 propor-

186 2850 271 2912 tione
295 2867 372 2929 quae
396 2856 445 2911 est
471 2847 600 2913 155572
615 2850 654 2911 ad
672 2847 811 2914 100000.
849 2847 966 2912 Habita
989 2850 1169 2914 retractione
1193 2852 1322 2933 simplici
1347 2853 1550 2917 inclinationis

184 2934 259 3013 800,
291 2938 346 2999 liat
376 2936 548 3000 distributio
581 2939 610 3000 in
642 2938 851 3001 inclinationes
888 2948 1024 3013 ceteras,
1064 2940 1133 3019 qnia
1166 2940 1293 3021 simplex
1326 2943 1469 3005 retractio
1502 2950 1551 3003 est

184 3025 434 3090 inclinationibus
448 3026 692 3107 proportionalis,
713 3027 841 3107 angulus
856 3028 985 3107 angulis.
1025 3028 1141 3090 Deinde
1161 3030 1314 3110 quaelibet
1333 3032 1551 3112 multiplicetur

186 3115 218 3177 in
241 3121 401 3177 secantem
430 3115 554 3178 refracti
588 3116 717 3179 nondum
751 3116 839 3196 plene
875 3115 999 3196 cogniti.
1051 3117 1214 3198 Totiesque
1243 3120 1370 3182 iteretur
1398 3119 1550 3200 inquisitio

184 3203 340 3280 secantis,
374 3204 469 3266 donec
501 3204 584 3267 nulla
614 3204 656 3267 sit
687 3204 808 3267 residua
840 3204 1056 3284 discrepantia.
1103 3206 1162 3270 Per
1192 3227 1310 3270 cossam
1335 3209 1365 3270 id
1388 3210 1490 3285 tieret,
1525 3208 1550 3269 si

184 3291 283 3355 etiam
313 3312 334 3353 a
365 3293 458 3355 rectis
495 3293 535 3354 ad
571 3312 679 3356 curvas
717 3301 800 3354 esset
834 3293 982 3355 transitus
1015 3293 1045 3354 in
1081 3295 1206 3357 cossicis
1246 3297 1549 3359 denominationibus.

183 3380 329 3462 Exempli
353 3400 457 3443 causa.
504 3382 696 3444 Inclinationi
720 3376 782 3445 500
804 3382 881 3443 radii
909 3401 964 3462 per
987 3388 1089 3445 adrem
1116 3383 1245 3464 ingressi
1274 3404 1312 3446 ex
1340 3385 1551 3448 distributione
1648 3375 1651 3380 ’

186 3469 383 3533 retractionis
406 3469 553 3550 simplicis
581 3470 767 3533 obvenerunt
789 3488 843 3550 pro
867 3470 998 3550 simplici
1026 3472 1208 3534 retractione
1236 3469 1359 3536 12040.
1406 3474 1452 3535 At
1474 3473 1551 3535 haec

186 3558 321 3622 nondum
345 3566 394 3620 est
416 3559 521 3620 totalis
544 3559 696 3622 retractio.
736 3559 835 3637 Agam
859 3567 962 3620 tamen
982 3578 1018 3620 ac
1039 3559 1065 3621 si
1086 3567 1169 3621 esset
1192 3561 1298 3623 totalis
1319 3571 1351 3623 et
1373 3563 1550 3624 subtraham

186 3669 208 3710 a
231 3644 303 3724 500,
339 3654 458 3709 restant
481 3642 628 3723 370560,
663 3648 748 3727 cujus
775 3666 883 3710 secans
915 3642 1043 3711 126787
1073 3667 1125 3711 seu
1160 3668 1303 3711 excessus
1331 3668 1421 3729 snper
1454 3650 1550 3713 sinum

187 3742 287 3798 totum
311 3732 420 3800 26787
445 3735 663 3816 multiplicatos
687 3737 716 3798 in
744 3733 802 3800 120
823 3733 856 3799 40
881 3744 912 3798 et
936 3736 1050 3799 divisus
1077 3756 1131 3817 per
1161 3737 1259 3800 sinum
1288 3747 1385 3801 totum
1416 3737 1553 3801 ostendit

187 3819 307 3888 30140
330 3843 386 3905 pro
408 3832 497 3904 parte
526 3825 731 3899 retractionis,
767 3844 844 3906 quae
868 3833 917 3887 est
940 3844 978 3886 ex
1011 3825 1198 3902 secantibus,
1229 3847 1305 3908 quae
1334 3828 1417 3908 prius
1445 3828 1551 3890 itidem

187 3920 257 3976 erat
288 3912 498 3976 subtrahenda
529 3936 548 3976 a
578 3912 649 3979 500.
705 3912 911 3977 Subtrahatnr
940 3914 1034 3993 igitur
1067 3935 1086 3977 a
1112 3915 1178 3996 jam
1211 3916 1358 3980 diminuto
1392 3914 1453 3980 370
1485 3911 1550 3982 560.
1619 3997 1622 4002 ¹

186 4001 424 4083 Relinquantur
446 3997 510 4066 340
537 3999 603 4067 420.
655 4001 748 4083 Cujus
780 4003 914 4067 secantis
946 4022 1089 4066 excessus
1122 4023 1212 4084 super
1246 4004 1343 4068 sinum
1376 4014 1472 4069 totum
1503 4014 1550 4069 est

187 4085 316 4163 21633,
350 4090 399 4173 qui
430 4091 646 4171 multiplicatus
671 4092 701 4153 in
728 4089 787 4155 120
808 4089 855 4167 40,
880 4092 1016 4154 ostendit
1039 4090 1079 4155 20
1102 4090 1172 4168 370,
1207 4093 1329 4156 nimium
1363 4113 1435 4173 ergo
1468 4094 1552 4176 prius

188 4188 266 4254 erat,
290 4199 360 4243 cum
384 4176 424 4243 30
449 4176 501 4243 140
525 4179 781 4242 subtraheremus.
827 4180 909 4259 Ergo
934 4201 953 4242 a
976 4178 1038 4243 370
1060 4176 1116 4244 560
1141 4182 1206 4261 jam
1235 4184 1312 4245 hunc
1336 4181 1451 4246 20370
1477 4182 1551 4246 sub-

187 4269 286 4343 trahe,
306 4268 487 4349 relinquitur
501 4264 563 4331 350
579 4264 640 4342 100,
665 4269 749 4349 cnjus
765 4269 899 4332 secantis
914 4287 1057 4331 excessus
1072 4265 1191 4343 22554,
1213 4271 1262 4351 qni
1282 4271 1416 4333 ostendit
1429 4267 1470 4333 20
1483 4266 1550 4334 430.
1578 4349 1584 4356 Ι

188 4355 251 4430 uni
275 4356 440 4420 etiamnum
464 4377 484 4417 a
506 4353 546 4418 20
568 4350 622 4419 370
646 4357 809 4436 discrepat.
847 4357 1001 4444 Subtrahe
1027 4377 1098 4437 ergo
1123 4380 1141 4420 a
1165 4355 1304 4422 370560
1327 4361 1405 4422 hunc
1429 4356 1468 4421 20
1483 4356 1548 4442 430,

188 4453 310 4509 restant
342 4442 405 4510 350
432 4443 493 4517 130,
524 4445 610 4525 cujus
643 4447 776 4508 secantis
812 4465 955 4509 excessus
987 4444 1098 4509 22402
1132 4448 1160 4507 in
1189 4443 1300 4510 12040
1332 4447 1550 4527 multiplicatus

189 4534 326 4598 ostendit
349 4532 389 4600 20
406 4531 472 4597 420.
508 4532 589 4604 Quia
612 4554 683 4614 ergo
702 4535 751 4596 hic
771 4530 810 4599 20
828 4531 882 4598 420
906 4556 926 4596 ιι
944 4536 1043 4616 priore
1067 4531 1105 4597 20
1123 4532 1178 4598 430
1203 4535 1419 4598 insensibiliter
1438 4536 1548 4611 differt,
1599 4603 1604 4616 .

188 4623 238 4686 bic
260 4624 384 4704 quiesco
403 4632 436 4686 et
454 4622 532 4697 dico,
555 4623 766 4686 retractionem
784 4625 822 4686 ob
842 4633 982 4686 secantes
1004 4624 1033 4685 in
1053 4623 1245 4685 inclinatione
1261 4618 1323 4687 500
1342 4645 1409 4686 esse
1428 4622 1469 4686 20
1482 4620 1547 4697 420,

189 4720 353 4794 propterea
376 4720 484 4786 totam,
507 4711 613 4774 addita
636 4712 851 4793 proportionali
881 4708 994 4788 12040,
1020 4732 1087 4773 esse
1116 4707 1258 4775 140460.
1301 4712 1434 4794 Subjicio
1459 4712 1550 4792 igitur

188 4802 340 4882 integram
379 4802 523 4865 tabellam
564 4801 779 4864 retractionnm
818 4821 915 4882 aquae
954 4811 986 4863 et
1026 4801 1104 4863 addo
1151 4802 1288 4880 proditas
1323 4824 1343 4862 a
1380 4802 1548 4864 Vitellione

189 4890 399 4967 miracuones,
423 4909 498 4972 quas
522 4890 719 4956 instrumento
743 4910 797 4953 sno
821 4890 999 4971 exploravit,
1024 4897 1058 4953 ut
1080 4897 1229 4971 appareat
1251 4908 1425 4955 consensus.
