3692 5842
251 466 317 536 tac
728 476 768 527 ns
786 476 1124 543 ssunmsmsr

254 650 364 724 utitur,
394 652 573 713 transscribi
600 673 707 732 posse:
738 653 839 734 itaque
861 665 894 716 et
916 654 1151 735 significationes
1173 654 1293 716 illarum
1322 672 1426 716 rerum
1448 673 1514 718 non
1536 654 1607 732 reji-

252 740 393 812 ciendas,
416 739 475 801 nisi
498 742 685 821 apparuerit,
708 751 834 804 naturae
857 745 1072 806 consuetudine
1096 744 1194 805 solere
1217 742 1289 804 illas
1309 743 1446 805 evenire.

338 828 399 891 Cur
422 836 522 890 autem
545 830 692 907 dubitem,
722 831 834 893 liberne
858 834 899 893 sit
922 834 1064 914 spiritns,
1093 833 1145 913 qui
1172 841 1296 911 praeest
1316 831 1371 894 his
1391 831 1488 894 rebus
1511 831 1607 912 sigui-

248 917 423 989 flcantibus,
455 937 494 979 an
516 938 589 981 vero
611 920 757 998 alligatus
780 923 960 984 naturaliter
981 923 1021 982 ad
1044 941 1152 1001 corpus
1175 920 1294 996 mundi,
1328 939 1445 982 causas
1469 920 1607 1001 utrinque

248 1006 345 1067 habeo
368 1025 487 1085 graves.
525 1010 645 1070 Etenim
668 1028 744 1090 quae
769 1010 975 1089 significantur
997 1021 1060 1072 tam
1082 1030 1137 1091 per
1159 1011 1277 1070 somnia
1293 1029 1387 1091 mam
1404 1029 1468 1089 per
1490 1019 1609 1072 ostenta

247 1104 280 1157 et
301 1104 446 1168 monstra,
471 1115 508 1157 ea
529 1116 583 1177 per
606 1098 783 1176 allegoriam
808 1100 987 1178 significant,
1011 1119 1071 1162 non
1094 1100 1218 1171 directe,
1241 1099 1338 1171 clare,
1362 1098 1514 1160 dilucide.
1559 1101 1608 1164 Sic

247 1192 357 1246 natura
387 1185 492 1247 ludens
523 1185 679 1266 allegoriis
708 1197 740 1248 et
767 1188 893 1267 picturis
920 1208 1018 1252 rerum
1048 1199 1098 1250 est
1126 1187 1172 1248 sui
1202 1187 1338 1259 arbitrii,
1369 1195 1402 1248 et
1433 1201 1560 1267 posset,
1583 1190 1608 1250 si

247 1273 355 1347 vellet,
385 1293 448 1335 rem
476 1274 628 1354 explicare
659 1276 805 1350 dilucide3
835 1279 989 1357 quaeritur
1019 1278 1213 1339 obscuritatis
1240 1277 1331 1338 ratio.
1378 1279 1433 1338 Au
1468 1278 1609 1358 expedire

245 1369 349 1443 putat,
379 1364 494 1424 moneri
519 1363 662 1426 ¹homines
695 1366 725 1426 in
748 1385 857 1444 genere
880 1387 976 1447 neque
1008 1368 1045 1427 de
1076 1366 1176 1446 specie
1204 1377 1275 1426 ante
1302 1384 1369 1426 ren
1402 1366 1525 1428 factam
1545 1367 1607 1428 fleri

246 1452 411 1514 certiores?
433 1459 465 1513 at
487 1454 587 1532 potuit
610 1454 653 1514 sic
675 1473 797 1516 monere
820 1455 949 1517 breviori
972 1455 1158 1536 compendio,
1183 1454 1266 1536 quali
1288 1453 1438 1516 dicuutur
1460 1456 1509 1516 uti
1530 1456 1608 1534 gend

246 1541 383 1622 quidam,
418 1561 476 1602 uno
506 1542 595 1623 pulsu
625 1542 830 1622 significantes
859 1545 1021 1606 instantem
1049 1563 1162 1606 casum
1209 1541 1364 1614 Quorsum
1399 1543 1502 1622 igitur
1539 1545 1606 1606 illae

247 1628 428 1692 somniorum
451 1639 483 1691 et
504 1642 705 1693 monstrorum
723 1633 876 1711 ambages,
899 1652 954 1713 per
974 1631 1288 1696 eas-circumstantias
1303 1632 1486 1706 traductae,
1504 1633 1606 1714 quibu

246 1719 286 1779 ad
310 1718 442 1799 speciem
464 1720 560 1782 veniri
584 1722 684 1782 solet?
721 1724 771 1784 An
795 1741 906 1795 vemm,
931 1724 1011 1803 quod
1025 1722 1114 1785 uobis
1128 1720 1310 1784 Plutarchus
1333 1719 1519 1796 insinuavit,
1541 1723 1605 1784 dun

244 1809 540 1888 causam-perditam
563 1811 750 1872 oraculomm
773 1812 846 1890 agit,
870 1812 1025 1893 productis
1048 1830 1085 1872 er
1109 1810 1259 1890 Sophocle
1283 1809 1452 1872 versiculis
1477 1811 1578 1874 hisce:

564 1909 743 1979 Sapientihus
765 1928 815 1981 per
837 1913 972 1983 ambages
995 1911 1057 1965 lata
1076 1912 1175 1982 eloqui,

561 1991 657 2044 Fatuis
678 1992 841 2063 magistrum
861 2010 973 2063 prorsus
994 2010 1056 2046 ease
1077 1992 1209 2047 inutilem

243 2077 278 2142 ld
302 2086 358 2150 est,
385 2078 552 2158 sapientem
575 2077 666 2139 nullis
689 2080 877 2142 oracnlomm
900 2080 1077 2158 ambagibus
1101 2080 1251 2159 impediri:
1284 2078 1381 2142 stulto
1405 2080 1527 2143 nullam
1549 2100 1599 2141 ea·

244 2164 450 2247 placationem
481 2169 613 2228 sufficere
642 2169 679 2228 ad
711 2168 947 2246 intelligendum.
1002 2168 1149 2229 Nimirum
1178 2188 1373 2250 quaecuuque
1404 2181 1520 2231 natura
1546 2183 1598 2238 est,

243 2276 319 2338 quae
343 2255 525 2318 somniorum
548 2256 674 2336 picturis
698 2265 941 2338 ostentorumque
964 2257 1162 2319 allusionibus
1184 2257 1341 2319 uobiscum
1364 2259 1515 2339 loquitur,
1536 2277 1597 2320 ere·

244 2345 335 2406 chile
351 2353 409 2419 est,
426 2344 572 2407 humanae
592 2354 718 2407 naturae
733 2346 949 2407 ratiocinatrici
967 2346 1005 2406 ob
1021 2346 1247 2407 similitudinem
1262 2347 1310 2408 sui
1327 2347 1471 2426 impense
1490 2349 1594 2408 farere.

243 2434 443 2498 calamitates
465 2435 559 2514 igitur
581 2435 750 2514 siguificare
773 2454 826 2514 per
849 2435 1003 2513 ambages,
1026 2444 1061 2495 ut
1080 2436 1217 2497 homines
1237 2436 1277 2496 ad
1299 2437 1549 2498 ratiocinandum
1562 2437 1594 2498 de

243 2524 343 2585 causis
366 2523 462 2606 (quod
483 2523 614 2586 hominis
636 2527 698 2596 est)
722 2535 967 2603 permoveantur,
991 2525 1091 2605 itaque
1114 2525 1195 2586 veris
1218 2525 1339 2597 causis,
1363 2527 1551 2605 praesertim
1571 2525 1593 2586 si

242 2613 272 2674 in
295 2613 362 2694 ipso
385 2614 505 2675 homine
528 2614 655 2687 luerint,
685 2612 831 2691 coguitis,
862 2612 899 2672 dc
930 2613 1068 2692 genuinis
1091 2614 1232 2674 remediis
1254 2614 1403 2693 cogitent.
1456 2615 1593 2677 Homines

242 2701 320 2763 euim
342 2722 397 2782 per
418 2702 607 2783 labyrinthos
636 2702 727 2762 hosce
756 2700 1006 2779 significationum
1035 2702 1064 2763 in
1095 2702 1233 2781 ambiguo
1260 2704 1441 2776 constituti,
1472 2704 1592 2766 circum-

242 2790 373 2873 spiciunt
386 2792 570 2872 praesentia,
586 2791 767 2869 recolligunt
781 2790 955 2869 praeterita,
974 2791 1125 2853 collocant
1144 2799 1215 2852 aute
1240 2792 1345 2854 oculos
1367 2792 1486 2867 futura,
1505 2794 1593 2854 donce

241 2880 271 2942 iu
295 2898 358 2941 rem
381 2881 479 2960 ipsam
502 2881 624 2941 tandem
648 2879 790 2941 incidant

329 2970 398 3031 Mos
413 2969 473 3030 iste
487 2970 607 3050 quidem
621 2968 679 3030 Dei
696 2966 964 3048 frequentissimus,
986 2968 1032 3028 cui
1055 2987 1114 3029 non
1135 2968 1243 3030 bouum
1265 2968 1363 3030 visum
1388 2981 1452 3042 est,
1475 2971 1592 3032 disertis

241 3058 342 3119 verbis
365 3057 501 3118 homiues
524 3058 657 3139 qnotidie
680 3058 802 3136 alloqui,
825 3057 1005 3135 praesertim
1024 3057 1169 3118 derebus
1188 3057 1377 3119 naturalibus
1400 3071 1435 3120 ct
1458 3060 1591 3137 adhujus

241 3148 322 3208 ritae
352 3146 602 3207 sustentationem
631 3147 867 3226 pertinentibns;
909 3147 1002 3206 utitur
1031 3146 1082 3207 ille.
1113 3146 1173 3206 alio
1204 3147 1353 3207 sermonis
1381 3167 1514 3226 genere,
1546 3168 1591 3228 per

241 3255 359 3298 cursum
383 3245 508 3297 naturae
532 3246 561 3297 et
585 3246 695 3297 motum
715 3254 888 3313 corporum;
913 3234 973 3295 alio
996 3235 1162 3315 scripturae
1184 3255 1303 3314 genere,
1327 3257 1407 3316 quac
1429 3238 1522 3299 habet
1540 3259 1590 3299 non

239 3326 364 3387 miniata
388 3326 436 3386 vel
461 3335 560 3387 atrata
583 3326 731 3386 elementa
756 3323 861 3400 viginti
885 3323 1047 3396 trio,'sed
1080 3325 1147 3403 ipsa
1178 3344 1288 3403 magna
1318 3326 1425 3387 mnndi
1457 3347 1587 3407 corpora

240 3434 332 3495 opera
355 3415 516 3491 digitorum
540 3416 614 3493 ejus.
662 3414 713 3475 Sic
737 3413 886 3473 hominem
910 3412 1067 3473 docuisse
1093 3415 1191 3493 ipsum
1213 3414 1339 3487 munire,
1364 3417 1500 3488 vestire,
1524 3437 1587 3478 sum

241 3507 340 3568 foetus
364 3505 472 3565 molles
495 3505 622 3565 educare
644 3521 698 3583 per
722 3503 842 3580 longum
865 3513 996 3580 tempus,
1028 3513 1133 3562 namra
1156 3512 1188 3564 et
1209 3514 1328 3575 cetera;
1360 3525 1422 3566 non
1452 3507 1589 3585 magister

242 3593 358 3656 vocalis
382 3593 426 3654 illi
450 3593 599 3666 assidens,
623 3611 681 3653 non
705 3610 798 3665 arma,
823 3598 855 3651 ut
877 3590 974 3651 tauris
997 3600 1029 3651 et
1051 3591 1143 3671 apris,
1167 3600 1270 3652 vestes
1294 3602 1327 3653 ut
1349 3594 1471 3666 ovibus,
1496 3596 1588 3656 inces-

243 3703 308 3745 sum
332 3691 364 3743 et
386 3683 581 3756 notationem,
605 3689 639 3742 ut
662 3679 821 3759 pecoribus
844 3698 918 3759 pene
943 3679 1078 3740 omnibns
1102 3681 1169 3741 inde
1193 3702 1212 3740 a
1234 3681 1330 3759 primo
1356 3695 1427 3743 ortu
1452 3684 1588 3746 tribuens

244 3774 298 3833 sed
323 3791 428 3833 manus
451 3772 479 3832 ei
502 3772 577 3831 dans
597 3780 626 3830 ct
650 3768 908 3830 ratiocinationem
933 3778 964 3829 et
986 3770 1123 3829 allectum
1154 3770 1265 3830 amoris
1295 3769 1457 3834 instillans
1486 3793 1587 3853 paren·

244 3862 340 3933 tibus,
372 3869 405 3921 ut
435 3860 472 3921 iis
501 3860 606 3940 paucis
635 3859 700 3919 vice
730 3859 859 3919 omnium
883 3857 1100 3937 praesidiorum
1123 3868 1286 3920 uterentur.
1333 3860 1386 3922 Sic
1412 3863 1582 3940 persuadeo

243 3950 348 4011 volens
372 3948 540 4010 hominibus
564 3948 792 4020 astronomiam,
820 3967 878 4007 nou
903 3968 974 4008 usus
997 3956 1046 4007 est
1068 3947 1168 4009 verbis
1191 3948 1440 4024 transeuntibus,
1466 3953 1519 4012 sed
1541 3971 1588 4012 er-

240 4039 355 4119 pressit
381 4039 457 4099 hanc
487 4057 590 4098 vocem
620 4038 649 4098 in
680 4045 788 4098 natura
818 4044 849 4096 et
877 4036 1165 4097 commensuratione
1200 4036 1394 4111 coelestium,
1430 4041 1589 4119 geometria

240 4126 486 4209 participantium
508 4146 574 4189 cum
597 4127 726 4188 humana
749 4134 857 4198 mente,
882 4137 913 4185 et
936 4125 1124 4187 institutione
1148 4126 1317 4186 umbrarum
1342 4127 1454 4190 Lunae
1477 4147 1509 4191 et
1524 4130 1588 4192 'lel-

243 4216 327 4278 luris.
374 4216 489 4278 Eodem
512 4216 602 4295 igitur
625 4213 750 4276 consilio
773 4217 856 4277 Deus
880 4214 938 4276 iste
962 4223 1065 4277 noster
1088 4214 1380 4277 commonefactums
1410 4239 1470 4280 nos
1499 4220 1535 4279 de
1562 4239 1587 4279 n·-

241 4305 352 4385 aliqua,
374 4305 476 4386 potius
500 4306 653 4384 allegoriis
676 4304 720 4365 uti
743 4304 889 4377 creditur,
913 4324 1002 4383 quam
1025 4304 1177 4383 expressis
1200 4304 1315 4378 verbis,
1343 4317 1376 4367 ut
1400 4307 1542 4370 homines
1564 4308 1587 4368 in

241 4394 289 4455 his
313 4394 537 4473 temporalibus,
561 4394 639 4475 quod
663 4401 710 4454 est
733 4394 887 4473 reliquum,
911 4393 948 4452 de
972 4412 1026 4452 suo
1050 4393 1172 4453 addant.

330 4484 412 4544 llaec
436 4484 526 4561 igitur
548 4483 647 4545 dicere
672 4483 697 4543 is
720 4493 837 4561 potest,
862 4482 910 4561 qui
935 4482 1117 4543 somniorum
1141 4482 1339 4543 immissorem
1363 4497 1587 4563 portentorum·

241 4590 299 4651 que
322 4573 572 4633 conformatorem
593 4573 690 4633 Deum
714 4574 810 4650 ipsum
833 4591 900 4632 esse
924 4571 1086 4632 contendit
1131 4572 1178 4633 At
1199 4571 1224 4631 si
1255 4571 1301 4631 cui
1330 4573 1437 4650 placet
1468 4576 1586 4656 spiritu>

241 4659 352 4739 aliquis
374 4661 470 4738 magis
494 4680 670 4739 corporeus,
701 4661 793 4721 habet
822 4661 848 4721 is
879 4660 1009 4721 indidem
1037 4668 1243 4738 argumentum
1266 4662 1397 4721 tuendae
1424 4685 1500 4725 suae
1524 4684 1587 4725 sen·

245 4749 358 4808 tentiae
382 4750 612 4809 accommodum.
658 4750 748 4810 Dicet
772 4750 863 4820 enirn,
893 4750 970 4809 hanc
999 4749 1211 4810 obscuritatem
1243 4749 1362 4827 signum
1393 4769 1467 4812 esse
1492 4768 1587 4815 termi-

243 4848 331 4897 natae
355 4839 518 4916 potentiae,
543 4839 620 4917 qnod
644 4851 781 4898 creatura
804 4839 873 4909 ista,
898 4839 923 4898 si
946 4848 1061 4916 posset,
1085 4838 1185 4919 utique
1210 4838 1360 4899 interdum
1381 4839 1467 4902 clare
1490 4844 1586 4922 loque-

243 4936 339 5000 retur,
370 4933 423 4987 aut
449 4926 553 4986 literas
584 4926 731 4987 dilucidas
761 4928 790 4987 in
814 4927 936 4987 aethere
960 4936 1112 4998 exararet,
1141 4926 1247 5007 quibus
1279 4927 1326 4998 id,
1357 4931 1440 5008 quod
1465 4952 1514 4993 res
1537 4946 1588 4994 est.

244 5013 375 5077 breviter
397 5023 428 5074 ct
450 5016 532 5093 regio
557 5016 636 5095 stylo
660 5015 885 5094 significaretur.
933 5017 1018 5077 Nunc
1042 5027 1141 5077 autem
1171 5036 1231 5077 non
1257 5035 1352 5096 posse
1384 5018 1465 5082 hauc
1491 5021 1585 5083 nobis-
