3692 5842
332 487 375 553 τε
762 489 861 539 nram
879 487 982 552 aaran
1000 487 1150 553 mmo·
1169 496 1271 539 muna·

221 626 230 645 ἱ
332 663 444 713 dadnrch
462 664 499 711 nit
518 662 594 712 allein
613 678 644 711 an
662 663 784 713 mehrerm
803 664 884 712 eeiner
897 663 1039 712 Aninahnra
1056 662 1108 712 nnd
1120 662 1258 713 Wohlialrrt
1270 664 1328 712 voit
1345 662 1461 713 behem
1474 661 1570 723 ωιώτ,
1588 661 1701 710 endu

332 734 398 784 anch
416 733 518 795 allerley
534 733 630 795 judicia
648 734 755 782 darilber
772 735 835 783 noch
855 736 879 781 in
898 737 992 783 sninem
1012 734 1096 782 Leben
1118 735 1268 784 varnehmen
1287 734 1363 783 kann·
1389 734 1423 783 Es
1442 734 1515 783 haett
1534 733 1593 783 dnm
1610 730 1701 794 Tyde

331 804 422 866 Brahe,
441 821 469 853 so
487 805 528 853 ich
547 804 617 853 Ilrme
636 805 739 854 trenlich
758 805 886 869 gerathen,
907 805 954 854 viel
973 806 1056 855 bercer
1074 805 1182 869 gethan,
1210 820 1281 862 arena
1300 819 1327 853 er
1344 804 1409 855 anch
1429 805 1477 855 den
1496 802 1615 868 gleichen
1635 801 1702 867 Νη

330 878 357 926 in
375 876 415 925 die
432 875 509 925 Hand
527 890 675 940 genommen
694 876 788 925 haette.
809 899 842 909 -

420 964 447 1012 ln
467 965 544 1013 literis
563 965 587 1013 d.
611 962 650 1011 12.
669 964 727 1012 Jan.
749 961 817 1012 1⁶03
839 963 904 1012 datis
923 964 1021 1026 propius
1041 963 1073 1011 ad
1092 962 1166 1012 finem
1183 965 1262 1026 operis
1284 966 1320 1012 ani
1343 963 1466 1013 accedens
1487 963 1616 1027 Kaplems
1634 961 1702 1012 haec

331 1035 462 1086 flenarto
480 1037 572 1091 scribit,
600 1051 630 1086 ex
648 1044 718 1097 parte
743 1043 859 1099 spectans
885 1035 971 1083 literas
989 1033 1121 1091 Hernarti,
1141 1048 1202 1098 quas
1222 1034 1320 1084 exhibet
1339 1036 1469 1085 annotatio
1484 1043 1573 1085 nostra
1588 1031 1635 1083 Nn.
1649 1031 1702 1083 tt:

333 1107 443 1188 Optica
469 1127 526 1168 non
552 1107 641 1168 aliter
665 1109 820 1177 tractabo,
845 1107 903 1167 nisi
933 1116 1080 1185 qnatenus
1104 1106 1142 1166 ad
1172 1107 1387 1168 astronomiam
1412 1115 1443 1167 et
1471 1106 1636 1185 speciatim
1662 1107 1703 1166 ad

335 1196 502 1258 doctrinam
536 1195 693 1275 eclipsiurn
726 1197 859 1275 adeoque
885 1195 924 1255 ad
949 1195 1030 1255 solas
1055 1195 1118 1256 iere
1151 1196 1313 1256 diametros
1347 1195 1535 1256 luminarium
1568 1195 1701 1258 faciunt„

334 1285 412 1350 Nam
445 1285 521 1348 iuter
554 1286 649 1364 prima
681 1285 877 1346 fundamenta
909 1283 1041 1362 cognitio
1074 1282 1148 1344 haec
1180 1285 1327 1356 refertum
1361 1293 1392 1345 et
1423 1284 1472 1344 vel
1501 1284 1704 1346 Ptolemaeus

334 1375 454 1455 probat,
480 1374 625 1453 quamsit
643 1374 718 1434 haec
739 1373 864 1433 materia
889 1372 980 1450 digna
1000 1372 1085 1450 justo
1109 1380 1242 1433 tractatu
1251 1390 1259 1445 ;
1284 1372 1343 1452 qui,
1369 1392 1435 1433 cum
1460 1372 1594 1452 dioptris
1617 1371 1703 1454 Hip·

335 1461 440 1544 parchi
464 1463 623 1537 dillideret,
658 1461 904 1541 qrremadmodnnr
936 1461 1019 1540 prius
1049 1461 1240 1541 Hipparchus
1273 1462 1467 1522 analemmati
1489 1461 1703 1536 Archimedis,

336 1552 374 1613 ad
398 1551 622 1630 inexplicabilia
638 1553 737 1612 media
760 1569 923 1612 conversus
940 1559 996 1624 est,
1022 1550 1058 1610 de
1082 1550 1188 1629 quibus
1203 1550 1246 1611 sic
1261 1568 1317 1628 ego
1342 1551 1460 1612 sentio:
1484 1551 1704 1614 Ptolemaeum

335 1641 433 1721 ipsum
458 1640 505 1700 his
528 1659 586 1702 non
620 1641 713 1701 fnisse
746 1641 906 1710 conlisum,
941 1637 1048 1699 sedin
1082 1640 1160 1717 quod
1183 1639 1361 1700 concludere
1394 1641 1543 1702 niteretur
1578 1639 1705 1701 aliunde

334 1737 503 1791 mutuatum
540 1729 626 1808 eique
663 1728 954 1806 argumentationem
1000 1727 1243 1788 accommodasse
1282 1727 1405 1790 fortuito
1441 1728 1704 1790 consentientem.

336 1819 421 1880 Duas
446 1818 523 1879 enim
546 1818 675 1897 eclipses
698 1817 844 1896 partiales
868 1816 897 1876 in
922 1816 1028 1876 eadem
1052 1815 1201 1876 anomalia
1223 1816 1345 1890 sumsit,
1371 1817 1422 1878 uhi
1446 1818 1521 1879 haec
1543 1833 1703 1900 praesup-

336 1907 456 1987 posuit:
487 1906 519 1978 l)
544 1925 645 1968 reram
660 1927 727 1967 esse
752 1905 1010 1967 eccentricitatem
1028 1913 1061 1965 et
1083 1922 1249 1983 apogaeum
1276 1904 1367 1977 Solis,
1394 1924 1470 1985 quae
1500 1906 1565 1985 ipse
1586 1907 1704 1985 posuit.

336 1995 372 2069 2)
397 1995 512 2057 Verum
544 2004 656 2056 motum
688 1996 819 2057 medium
853 1993 1049 2054 latitudinis.¹
1080 1991 1115 2066 3)
1141 1994 1254 2054 Verum
1287 1995 1428 2074 angulum
1461 1995 1640 2058 latitudinis
1674 1994 1705 2058 in

337 2085 519 2163 eclipsibus;
549 2084 585 2145 de
614 2102 671 2164 quo
700 2103 756 2162 ego
786 2083 898 2144 dubito.
948 2081 1010 2143 Sed
1038 2081 1112 2142 haec
1140 2081 1320 2144 tolerabilia.
1368 2080 1405 2155 4)
1429 2084 1510 2164 Ergo
1540 2103 1651 2147 veram
1674 2084 1706 2146 in

338 2173 479 2254 scrupulo
504 2183 535 2233 et
558 2172 681 2235 dimidio
706 2173 769 2250 ejus
794 2170 1035 2231 aestimationem
1059 2170 1204 2233 defectus.
1242 2168 1311 2241 Qua
1334 2173 1437 2233 nnain
1457 2191 1490 2233 re
1510 2174 1582 2253 plns
1608 2173 1707 2236 errari

336 2273 439 2345 potest
472 2280 560 2343 quam
584 2263 613 2323 in
638 2261 827 2321 conclusione
860 2260 977 2320 scilicet
1005 2260 1033 2319 in
1068 2258 1224 2321 dianretris
1258 2261 1397 2323 luminum
1431 2261 1557 2324 tolerari
1591 2263 1706 2344 possit,

337 2353 413 2415 adeo
438 2360 470 2413 nt
503 2370 557 2431 per
589 2351 725 2428 dioptras
759 2350 847 2425 longe
880 2349 1002 2427 propius
1045 2348 1233 2410 accedamus.
1284 2348 1364 2411 Nam
1395 2350 1509 2429 digitus
1538 2351 1707 2432 eclipticus

337 2438 401 2524 27,
429 2439 571 2518 scrupula
594 2447 742 2517 occupat;
768 2437 879 2514 digitos
902 2454 973 2496 vero
998 2438 1026 2497 in
1042 2437 1129 2497 Luna
1144 2438 1208 2498 solo
1233 2437 1341 2500 intuitu
1365 2439 1576 2503 aestimamus.
1618 2441 1708 2503 Haec

336 2532 429 2611 igitur
453 2545 523 2587 rere
545 2529 656 2607 μεγαλα
679 2529 743 2586 irae
766 2525 911 2601 ἀιτηματα
935 2535 1014 2585 sunt.

428 2615 570 2679 Ceterum
595 2635 670 2695 qnae
695 2614 835 2675 monuisti
859 2614 974 2693 pridem
998 2614 1035 2674 de
1058 2614 1195 2693 partibus
1209 2614 1314 2675 Lunae
1332 2615 1503 2694 pellucidis,
1530 2619 1708 2698 argumenti

338 2726 410 2790 pars
435 2712 531 2777 erunt,
557 2706 664 2785 quibus
689 2723 744 2782 ego
768 2702 836 2781 plus
861 2701 977 2775 tribuo,
1002 2720 1090 2780 quam
1116 2703 1276 2764 recentiori
1306 2703 1502 2767 admonitioni
1527 2705 1566 2767 de
1592 2706 1709 2770 circuio

339 2793 567 2859 illuminationis
601 2793 725 2865 minori;
757 2811 833 2870 quae
864 2790 1036 2851 differentia
1059 2810 1116 2850 non
1141 2800 1189 2851 est
1222 2792 1360 2854 sensibus
1391 2794 1615 2874 perceptibilis.
1660 2797 1710 2859 Ae

340 2886 398 2947 etsi
423 2883 453 2944 id
477 2881 527 2951 sit,
552 2891 653 2942 tamen
673 2881 750 2941 idem
775 2897 868 2959 prope
884 2879 942 2940 erit
956 2880 985 2940 in
1008 2897 1142 2959 apogaeo
1158 2888 1190 2939 et
1207 2880 1349 2960 perigaeo
1364 2882 1489 2944 Lunae:
1516 2882 1557 2945 ad
1582 2901 1710 2947 sensnm

340 2972 433 3054 igitur
463 2969 534 3030 nihil
568 2969 641 3030 facit
672 2969 790 3029 differre
824 2967 952 3028 circulos
976 2987 1028 3028 seu
1057 2966 1180 3027 cisionis
1211 2987 1262 3028 seu
1295 2969 1525 3034 illuminationis
1549 2992 1570 3034 a
1594 2971 1711 3036 circulo

341 3061 422 3139 globi
446 3059 587 3132 inaximo,
612 3077 677 3118 cum
702 3056 837 3136 utrinqne
862 3066 893 3116 et
916 3056 946 3116 in
971 3074 1105 3135 aprogaeo
1129 3064 1161 3116 et
1184 3056 1212 3117 iu
1236 3058 1378 3137 perigneo
1403 3060 1556 3123 differant.
1605 3061 1712 3125 Exul·

341 3149 492 3212 tabundus
517 3148 635 3226 quidem
658 3147 735 3207 hanc
760 3145 992 3205 admonitionem
1016 3144 1084 3223 legi,
1109 3145 1178 3224 quia
1199 3156 1322 3224 praeter
1354 3157 1485 3211 mentem
1512 3160 1600 3213 tuam
1626 3152 1712 3215 alte·

341 3238 403 3300 rius
428 3236 470 3298 rei
495 3235 648 3296 admoneri
672 3235 806 3306 videbar,
832 3253 907 3312 qnae
932 3234 1003 3294 talis
1028 3241 1092 3294 est:
1118 3236 1236 3312 quando
1252 3234 1339 3297 Luna
1362 3246 1460 3300 totum
1485 3236 1592 3302 Solem
1617 3243 1711 3323 tegit,

343 3346 444 3389 mucro
469 3324 590 3385 umbrae
615 3343 673 3384 non
699 3323 877 3384 terminatur
902 3322 929 3381 in
955 3322 1109 3401 superficie
1133 3322 1216 3384 visus
1240 3324 1293 3384 sed
1312 3325 1391 3387 infra
1415 3328 1585 3392 descendit.
1622 3331 1713 3393 Tunc

287 3447 291 3452 ·
342 3435 414 3498 ergo
438 3415 515 3476 alins
540 3414 667 3474 circulus
692 3421 721 3473 et
747 3410 842 3473 minor
874 3410 993 3490 quidem
1028 3410 1169 3471 terminat
1191 3412 1288 3474 visum
1319 3424 1473 3490 nostrum,
1505 3418 1586 3480 alius
1610 3422 1715 3501 major

342 3516 374 3569 et
397 3504 534 3583 superior
557 3520 663 3581 nempe
688 3502 832 3563 terminat
857 3498 1114 3560 illuminationem.
1154 3496 1270 3562 Contra
1293 3504 1411 3583 quando
1435 3504 1568 3570 circulus
1584 3508 1614 3570 in
1635 3507 1714 3572 Sole

341 3594 535 3674 relinquitur,
574 3592 679 3652 umbra
712 3610 804 3670 supra
841 3587 936 3648 visum
967 3588 997 3648 in
1030 3606 1199 3649 mucronem
1232 3590 1428 3667 absorbetur,
1453 3601 1527 3656 tunc
1552 3598 1657 3678 major
1682 3608 1715 3661 et

340 3684 478 3763 superior
501 3692 549 3741 est
574 3681 702 3741 circulus
727 3699 784 3758 quo
810 3677 892 3737 risus
926 3674 1103 3737 terminatur
1126 3695 1161 3737 eo
1185 3678 1310 3754 circulo,
1345 3699 1403 3761 quo
1427 3685 1615 3749 terminatur
1638 3685 1713 3752 illn-

341 3771 487 3843 minatio;
521 3778 590 3829 tunc
625 3788 695 3845 ergo
729 3768 878 3827 cernimus
901 3763 1005 3825 Lunae
1030 3772 1147 3843 partem
1170 3774 1265 3828 totam
1298 3767 1457 3833 obscuram
1482 3781 1514 3834 et
1545 3785 1715 3854 praeterea

341 3860 485 3922 circulum
522 3856 604 3917 circa
637 3856 718 3916 illam
752 3854 961 3916 illuminatum.
1016 3853 1117 3914 Subiit
1148 3874 1220 3934 ergo
1253 3857 1400 3934 animum,
1435 3881 1473 3921 an
1497 3861 1549 3923 hic
1576 3864 1715 3928 sonasse

343 3947 471 4010 circulus
502 3944 550 4005 ille
583 3944 632 4017 sit,
667 3963 753 4024 quem
786 3961 818 4003 sc
853 3941 877 4003 C
886 3941 1009 4003 larius
1042 3942 1122 4003 circa
1145 3944 1261 4005 Lunam
1294 3946 1407 4009 vidisse
1436 3949 1482 4010 ait
1515 3952 1715 4030 existimans,

342 4045 447 4117 partes
471 4053 538 4095 esse
563 4032 644 4094 Solis
679 4042 839 4102 extantes,
878 4050 943 4090 cunr
982 4028 1090 4090 luerint
1113 4039 1216 4110 partes
1241 4034 1344 4094 Lunae
1376 4035 1492 4099 aSole
1516 4040 1716 4106 illuminatae

342 4132 439 4196 (comp.
480 4137 565 4181 annot.
603 4128 659 4190 80).
711 4121 772 4181 Sed
810 4119 884 4179 hacc
924 4117 1087 4197 phantasia
1129 4138 1162 4179 sc
1202 4122 1268 4199 ipsa
1308 4123 1465 4188 refellitur.
1531 4131 1616 4193 Nam
1656 4133 1717 4196 hoc

346 4214 521 4292 contingere
545 4230 603 4272 nou
627 4219 729 4291 potest
753 4217 786 4271 nt
811 4209 902 4268 talem
927 4206 1069 4267 circulum
1093 4207 1171 4269 circa
1194 4210 1311 4272 Lunam
1339 4213 1512 4292 uideamus,
1537 4219 1599 4282 nisi
1622 4221 1717 4285 simul

343 4312 375 4365 et
398 4321 467 4365 rere
491 4301 668 4362 circularem
684 4297 766 4361 Solis
792 4296 913 4357 limbum
938 4313 1029 4373 supra
1043 4295 1160 4357 Lunam
1184 4317 1339 4363 cernamus
1363 4312 1532 4369 extantem.
1571 4305 1618 4372 Et
1642 4320 1717 4373 tunc

343 4391 447 4454 Lunae
473 4391 569 4451 lumen
601 4388 786 4448 illuminatae
811 4393 1018 4461 comparatum
1053 4383 1153 4447 lumini
1178 4384 1259 4448 Solis
1289 4389 1507 4474 multomagis
1534 4409 1717 4474 evanescet,

345 4499 381 4542 ac
404 4498 495 4540 cornu
519 4478 622 4538 Lunae
647 4477 676 4538 in
711 4477 776 4555 ipso
811 4470 961 4532 novilunio
991 4489 1048 4531 non
1083 4474 1222 4553 ecliptico
1255 4479 1419 4541 evanescit.
1467 4481 1603 4566 Semper
1636 4489 1718 4550 enirn

343 4587 434 4632 cornu
455 4566 639 4645 relinquitur,
660 4575 765 4625 utnon
787 4561 884 4622 dicam
905 4560 942 4618 cle
958 4577 1003 4630 eo,
1024 4562 1102 4638 quod
1125 4562 1294 4625 insensibile
1311 4567 1354 4640 lit,
1376 4568 1521 4650 quidquid
1542 4573 1634 4656 hujus
1656 4589 1717 4640 est.

433 4671 555 4734 Keplerns
575 4684 649 4732 snpra
665 4669 781 4731 temporis
799 4665 906 4728 spatium
922 4661 939 4709 8
956 4665 1148 4727 septimanarum
1167 4672 1337 4725 constituerat.
1355 4688 1403 4737 qno
1419 4674 1540 4739 Optictm
1559 4682 1720 4744 proditam

343 4751 461 4809 speraret.
500 4741 549 4790 Sed
568 4756 618 4789 non
636 4749 665 4787 nt
683 4740 791 4802 sperarit
809 4735 929 4792 successit
947 4735 1029 4791 labor,
1049 4751 1104 4786 cnm
1124 4755 1207 4789 menae
1224 4740 1286 4804 llari
1307 4740 1375 4791 raba
1394 4743 1459 4796 haec
1475 4746 1613 4803 Hermen
1630 4753 1720 4804 m:

433 4832 467 4892 ln
492 4849 557 4889 meo
582 4828 693 4888 salario
719 4825 894 4905 acquiesco,
929 4824 1012 4902 cujus
1045 4827 1179 4888 subsidio
1204 4829 1231 4889 in
1261 4832 1402 4909 operibns
1435 4836 1512 4897 meis
1551 4843 1719 4920 paullatim

344 4919 491 4999 procedo;
516 4917 669 4995 spinosam
695 4913 822 4993 Optices
851 4912 1018 4972 doctrinam
1046 4917 1164 4995 suscepi
1190 4928 1221 4978 et
1244 4920 1311 4997 plns
1340 4922 1378 4981 de
1401 4922 1654 5006 Paralipomenis
1677 4933 1720 4995 ad

347 5005 541 5068 Vitellionem
566 5023 654 5084 quarn
678 5005 715 5064 de
740 5001 943 5063 astronomiae
966 5013 1053 5079 parte
1077 5001 1190 5083 Optica
1212 5023 1279 5068 snm
1302 5010 1463 5073 sollicitus.
1503 5015 1612 5081 Iucu
1636 5021 1721 5084 im·
