<?xml version="1.0" encoding="UTF-8"?>
<!DOCTYPE html PUBLIC "-//W3C//DTD XHTML 1.0 Transitional//EN"
    "http://www.w3.org/TR/xhtml1/DTD/xhtml1-transitional.dtd">
<html xmlns="http://www.w3.org/1999/xhtml" xml:lang="en" lang="en">
 <head>
  <title>
</title>
<meta http-equiv="Content-Type" content="text/html;charset=utf-8" />
  <meta name='ocr-system' content='tesseract 3.04.00' />
  <meta name='ocr-capabilities' content='ocr_page ocr_carea ocr_par ocr_line ocrx_word'/>
</head>
<body>
  <div class='ocr_page' id='page_1' title='image "./joanniskepleria01frisgoog/joanniskepleria01frisgoog_0043.png"; bbox 0 0 3692 5842; ppageno 0'>
   <div class='ocr_carea' id='block_1_1' title="bbox 557 482 1492 556">
    <p class='ocr_par' dir='ltr' id='par_1_1' title="bbox 557 482 1492 556">
     <span class='ocr_line' id='line_1_1' title="bbox 557 482 1492 556; baseline 0.004 -16"><span class='ocrx_word' id='word_1_1' title='bbox 557 499 566 532; x_wconf 67' lang='grc' dir='ltr'><strong>ε</strong></span> <span class='ocrx_word' id='word_1_2' title='bbox 680 482 946 555; x_wconf 68' lang='lat' dir='ltr'><strong>assonam·</strong></span> <span class='ocrx_word' id='word_1_3' title='bbox 1045 484 1070 528; x_wconf 56' lang='grc' dir='ltr'><strong>ῥῑ</strong></span> <span class='ocrx_word' id='word_1_4' title='bbox 1451 485 1492 556; x_wconf 75' lang='lat' dir='ltr'><strong>aa</strong></span> 
     </span>
    </p>
   </div>
   <div class='ocr_carea' id='block_1_2' title="bbox 137 659 1498 921">
    <p class='ocr_par' dir='ltr' id='par_1_2' title="bbox 137 659 1498 921">
     <span class='ocr_line' id='line_1_2' title="bbox 138 659 1498 745; baseline 0.007 -25"><span class='ocrx_word' id='word_1_5' title='bbox 138 676 285 722; x_wconf 85' lang='lat' dir='ltr'><strong>mensura</strong></span> <span class='ocrx_word' id='word_1_6' title='bbox 307 659 384 723; x_wconf 89' lang='lat' dir='ltr'><strong>haec</strong></span> <span class='ocrx_word' id='word_1_7' title='bbox 407 661 497 738; x_wconf 83' lang='lat' dir='ltr'><strong>dicet,</strong></span> <span class='ocrx_word' id='word_1_8' title='bbox 523 663 553 725; x_wconf 92' lang='lat' dir='ltr'><strong>in</strong></span> <span class='ocrx_word' id='word_1_9' title='bbox 567 663 683 724; x_wconf 86' lang='lat' dir='ltr'><strong>vertice</strong></span> <span class='ocrx_word' id='word_1_10' title='bbox 706 661 880 725; x_wconf 81' lang='lat' dir='ltr'><strong>sumendam</strong></span> <span class='ocrx_word' id='word_1_11' title='bbox 896 683 964 725; x_wconf 86' lang='lat' dir='ltr'><strong>esse</strong></span> <span class='ocrx_word' id='word_1_12' title='bbox 987 662 1104 745; x_wconf 73' lang='lat' dir='ltr'><strong>parturn</strong></span> <span class='ocrx_word' id='word_1_13' title='bbox 1126 662 1498 730; x_wconf 80' lang='lat' dir='ltr'><strong>horizoutolis&#39;retractio-</strong></span> 
     </span>
     <span class='ocr_line' id='line_1_3' title="bbox 137 749 411 813; baseline 0.011 -5"><span class='ocrx_word' id='word_1_14' title='bbox 137 749 186 809; x_wconf 90' lang='lat' dir='ltr'><strong>uis</strong></span> <span class='ocrx_word' id='word_1_15' title='bbox 208 750 411 813; x_wconf 86' lang='lat' dir='ltr'><strong>nullesimam.</strong></span> 
     </span>
     <span class='ocr_line' id='line_1_4' title="bbox 227 837 1498 921; baseline 0.005 -22"><span class='ocrx_word' id='word_1_16' title='bbox 227 837 432 901; x_wconf 77' lang='lat' dir='ltr'>Exerceamur</span> <span class='ocrx_word' id='word_1_17' title='bbox 455 838 484 901; x_wconf 93' lang='lat' dir='ltr'><strong>in</strong></span> <span class='ocrx_word' id='word_1_18' title='bbox 508 839 566 902; x_wconf 91' lang='lat' dir='ltr'><strong>hoc</strong></span> <span class='ocrx_word' id='word_1_19' title='bbox 588 840 795 920; x_wconf 79' lang='lat' dir='ltr'>problemate:</span> <span class='ocrx_word' id='word_1_20' title='bbox 821 841 862 903; x_wconf 90' lang='lat' dir='ltr'><strong>sit</strong></span> <span class='ocrx_word' id='word_1_21' title='bbox 885 841 1039 921; x_wconf 84' lang='lat' dir='ltr'><strong>proportio</strong></span> <span class='ocrx_word' id='word_1_22' title='bbox 1063 840 1255 905; x_wconf 90' lang='lat' dir='ltr'><strong>retractionis</strong></span> <span class='ocrx_word' id='word_1_23' title='bbox 1278 843 1308 906; x_wconf 89' lang='lat' dir='ltr'><strong>in</strong></span> <span class='ocrx_word' id='word_1_24' title='bbox 1334 841 1359 906; x_wconf 85' lang='grc'>0</span> <span class='ocrx_word' id='word_1_25' title='bbox 1383 843 1423 905; x_wconf 89' lang='lat' dir='ltr'><strong>ad</strong></span> <span class='ocrx_word' id='word_1_26' title='bbox 1446 862 1498 907; x_wconf 90' lang='lat' dir='ltr'><strong>re·</strong></span> 
     </span>
    </p>
   </div>
   <div class='ocr_carea' id='block_1_3' title="bbox 128 925 1499 1012">
    <p class='ocr_par' dir='ltr' id='par_1_3' title="bbox 128 925 1499 1012">
     <span class='ocr_line' id='line_1_5' title="bbox 128 925 1499 1012; baseline 0.004 -24"><span class='ocrx_word' id='word_1_27' title='bbox 128 925 320 990; x_wconf 80' lang='lat' dir='ltr'><strong>tractionem</strong></span> <span class='ocrx_word' id='word_1_28' title='bbox 351 927 383 989; x_wconf 91' lang='lat' dir='ltr'><strong>in</strong></span> <span class='ocrx_word' id='word_1_29' title='bbox 404 927 433 989; x_wconf 85' lang='grc' dir='ltr'>Ε</span> <span class='ocrx_word' id='word_1_30' title='bbox 457 947 504 1001; x_wconf 92' lang='lat' dir='ltr'><strong>ea,</strong></span> <span class='ocrx_word' id='word_1_31' title='bbox 535 946 612 1009; x_wconf 88' lang='lat' dir='ltr'><strong>quae</strong></span> <span class='ocrx_word' id='word_1_32' title='bbox 637 926 681 992; x_wconf 89' lang='grc'><strong>60</strong></span> <span class='ocrx_word' id='word_1_33' title='bbox 705 929 744 988; x_wconf 91' lang='lat' dir='ltr'><strong>ad</strong></span> <span class='ocrx_word' id='word_1_34' title='bbox 768 926 822 992; x_wconf 81' lang='grc'><strong>43.</strong></span> <span class='ocrx_word' id='word_1_35' title='bbox 869 929 967 992; x_wconf 85' lang='lat' dir='ltr'><strong>Auter</strong></span> <span class='ocrx_word' id='word_1_36' title='bbox 996 930 1036 992; x_wconf 90' lang='lat' dir='ltr'><strong>ab</strong></span> <span class='ocrx_word' id='word_1_37' title='bbox 1059 931 1115 993; x_wconf 88' lang='lat' dir='ltr'><strong>hau</strong></span> <span class='ocrx_word' id='word_1_38' title='bbox 1146 932 1371 1012; x_wconf 82' lang='lat' dir='ltr'><strong>proportionem</strong></span> <span class='ocrx_word' id='word_1_39' title='bbox 1395 931 1499 1010; x_wconf 79' lang='lat' dir='ltr'><strong>anguli</strong></span> 
     </span>
    </p>
   </div>
   <div class='ocr_carea' id='block_1_4' title="bbox 702 1013 1493 1083">
    <p class='ocr_par' dir='ltr' id='par_1_4' title="bbox 702 1013 1493 1083">
     <span class='ocr_line' id='line_1_6' title="bbox 702 1013 1493 1083; baseline 0.006 -19"><span class='ocrx_word' id='word_1_40' title='bbox 702 1014 736 1066; x_wconf 87' lang='lat' dir='ltr'><strong>ae</strong></span> <span class='ocrx_word' id='word_1_41' title='bbox 775 1013 810 1064; x_wconf 77' lang='lat' dir='ltr'><strong>aa</strong></span> <span class='ocrx_word' id='word_1_42' title='bbox 920 1013 979 1077; x_wconf 72' lang='lat' dir='ltr'><strong>aru</strong></span> <span class='ocrx_word' id='word_1_43' title='bbox 1427 1016 1493 1083; x_wconf 77' lang='lat' dir='ltr'><strong>osy,</strong></span> 
     </span>
    </p>
   </div>
   <div class='ocr_carea' id='block_1_5' title="bbox 90 1030 1498 1224">
    <p class='ocr_par' dir='ltr' id='par_1_5' title="bbox 90 1030 1498 1224">
     <span class='ocr_line' id='line_1_7' title="bbox 90 1030 1498 1159; baseline 0.003 -46"><span class='ocrx_word' id='word_1_44' title='bbox 90 1061 100 1077; x_wconf 84' lang='lat'><em>&#39;</em></span> <span class='ocrx_word' id='word_1_45' title='bbox 136 1049 224 1113; x_wconf 83' lang='lat' dir='ltr'><strong>BDE</strong></span> <span class='ocrx_word' id='word_1_46' title='bbox 257 1050 297 1113; x_wconf 90' lang='lat' dir='ltr'><strong>ad</strong></span> <span class='ocrx_word' id='word_1_47' title='bbox 334 1052 475 1133; x_wconf 77' lang='lat' dir='ltr'><strong>angulum</strong></span> <span class='ocrx_word' id='word_1_48' title='bbox 501 1030 602 1129; x_wconf 79' lang='lat' dir='ltr'><strong>End,</strong></span> <span class='ocrx_word' id='word_1_49' title='bbox 633 1072 677 1116; x_wconf 90' lang='lat' dir='ltr'><strong>sc.</strong></span> <span class='ocrx_word' id='word_1_50' title='bbox 701 1071 751 1154; x_wconf 71' lang='lat'>9—⁰;</span> <span class='ocrx_word' id='word_1_51' title='bbox 774 1084 810 1155; x_wconf 54' lang='grc' dir='ltr'><strong><em>ὦ</em></strong></span> <span class='ocrx_word' id='word_1_52' title='bbox 838 1062 886 1116; x_wconf 98' lang='grc' dir='ltr'><strong>εει</strong></span> <span class='ocrx_word' id='word_1_53' title='bbox 919 1051 1006 1156; x_wconf 51' lang='lat'><strong>350³,</strong></span> <span class='ocrx_word' id='word_1_54' title='bbox 1048 1074 1120 1134; x_wconf 83' lang='lat' dir='ltr'><strong>ergo</strong></span> <span class='ocrx_word' id='word_1_55' title='bbox 1152 1054 1304 1118; x_wconf 90' lang='lat' dir='ltr'><strong>residuum</strong></span> <span class='ocrx_word' id='word_1_56' title='bbox 1337 1055 1396 1118; x_wconf 91' lang='lat' dir='ltr'><strong>erit</strong></span> <span class='ocrx_word' id='word_1_57' title='bbox 1427 1087 1498 1159; x_wconf 57' lang='grc' dir='ltr'><strong>-ΘῙ</strong></span> 
     </span>
     <span class='ocr_line' id='line_1_8' title="bbox 212 1171 265 1224; baseline 0.019 -1"><span class='ocrx_word' id='word_1_58' title='bbox 212 1171 265 1224; x_wconf 70' lang='grc'><strong>129</strong></span> 
     </span>
    </p>
   </div>
   <div class='ocr_carea' id='block_1_6' title="bbox 135 1208 1585 1309">
    <p class='ocr_par' dir='ltr' id='par_1_6' title="bbox 135 1208 1585 1309">
     <span class='ocr_line' id='line_1_9' title="bbox 135 1208 1585 1309; baseline 0.006 -40"><span class='ocrx_word' id='word_1_59' title='bbox 135 1208 187 1271; x_wconf 81' lang='lat' dir='ltr'><strong>rel</strong></span> <span class='ocrx_word' id='word_1_60' title='bbox 211 1241 267 1255; x_wconf 85' lang='lat'><strong>—</strong></span> <span class='ocrx_word' id='word_1_61' title='bbox 332 1209 505 1290; x_wconf 85' lang='lat' dir='ltr'><strong>Longitudo</strong></span> <span class='ocrx_word' id='word_1_62' title='bbox 536 1209 630 1292; x_wconf 82' lang='lat' dir='ltr'><strong>igitur</strong></span> <span class='ocrx_word' id='word_1_63' title='bbox 659 1210 805 1272; x_wconf 90' lang='lat' dir='ltr'><strong>lineamm</strong></span> <span class='ocrx_word' id='word_1_64' title='bbox 828 1208 899 1286; x_wconf 85' lang='lat' dir='ltr'><strong>Dc,</strong></span> <span class='ocrx_word' id='word_1_65' title='bbox 934 1210 990 1273; x_wconf 86' lang='lat' dir='ltr'><strong>DE</strong></span> <span class='ocrx_word' id='word_1_66' title='bbox 1014 1213 1159 1275; x_wconf 80' lang='lat' dir='ltr'><strong>statuitur</strong></span> <span class='ocrx_word' id='word_1_67' title='bbox 1183 1209 1260 1289; x_wconf 79' lang='lat'><strong>178,</strong></span> <span class='ocrx_word' id='word_1_68' title='bbox 1287 1209 1369 1290; x_wconf 77' lang='lat'><strong>1293</strong></span> <span class='ocrx_word' id='word_1_69' title='bbox 1403 1232 1499 1295; x_wconf 85' lang='lat' dir='ltr'><strong>quae·</strong></span> <span class='ocrx_word' id='word_1_70' title='bbox 1584 1306 1585 1309; x_wconf 7' lang='grc' dir='ltr'><strong>Ἴ</strong></span> 
     </span>
    </p>
   </div>
   <div class='ocr_carea' id='block_1_7' title="bbox 137 1260 1501 1597">
    <p class='ocr_par' dir='ltr' id='par_1_7' title="bbox 137 1260 1501 1597">
     <span class='ocr_line' id='line_1_10' title="bbox 138 1260 1501 1419; baseline 0.002 -21"><span class='ocrx_word' id='word_1_71' title='bbox 138 1260 310 1398; x_wconf 59' lang='lat' dir='ltr'><strong>riturwssD.</strong></span> <span class='ocrx_word' id='word_1_72' title='bbox 355 1333 406 1397; x_wconf 91' lang='lat' dir='ltr'><strong>Ita</strong></span> <span class='ocrx_word' id='word_1_73' title='bbox 428 1334 531 1415; x_wconf 89' lang='lat' dir='ltr'><strong>posita</strong></span> <span class='ocrx_word' id='word_1_74' title='bbox 554 1334 748 1397; x_wconf 84' lang='lat' dir='ltr'><strong>inclinatione</strong></span> <span class='ocrx_word' id='word_1_75' title='bbox 771 1333 846 1410; x_wconf 86' lang='lat' dir='ltr'><strong>DE,</strong></span> <span class='ocrx_word' id='word_1_76' title='bbox 871 1335 919 1397; x_wconf 89' lang='lat' dir='ltr'><strong>vel</strong></span> <span class='ocrx_word' id='word_1_77' title='bbox 944 1337 1054 1415; x_wconf 86' lang='lat' dir='ltr'><strong>angulo</strong></span> <span class='ocrx_word' id='word_1_78' title='bbox 1072 1335 1156 1398; x_wconf 84' lang='lat' dir='ltr'><strong>BDE</strong></span> <span class='ocrx_word' id='word_1_79' title='bbox 1175 1332 1245 1413; x_wconf 74' lang='lat'><strong>70⁰,</strong></span> <span class='ocrx_word' id='word_1_80' title='bbox 1271 1337 1374 1419; x_wconf 89' lang='lat' dir='ltr'><strong>Tycho</strong></span> <span class='ocrx_word' id='word_1_81' title='bbox 1398 1336 1501 1418; x_wconf 87' lang='lat' dir='ltr'><strong>prodit</strong></span> 
     </span>
     <span class='ocr_line' id='line_1_11' title="bbox 137 1421 1498 1503; baseline 0.004 -18"><span class='ocrx_word' id='word_1_82' title='bbox 137 1423 356 1486; x_wconf 86' lang='lat' dir='ltr'><strong>retractionem</strong></span> <span class='ocrx_word' id='word_1_83' title='bbox 380 1423 409 1485; x_wconf 94' lang='lat' dir='ltr'><strong>in</strong></span> <span class='ocrx_word' id='word_1_84' title='bbox 432 1425 459 1485; x_wconf 86' lang='lat' dir='ltr'>E</span> <span class='ocrx_word' id='word_1_85' title='bbox 483 1422 526 1501; x_wconf 81' lang='grc' dir='ltr'><strong>θ’,</strong></span> <span class='ocrx_word' id='word_1_86' title='bbox 550 1422 580 1486; x_wconf 94' lang='lat' dir='ltr'><strong>in</strong></span> <span class='ocrx_word' id='word_1_87' title='bbox 606 1422 630 1487; x_wconf 84' lang='lat' dir='ltr'>C</span> <span class='ocrx_word' id='word_1_88' title='bbox 656 1421 720 1487; x_wconf 75' lang='lat'><strong>30⁴.</strong></span> <span class='ocrx_word' id='word_1_89' title='bbox 766 1423 834 1485; x_wconf 84' lang='lat' dir='ltr'><strong>lluc</strong></span> <span class='ocrx_word' id='word_1_90' title='bbox 852 1424 918 1503; x_wconf 87' lang='lat' dir='ltr'><strong>jam</strong></span> <span class='ocrx_word' id='word_1_91' title='bbox 942 1425 1056 1486; x_wconf 90' lang='lat' dir='ltr'><strong>nullam</strong></span> <span class='ocrx_word' id='word_1_92' title='bbox 1079 1424 1214 1487; x_wconf 84' lang='lat' dir='ltr'><strong>admittit</strong></span> <span class='ocrx_word' id='word_1_93' title='bbox 1236 1427 1498 1503; x_wconf 88' lang='lat' dir='ltr'><strong>rueusurationem,</strong></span> 
     </span>
     <span class='ocr_line' id='line_1_12' title="bbox 139 1510 1500 1597; baseline 0.002 -23"><span class='ocrx_word' id='word_1_94' title='bbox 139 1510 237 1574; x_wconf 88' lang='lat' dir='ltr'><strong>debet</strong></span> <span class='ocrx_word' id='word_1_95' title='bbox 259 1531 377 1592; x_wconf 88' lang='lat' dir='ltr'><strong>nempe,</strong></span> <span class='ocrx_word' id='word_1_96' title='bbox 403 1514 505 1595; x_wconf 90' lang='lat' dir='ltr'><strong>optica</strong></span> <span class='ocrx_word' id='word_1_97' title='bbox 527 1512 665 1588; x_wconf 88' lang='lat' dir='ltr'><strong>docente,</strong></span> <span class='ocrx_word' id='word_1_98' title='bbox 690 1512 834 1574; x_wconf 77' lang='lat' dir='ltr'><strong>retractio</strong></span> <span class='ocrx_word' id='word_1_99' title='bbox 857 1514 887 1573; x_wconf 92' lang='lat' dir='ltr'><strong>in</strong></span> <span class='ocrx_word' id='word_1_100' title='bbox 911 1513 977 1594; x_wconf 90' lang='lat' dir='ltr'><strong>ipso</strong></span> <span class='ocrx_word' id='word_1_101' title='bbox 1001 1514 1123 1575; x_wconf 90' lang='lat' dir='ltr'><strong>tandem</strong></span> <span class='ocrx_word' id='word_1_102' title='bbox 1138 1514 1251 1577; x_wconf 86' lang='lat' dir='ltr'><strong>vertice</strong></span> <span class='ocrx_word' id='word_1_103' title='bbox 1273 1516 1394 1597; x_wconf 88' lang='lat' dir='ltr'><strong>penitus</strong></span> <span class='ocrx_word' id='word_1_104' title='bbox 1410 1515 1500 1577; x_wconf 89' lang='lat' dir='ltr'><strong>anni·</strong></span> 
     </span>
    </p>
   </div>
   <div class='ocr_carea' id='block_1_8' title="bbox 137 1599 1501 1684">
    <p class='ocr_par' dir='ltr' id='par_1_8' title="bbox 137 1599 1501 1684">
     <span class='ocr_line' id='line_1_13' title="bbox 137 1599 1501 1684; baseline 0.003 -22"><span class='ocrx_word' id='word_1_105' title='bbox 137 1600 239 1663; x_wconf 85' lang='lat' dir='ltr'><strong>hilari.</strong></span> <span class='ocrx_word' id='word_1_106' title='bbox 284 1599 367 1681; x_wconf 80' lang='lat' dir='ltr'><strong>Ergo</strong></span> <span class='ocrx_word' id='word_1_107' title='bbox 390 1621 446 1664; x_wconf 91' lang='lat' dir='ltr'><strong>nos</strong></span> <span class='ocrx_word' id='word_1_108' title='bbox 470 1608 652 1676; x_wconf 83' lang='lat' dir='ltr'><strong>statuamus,</strong></span> <span class='ocrx_word' id='word_1_109' title='bbox 675 1600 886 1663; x_wconf 87' lang='lat' dir='ltr'><strong>retractionem</strong></span> <span class='ocrx_word' id='word_1_110' title='bbox 911 1601 983 1664; x_wconf 86' lang='lat' dir='ltr'>qu</span> <span class='ocrx_word' id='word_1_111' title='bbox 1007 1622 1074 1664; x_wconf 89' lang='lat' dir='ltr'><strong>esse</strong></span> <span class='ocrx_word' id='word_1_112' title='bbox 1101 1600 1141 1674; x_wconf 78' lang='grc' dir='ltr'><strong>ι’,</strong></span> <span class='ocrx_word' id='word_1_113' title='bbox 1165 1602 1242 1684; x_wconf 89' lang='lat' dir='ltr'><strong>quod</strong></span> <span class='ocrx_word' id='word_1_114' title='bbox 1268 1603 1390 1666; x_wconf 89' lang='lat' dir='ltr'><strong>tolerari</strong></span> <span class='ocrx_word' id='word_1_115' title='bbox 1408 1603 1501 1683; x_wconf 78' lang='lat' dir='ltr'><strong>juxta</strong></span> 
     </span>
    </p>
   </div>
   <div class='ocr_carea' id='block_1_9' title="bbox 136 1687 1500 1829">
    <p class='ocr_par' dir='ltr' id='par_1_9' title="bbox 136 1687 1500 1829">
     <span class='ocr_line' id='line_1_14' title="bbox 136 1687 1500 1829; baseline 0.003 -43"><span class='ocrx_word' id='word_1_116' title='bbox 136 1711 348 1805; x_wconf 86' lang='lat' dir='ltr'><strong>experimenta</strong></span> <span class='ocrx_word' id='word_1_117' title='bbox 379 1725 531 1806; x_wconf 73' lang='lat' dir='ltr'><strong>Typhonis</strong></span> <span class='ocrx_word' id='word_1_118' title='bbox 563 1731 676 1803; x_wconf 83' lang='lat' dir='ltr'><strong>polest</strong></span> <span class='ocrx_word' id='word_1_119' title='bbox 721 1725 819 1787; x_wconf 85' lang='lat' dir='ltr'><strong>Aufer</strong></span> <span class='ocrx_word' id='word_1_120' title='bbox 850 1726 1074 1806; x_wconf 90' lang='lat' dir='ltr'><strong>proportionem</strong></span> <span class='ocrx_word' id='word_1_121' title='bbox 1098 1687 1133 1828; x_wconf 61' lang='lat' dir='ltr'><strong>{g</strong></span> <span class='ocrx_word' id='word_1_122' title='bbox 1156 1747 1175 1788; x_wconf 91' lang='lat' dir='ltr'><strong>a</strong></span> <span class='ocrx_word' id='word_1_123' title='bbox 1197 1728 1390 1807; x_wconf 78' lang='lat' dir='ltr'><strong>proportione</strong></span> <span class='ocrx_word' id='word_1_124' title='bbox 1405 1692 1500 1829; x_wconf 57' lang='grc' dir='ltr'><strong>ἐ-υνεὶ</strong></span> 
     </span>
    </p>
   </div>
   <div class='ocr_carea' id='block_1_10' title="bbox 136 1844 1499 1988">
    <p class='ocr_par' dir='ltr' id='par_1_10' title="bbox 136 1844 1499 1988">
     <span class='ocr_line' id='line_1_15' title="bbox 136 1844 1499 1988; baseline 0.004 -42"><span class='ocrx_word' id='word_1_125' title='bbox 136 1916 192 1988; x_wconf 54' lang='lat'><strong>56,</strong></span> <span class='ocrx_word' id='word_1_126' title='bbox 216 1892 316 1948; x_wconf 86' lang='lat' dir='ltr'><strong>restat</strong></span> <span class='ocrx_word' id='word_1_127' title='bbox 338 1844 381 1986; x_wconf 51' lang='grc' dir='ltr'><strong>ἕο.</strong></span> <span class='ocrx_word' id='word_1_128' title='bbox 429 1883 570 1956; x_wconf 87' lang='lat' dir='ltr'><strong>Qualium</strong></span> <span class='ocrx_word' id='word_1_129' title='bbox 602 1900 675 1965; x_wconf 80' lang='lat' dir='ltr'><strong>ergo</strong></span> <span class='ocrx_word' id='word_1_130' title='bbox 705 1882 762 1946; x_wconf 85' lang='lat' dir='ltr'><strong>DC</strong></span> <span class='ocrx_word' id='word_1_131' title='bbox 796 1882 838 1947; x_wconf 84' lang='lat'><strong>70</strong></span> <span class='ocrx_word' id='word_1_132' title='bbox 870 1887 935 1959; x_wconf 88' lang='lat' dir='ltr'><strong>(vel</strong></span> <span class='ocrx_word' id='word_1_133' title='bbox 962 1885 1055 1964; x_wconf 83' lang='lat'><strong>178),</strong></span> <span class='ocrx_word' id='word_1_134' title='bbox 1088 1886 1192 1949; x_wconf 89' lang='lat' dir='ltr'><strong>talium</strong></span> <span class='ocrx_word' id='word_1_135' title='bbox 1215 1887 1272 1949; x_wconf 83' lang='lat' dir='ltr'><strong>DE</strong></span> <span class='ocrx_word' id='word_1_136' title='bbox 1305 1888 1450 1951; x_wconf 90' lang='lat' dir='ltr'><strong>statuitur</strong></span> <span class='ocrx_word' id='word_1_137' title='bbox 1478 1884 1499 1952; x_wconf 84' lang='grc'>3</span> 
     </span>
    </p>
   </div>
   <div class='ocr_carea' id='block_1_11' title="bbox 137 2006 1500 2252">
    <p class='ocr_par' dir='ltr' id='par_1_11' title="bbox 137 2006 1500 2252">
     <span class='ocr_line' id='line_1_16' title="bbox 137 2006 1500 2147; baseline 0.003 -41"><span class='ocrx_word' id='word_1_138' title='bbox 137 2045 204 2121; x_wconf 85' lang='lat' dir='ltr'><strong>(vel</strong></span> <span class='ocrx_word' id='word_1_139' title='bbox 232 2044 252 2108; x_wconf 82' lang='lat'>7</span> <span class='ocrx_word' id='word_1_140' title='bbox 281 2006 348 2147; x_wconf 52' lang='grc' dir='ltr'><strong>ζ-ἓ).</strong></span> <span class='ocrx_word' id='word_1_141' title='bbox 386 2042 421 2107; x_wconf 91' lang='lat' dir='ltr'><strong>Si</strong></span> <span class='ocrx_word' id='word_1_142' title='bbox 445 2064 516 2127; x_wconf 86' lang='lat' dir='ltr'><strong>ergo</strong></span> <span class='ocrx_word' id='word_1_143' title='bbox 539 2045 596 2107; x_wconf 92' lang='lat' dir='ltr'><strong>hoc</strong></span> <span class='ocrx_word' id='word_1_144' title='bbox 619 2052 709 2125; x_wconf 90' lang='lat' dir='ltr'><strong>pacto</strong></span> <span class='ocrx_word' id='word_1_145' title='bbox 723 2043 780 2106; x_wconf 91' lang='lat' dir='ltr'><strong>BD</strong></span> <span class='ocrx_word' id='word_1_146' title='bbox 799 2063 918 2124; x_wconf 90' lang='lat' dir='ltr'><strong>semper</strong></span> <span class='ocrx_word' id='word_1_147' title='bbox 942 2044 1047 2107; x_wconf 88' lang='lat' dir='ltr'><strong>eadem</strong></span> <span class='ocrx_word' id='word_1_148' title='bbox 1070 2045 1181 2127; x_wconf 90' lang='lat' dir='ltr'><strong>prodit,</strong></span> <span class='ocrx_word' id='word_1_149' title='bbox 1205 2054 1276 2109; x_wconf 87' lang='lat' dir='ltr'><strong>tunc</strong></span> <span class='ocrx_word' id='word_1_150' title='bbox 1300 2046 1375 2109; x_wconf 87' lang='lat' dir='ltr'><strong>haec</strong></span> <span class='ocrx_word' id='word_1_151' title='bbox 1398 2045 1500 2129; x_wconf 85' lang='lat' dir='ltr'><strong>posita</strong></span> 
     </span>
     <span class='ocr_line' id='line_1_17' title="bbox 137 2167 1270 2252; baseline -0.002 -19"><span class='ocrx_word' id='word_1_152' title='bbox 137 2189 283 2234; x_wconf 88' lang='lat' dir='ltr'><strong>mensura</strong></span> <span class='ocrx_word' id='word_1_153' title='bbox 304 2167 498 2232; x_wconf 80' lang='lat' dir='ltr'><strong>retractionis</strong></span> <span class='ocrx_word' id='word_1_154' title='bbox 522 2168 685 2230; x_wconf 87' lang='lat' dir='ltr'><strong>conciliata</strong></span> <span class='ocrx_word' id='word_1_155' title='bbox 708 2176 757 2229; x_wconf 87' lang='lat' dir='ltr'><strong>est</strong></span> <span class='ocrx_word' id='word_1_156' title='bbox 779 2186 848 2228; x_wconf 89' lang='lat' dir='ltr'><strong>cum</strong></span> <span class='ocrx_word' id='word_1_157' title='bbox 872 2167 1085 2250; x_wconf 81' lang='lat' dir='ltr'><strong>experimentis</strong></span> <span class='ocrx_word' id='word_1_158' title='bbox 1108 2169 1270 2252; x_wconf 74' lang='lat' dir='ltr'><strong>tychonis.</strong></span> 
     </span>
    </p>
   </div>
   <div class='ocr_carea' id='block_1_12' title="bbox 229 2306 1286 2374">
    <p class='ocr_par' dir='ltr' id='par_1_12' title="bbox 229 2306 1286 2374">
     <span class='ocr_line' id='line_1_18' title="bbox 229 2306 1286 2374; baseline 0.001 -13"><span class='ocrx_word' id='word_1_159' title='bbox 229 2309 320 2362; x_wconf 79' lang='lat' dir='ltr'><strong>literis</strong></span> <span class='ocrx_word' id='word_1_160' title='bbox 336 2308 463 2361; x_wconf 75' lang='lat' dir='ltr'><strong>Maeatlini</strong></span> <span class='ocrx_word' id='word_1_161' title='bbox 483 2309 609 2374; x_wconf 88' lang='lat' dir='ltr'><strong>respondit</strong></span> <span class='ocrx_word' id='word_1_162' title='bbox 624 2309 748 2374; x_wconf 85' lang='lat' dir='ltr'><strong>Keplerus</strong></span> <span class='ocrx_word' id='word_1_163' title='bbox 766 2309 791 2358; x_wconf 89' lang='lat' dir='ltr'><strong>d.</strong></span> <span class='ocrx_word' id='word_1_164' title='bbox 810 2306 851 2358; x_wconf 78' lang='grc'><strong>22.</strong></span> <span class='ocrx_word' id='word_1_165' title='bbox 871 2309 935 2360; x_wconf 87' lang='lat' dir='ltr'><strong>Dec.</strong></span> <span class='ocrx_word' id='word_1_166' title='bbox 958 2306 1025 2359; x_wconf 83' lang='lat' dir='ltr'><strong>tttt</strong></span> <span class='ocrx_word' id='word_1_167' title='bbox 1041 2312 1108 2363; x_wconf 87' lang='lat' dir='ltr'><strong>hunc</strong></span> <span class='ocrx_word' id='word_1_168' title='bbox 1125 2312 1151 2361; x_wconf 91' lang='lat' dir='ltr'><strong>in</strong></span> <span class='ocrx_word' id='word_1_169' title='bbox 1170 2309 1286 2362; x_wconf 85' lang='lat' dir='ltr'><strong>modum:</strong></span> 
     </span>
    </p>
   </div>
   <div class='ocr_carea' id='block_1_13' title="bbox 136 2414 1499 3828">
    <p class='ocr_par' dir='ltr' id='par_1_13' title="bbox 136 2414 1499 3738">
     <span class='ocr_line' id='line_1_19' title="bbox 228 2414 1498 2499; baseline 0.002 -18"><span class='ocrx_word' id='word_1_170' title='bbox 228 2417 352 2481; x_wconf 88' lang='lat' dir='ltr'><strong>Literas</strong></span> <span class='ocrx_word' id='word_1_171' title='bbox 375 2426 456 2492; x_wconf 88' lang='lat' dir='ltr'><strong>tuas,</strong></span> <span class='ocrx_word' id='word_1_172' title='bbox 481 2416 657 2481; x_wconf 78' lang='lat' dir='ltr'><strong>clarissime</strong></span> <span class='ocrx_word' id='word_1_173' title='bbox 681 2417 735 2490; x_wconf 89' lang='lat' dir='ltr'><strong>vir,</strong></span> <span class='ocrx_word' id='word_1_174' title='bbox 759 2414 811 2481; x_wconf 84' lang='lat'><strong>21.</strong></span> <span class='ocrx_word' id='word_1_175' title='bbox 828 2417 916 2497; x_wconf 88' lang='lat' dir='ltr'><strong>Sept.</strong></span> <span class='ocrx_word' id='word_1_176' title='bbox 942 2424 973 2479; x_wconf 91' lang='lat' dir='ltr'><strong>et</strong></span> <span class='ocrx_word' id='word_1_177' title='bbox 997 2417 1027 2480; x_wconf 89' lang='lat'><strong>5.</strong></span> <span class='ocrx_word' id='word_1_178' title='bbox 1043 2417 1111 2481; x_wconf 89' lang='lat' dir='ltr'><strong>Oct.</strong></span> <span class='ocrx_word' id='word_1_179' title='bbox 1135 2418 1266 2498; x_wconf 89' lang='lat' dir='ltr'><strong>scriptas</strong></span> <span class='ocrx_word' id='word_1_180' title='bbox 1290 2418 1394 2499; x_wconf 88' lang='lat' dir='ltr'><strong>accepi</strong></span> <span class='ocrx_word' id='word_1_181' title='bbox 1418 2417 1498 2499; x_wconf 80' lang='lat' dir='ltr'><strong>legi·</strong></span> 
     </span>
     <span class='ocr_line' id='line_1_20' title="bbox 139 2504 1499 2590; baseline 0 -20"><span class='ocrx_word' id='word_1_182' title='bbox 139 2528 198 2590; x_wconf 91' lang='lat' dir='ltr'><strong>que</strong></span> <span class='ocrx_word' id='word_1_183' title='bbox 221 2527 334 2588; x_wconf 83' lang='lat' dir='ltr'><strong>magua</strong></span> <span class='ocrx_word' id='word_1_184' title='bbox 356 2527 424 2569; x_wconf 91' lang='lat' dir='ltr'><strong>cum</strong></span> <span class='ocrx_word' id='word_1_185' title='bbox 446 2508 614 2587; x_wconf 90' lang='lat' dir='ltr'><strong>voluptate.</strong></span> <span class='ocrx_word' id='word_1_186' title='bbox 659 2504 730 2567; x_wconf 86' lang='lat' dir='ltr'><strong>Etsi</strong></span> <span class='ocrx_word' id='word_1_187' title='bbox 748 2525 819 2568; x_wconf 85' lang='lat' dir='ltr'><strong>vero</strong></span> <span class='ocrx_word' id='word_1_188' title='bbox 843 2506 1061 2585; x_wconf 88' lang='lat' dir='ltr'><strong>posterioribus</strong></span> <span class='ocrx_word' id='word_1_189' title='bbox 1080 2509 1243 2587; x_wconf 88' lang='lat' dir='ltr'><strong>adjunctae</strong></span> <span class='ocrx_word' id='word_1_190' title='bbox 1258 2509 1379 2570; x_wconf 83' lang='lat' dir='ltr'><strong>fuerunt</strong></span> <span class='ocrx_word' id='word_1_191' title='bbox 1391 2508 1499 2571; x_wconf 89' lang='lat' dir='ltr'><strong>literae</strong></span> 
     </span>
     <span class='ocr_line' id='line_1_21' title="bbox 137 2594 1499 2677; baseline -0.001 -17"><span class='ocrx_word' id='word_1_192' title='bbox 137 2616 294 2672; x_wconf 87' lang='lat' dir='ltr'><strong>meorum,</strong></span> <span class='ocrx_word' id='word_1_193' title='bbox 318 2596 426 2677; x_wconf 93' lang='lat' dir='ltr'><strong>quibus</strong></span> <span class='ocrx_word' id='word_1_194' title='bbox 448 2594 583 2676; x_wconf 88' lang='lat' dir='ltr'><strong>pericula</strong></span> <span class='ocrx_word' id='word_1_195' title='bbox 606 2595 838 2656; x_wconf 87' lang='lat' dir='ltr'><strong>continebantur</strong></span> <span class='ocrx_word' id='word_1_196' title='bbox 862 2603 894 2656; x_wconf 87' lang='lat' dir='ltr'><strong>et</strong></span> <span class='ocrx_word' id='word_1_197' title='bbox 918 2596 1086 2658; x_wconf 87' lang='lat' dir='ltr'><strong>calumniae</strong></span> <span class='ocrx_word' id='word_1_198' title='bbox 1109 2595 1362 2659; x_wconf 88' lang='lat' dir='ltr'><strong>sceleratissimae</strong></span> <span class='ocrx_word' id='word_1_199' title='bbox 1387 2605 1419 2659; x_wconf 90' lang='lat' dir='ltr'><strong>et</strong></span> <span class='ocrx_word' id='word_1_200' title='bbox 1441 2615 1499 2676; x_wconf 90' lang='lat' dir='ltr'><strong>po·</strong></span> 
     </span>
     <span class='ocr_line' id='line_1_22' title="bbox 138 2681 1499 2764; baseline -0.001 -15"><span class='ocrx_word' id='word_1_201' title='bbox 138 2686 239 2749; x_wconf 87' lang='lat' dir='ltr'><strong>tentia</strong></span> <span class='ocrx_word' id='word_1_202' title='bbox 261 2685 504 2748; x_wconf 87' lang='lat' dir='ltr'><strong>adversariorum</strong></span> <span class='ocrx_word' id='word_1_203' title='bbox 528 2692 560 2747; x_wconf 91' lang='lat' dir='ltr'><strong>et</strong></span> <span class='ocrx_word' id='word_1_204' title='bbox 582 2702 688 2745; x_wconf 89' lang='lat' dir='ltr'><strong>cursus</strong></span> <span class='ocrx_word' id='word_1_205' title='bbox 707 2681 847 2761; x_wconf 90' lang='lat' dir='ltr'><strong>justitiae</strong></span> <span class='ocrx_word' id='word_1_206' title='bbox 867 2683 1047 2746; x_wconf 89' lang='lat' dir='ltr'><strong>intercisus:</strong></span> <span class='ocrx_word' id='word_1_207' title='bbox 1072 2685 1179 2764; x_wconf 89' lang='lat' dir='ltr'><strong>quibus</strong></span> <span class='ocrx_word' id='word_1_208' title='bbox 1202 2686 1327 2764; x_wconf 82' lang='lat' dir='ltr'><strong>tragicis</strong></span> <span class='ocrx_word' id='word_1_209' title='bbox 1346 2685 1499 2748; x_wconf 87' lang='lat' dir='ltr'><strong>narratio·</strong></span> 
     </span>
     <span class='ocr_line' id='line_1_23' title="bbox 137 2772 1498 2854; baseline -0.001 -16"><span class='ocrx_word' id='word_1_210' title='bbox 137 2776 227 2838; x_wconf 87' lang='lat' dir='ltr'><strong>nibus</strong></span> <span class='ocrx_word' id='word_1_211' title='bbox 251 2774 370 2837; x_wconf 88' lang='lat' dir='ltr'><strong>animus</strong></span> <span class='ocrx_word' id='word_1_212' title='bbox 394 2774 537 2854; x_wconf 90' lang='lat' dir='ltr'><strong>abreptus</strong></span> <span class='ocrx_word' id='word_1_213' title='bbox 560 2773 613 2833; x_wconf 83' lang='lat' dir='ltr'><strong>vix</strong></span> <span class='ocrx_word' id='word_1_214' title='bbox 635 2772 674 2833; x_wconf 88' lang='lat' dir='ltr'><strong>ad</strong></span> <span class='ocrx_word' id='word_1_215' title='bbox 697 2772 938 2852; x_wconf 88' lang='lat' dir='ltr'><strong>respondendum</strong></span> <span class='ocrx_word' id='word_1_216' title='bbox 954 2792 986 2834; x_wconf 89' lang='lat' dir='ltr'><strong>so</strong></span> <span class='ocrx_word' id='word_1_217' title='bbox 1002 2774 1172 2853; x_wconf 85' lang='lat' dir='ltr'><strong>recolligit:</strong></span> <span class='ocrx_word' id='word_1_218' title='bbox 1196 2782 1307 2847; x_wconf 83' lang='lat' dir='ltr'><strong>tamen,</strong></span> <span class='ocrx_word' id='word_1_219' title='bbox 1333 2774 1402 2853; x_wconf 88' lang='lat' dir='ltr'><strong>quia</strong></span> <span class='ocrx_word' id='word_1_220' title='bbox 1425 2773 1498 2836; x_wconf 79' lang='lat' dir='ltr'><strong>mtt-</strong></span> 
     </span>
     <span class='ocr_line' id='line_1_24' title="bbox 137 2860 1498 2943; baseline -0.003 -15"><span class='ocrx_word' id='word_1_221' title='bbox 137 2864 251 2928; x_wconf 86' lang='lat' dir='ltr'><strong>tendas</strong></span> <span class='ocrx_word' id='word_1_222' title='bbox 275 2870 325 2925; x_wconf 92' lang='lat' dir='ltr'><strong>est</strong></span> <span class='ocrx_word' id='word_1_223' title='bbox 346 2863 538 2937; x_wconf 87' lang='lat' dir='ltr'><strong>tabellarius,</strong></span> <span class='ocrx_word' id='word_1_224' title='bbox 572 2861 722 2940; x_wconf 87' lang='lat' dir='ltr'><strong>piaculum</strong></span> <span class='ocrx_word' id='word_1_225' title='bbox 754 2860 880 2923; x_wconf 86' lang='lat' dir='ltr'><strong>videbar</strong></span> <span class='ocrx_word' id='word_1_226' title='bbox 902 2861 1133 2934; x_wconf 88' lang='lat' dir='ltr'><strong>commissurus,</strong></span> <span class='ocrx_word' id='word_1_227' title='bbox 1168 2862 1193 2926; x_wconf 93' lang='lat' dir='ltr'><strong>si</strong></span> <span class='ocrx_word' id='word_1_228' title='bbox 1227 2862 1301 2924; x_wconf 88' lang='lat' dir='ltr'><strong>nihil</strong></span> <span class='ocrx_word' id='word_1_229' title='bbox 1332 2862 1498 2943; x_wconf 88' lang='lat' dir='ltr'><strong>responde·</strong></span> 
     </span>
     <span class='ocr_line' id='line_1_25' title="bbox 137 2950 1498 3032; baseline -0.002 -16"><span class='ocrx_word' id='word_1_230' title='bbox 137 2972 211 3017; x_wconf 88' lang='lat' dir='ltr'><strong>rem.</strong></span> <span class='ocrx_word' id='word_1_231' title='bbox 251 2952 362 3025; x_wconf 88' lang='lat' dir='ltr'><strong>(Venit</strong></span> <span class='ocrx_word' id='word_1_232' title='bbox 383 2952 502 3015; x_wconf 89' lang='lat' dir='ltr'><strong>interea</strong></span> <span class='ocrx_word' id='word_1_233' title='bbox 524 2952 620 3012; x_wconf 88' lang='lat' dir='ltr'><strong>trater</strong></span> <span class='ocrx_word' id='word_1_234' title='bbox 643 2968 726 3011; x_wconf 88' lang='lat' dir='ltr'><strong>meus</strong></span> <span class='ocrx_word' id='word_1_235' title='bbox 741 2968 807 3011; x_wconf 88' lang='lat' dir='ltr'><strong>cum</strong></span> <span class='ocrx_word' id='word_1_236' title='bbox 826 2959 932 3024; x_wconf 88' lang='lat' dir='ltr'><strong>matre,</strong></span> <span class='ocrx_word' id='word_1_237' title='bbox 957 2951 1060 3032; x_wconf 86' lang='lat' dir='ltr'><strong>itaque</strong></span> <span class='ocrx_word' id='word_1_238' title='bbox 1083 2970 1141 3013; x_wconf 93' lang='lat' dir='ltr'><strong>nou</strong></span> <span class='ocrx_word' id='word_1_239' title='bbox 1165 2950 1224 3015; x_wconf 88' lang='lat' dir='ltr'><strong>alio</strong></span> <span class='ocrx_word' id='word_1_240' title='bbox 1247 2950 1409 3014; x_wconf 87' lang='lat' dir='ltr'><strong>tabellario</strong></span> <span class='ocrx_word' id='word_1_241' title='bbox 1422 2969 1498 3031; x_wconf 86' lang='lat' dir='ltr'><strong>opus</strong></span> 
     </span>
     <span class='ocr_line' id='line_1_26' title="bbox 137 3041 664 3113; baseline 0.002 -7"><span class='ocrx_word' id='word_1_242' title='bbox 137 3041 258 3113; x_wconf 69' lang='lat' dir='ltr'><strong>habui.)</strong></span> <span class='ocrx_word' id='word_1_243' title='bbox 658 3080 664 3107; x_wconf 86' lang='lat' dir='ltr'><strong>r</strong></span> 
     </span>
     <span class='ocr_line' id='line_1_27' title="bbox 228 3124 1499 3209; baseline -0.002 -17"><span class='ocrx_word' id='word_1_244' title='bbox 228 3130 291 3192; x_wconf 93' lang='lat' dir='ltr'><strong>Pro</strong></span> <span class='ocrx_word' id='word_1_245' title='bbox 324 3129 474 3193; x_wconf 89' lang='lat' dir='ltr'><strong>solutione</strong></span> <span class='ocrx_word' id='word_1_246' title='bbox 505 3124 876 3209; x_wconf 88' lang='lat' dir='ltr'><strong>problematissimplicis</strong></span> <span class='ocrx_word' id='word_1_247' title='bbox 900 3144 957 3205; x_wconf 85' lang='lat' dir='ltr'><strong>ago</strong></span> <span class='ocrx_word' id='word_1_248' title='bbox 982 3127 1118 3206; x_wconf 84' lang='lat' dir='ltr'><strong>gratias,</strong></span> <span class='ocrx_word' id='word_1_249' title='bbox 1150 3126 1210 3190; x_wconf 90' lang='lat' dir='ltr'><strong>etsi</strong></span> <span class='ocrx_word' id='word_1_250' title='bbox 1240 3146 1278 3189; x_wconf 87' lang='lat' dir='ltr'><strong>err</strong></span> <span class='ocrx_word' id='word_1_251' title='bbox 1301 3146 1359 3209; x_wconf 91' lang='lat' dir='ltr'><strong>quo</strong></span> <span class='ocrx_word' id='word_1_252' title='bbox 1391 3125 1499 3208; x_wconf 88' lang='lat' dir='ltr'><strong>scripsi</strong></span> 
     </span>
     <span class='ocr_line' id='line_1_28' title="bbox 138 3212 1499 3300; baseline -0.004 -16"><span class='ocrx_word' id='word_1_253' title='bbox 138 3228 238 3284; x_wconf 81' lang='lat' dir='ltr'><strong>totam</strong></span> <span class='ocrx_word' id='word_1_254' title='bbox 275 3219 355 3281; x_wconf 86' lang='lat' dir='ltr'><strong>hanc</strong></span> <span class='ocrx_word' id='word_1_255' title='bbox 392 3217 629 3298; x_wconf 86' lang='lat' dir='ltr'><strong>speculationem</strong></span> <span class='ocrx_word' id='word_1_256' title='bbox 669 3215 777 3295; x_wconf 87' lang='lat' dir='ltr'><strong>abjeci.</strong></span> <span class='ocrx_word' id='word_1_257' title='bbox 823 3214 941 3278; x_wconf 84' lang='lat' dir='ltr'><strong>Nititur</strong></span> <span class='ocrx_word' id='word_1_258' title='bbox 979 3216 1056 3298; x_wconf 87' lang='lat' dir='ltr'><strong>euim</strong></span> <span class='ocrx_word' id='word_1_259' title='bbox 1094 3236 1177 3278; x_wconf 90' lang='lat' dir='ltr'><strong>mera</strong></span> <span class='ocrx_word' id='word_1_260' title='bbox 1214 3212 1375 3300; x_wconf 86' lang='lat' dir='ltr'><strong>hypothesi</strong></span> <span class='ocrx_word' id='word_1_261' title='bbox 1413 3235 1499 3279; x_wconf 90' lang='lat' dir='ltr'><strong>com-</strong></span> 
     </span>
     <span class='ocr_line' id='line_1_29' title="bbox 136 3301 1499 3391; baseline -0.004 -20"><span class='ocrx_word' id='word_1_262' title='bbox 136 3308 277 3391; x_wconf 86' lang='lat' dir='ltr'><strong>putandi,</strong></span> <span class='ocrx_word' id='word_1_263' title='bbox 309 3307 357 3369; x_wconf 90' lang='lat' dir='ltr'><strong>cni</strong></span> <span class='ocrx_word' id='word_1_264' title='bbox 387 3307 431 3368; x_wconf 90' lang='lat' dir='ltr'><strong>rei</strong></span> <span class='ocrx_word' id='word_1_265' title='bbox 462 3306 558 3385; x_wconf 92' lang='lat' dir='ltr'><strong>ipsius</strong></span> <span class='ocrx_word' id='word_1_266' title='bbox 591 3304 664 3366; x_wconf 92' lang='lat' dir='ltr'><strong>nihil</strong></span> <span class='ocrx_word' id='word_1_267' title='bbox 697 3304 812 3365; x_wconf 86' lang='lat' dir='ltr'><strong>subest.</strong></span> <span class='ocrx_word' id='word_1_268' title='bbox 858 3302 951 3365; x_wconf 89' lang='lat' dir='ltr'><strong>Posui</strong></span> <span class='ocrx_word' id='word_1_269' title='bbox 981 3301 1068 3379; x_wconf 82' lang='lat' dir='ltr'><strong>e&#39;nim,</strong></span> <span class='ocrx_word' id='word_1_270' title='bbox 1103 3314 1221 3367; x_wconf 91' lang='lat' dir='ltr'><strong>tantam</strong></span> <span class='ocrx_word' id='word_1_271' title='bbox 1245 3325 1312 3367; x_wconf 89' lang='lat' dir='ltr'><strong>esse</strong></span> <span class='ocrx_word' id='word_1_272' title='bbox 1337 3304 1499 3366; x_wconf 89' lang='lat' dir='ltr'><strong>densitatis</strong></span> 
     </span>
     <span class='ocr_line' id='line_1_30' title="bbox 137 3392 1498 3476; baseline -0.006 -14"><span class='ocrx_word' id='word_1_273' title='bbox 137 3397 229 3462; x_wconf 88' lang='lat' dir='ltr'><strong>medii</strong></span> <span class='ocrx_word' id='word_1_274' title='bbox 254 3396 401 3459; x_wconf 89' lang='lat' dir='ltr'><strong>rationem</strong></span> <span class='ocrx_word' id='word_1_275' title='bbox 425 3395 456 3457; x_wconf 95' lang='lat' dir='ltr'><strong>iu</strong></span> <span class='ocrx_word' id='word_1_276' title='bbox 480 3394 616 3476; x_wconf 91' lang='lat' dir='ltr'><strong>quolibet</strong></span> <span class='ocrx_word' id='word_1_277' title='bbox 638 3392 750 3454; x_wconf 83' lang='lat' dir='ltr'><strong>extimo</strong></span> <span class='ocrx_word' id='word_1_278' title='bbox 774 3405 885 3472; x_wconf 88' lang='lat' dir='ltr'><strong>puncto</strong></span> <span class='ocrx_word' id='word_1_279' title='bbox 909 3393 1076 3471; x_wconf 85' lang='lat' dir='ltr'><strong>superficiei</strong></span> <span class='ocrx_word' id='word_1_280' title='bbox 1096 3395 1185 3468; x_wconf 74' lang='lat' dir='ltr'><strong>atris,</strong></span> <span class='ocrx_word' id='word_1_281' title='bbox 1211 3401 1324 3476; x_wconf 91' lang='lat' dir='ltr'><strong>quanta</strong></span> <span class='ocrx_word' id='word_1_282' title='bbox 1348 3400 1396 3453; x_wconf 90' lang='lat' dir='ltr'><strong>est</strong></span> <span class='ocrx_word' id='word_1_283' title='bbox 1419 3393 1498 3456; x_wconf 90' lang='lat' dir='ltr'><strong>ratio</strong></span> 
     </span>
     <span class='ocr_line' id='line_1_31' title="bbox 139 3480 1497 3567; baseline -0.006 -17"><span class='ocrx_word' id='word_1_284' title='bbox 139 3484 340 3567; x_wconf 84' lang='lat' dir='ltr'><strong>longitudinis</strong></span> <span class='ocrx_word' id='word_1_285' title='bbox 372 3484 470 3546; x_wconf 88' lang='lat' dir='ltr'><strong>lineae</strong></span> <span class='ocrx_word' id='word_1_286' title='bbox 502 3502 540 3544; x_wconf 88' lang='lat' dir='ltr'><strong>ex</strong></span> <span class='ocrx_word' id='word_1_287' title='bbox 564 3482 649 3543; x_wconf 92' lang='lat' dir='ltr'><strong>oculo</strong></span> <span class='ocrx_word' id='word_1_288' title='bbox 683 3482 722 3542; x_wconf 93' lang='lat' dir='ltr'><strong>ad</strong></span> <span class='ocrx_word' id='word_1_289' title='bbox 750 3481 823 3543; x_wconf 92' lang='lat' dir='ltr'><strong>illud</strong></span> <span class='ocrx_word' id='word_1_290' title='bbox 846 3488 1000 3561; x_wconf 89' lang='lat' dir='ltr'><strong>punctum.</strong></span> <span class='ocrx_word' id='word_1_291' title='bbox 1047 3483 1142 3564; x_wconf 86' lang='lat' dir='ltr'><strong>Atqui</strong></span> <span class='ocrx_word' id='word_1_292' title='bbox 1174 3483 1284 3544; x_wconf 89' lang='lat' dir='ltr'><strong>scimus</strong></span> <span class='ocrx_word' id='word_1_293' title='bbox 1315 3501 1353 3542; x_wconf 86' lang='lat' dir='ltr'><strong>ex</strong></span> <span class='ocrx_word' id='word_1_294' title='bbox 1376 3480 1497 3562; x_wconf 87' lang='lat' dir='ltr'><strong>optiuis,</strong></span> 
     </span>
     <span class='ocr_line' id='line_1_32' title="bbox 138 3568 1498 3651; baseline -0.006 -12"><span class='ocrx_word' id='word_1_295' title='bbox 138 3574 333 3640; x_wconf 72' lang='lat' dir='ltr'><strong>retractionis</strong></span> <span class='ocrx_word' id='word_1_296' title='bbox 356 3572 483 3651; x_wconf 83' lang='lat' dir='ltr'><strong>angulos</strong></span> <span class='ocrx_word' id='word_1_297' title='bbox 508 3570 627 3632; x_wconf 87' lang='lat' dir='ltr'><strong>formari</strong></span> <span class='ocrx_word' id='word_1_298' title='bbox 651 3570 681 3631; x_wconf 92' lang='lat' dir='ltr'><strong>in</strong></span> <span class='ocrx_word' id='word_1_299' title='bbox 705 3569 773 3647; x_wconf 87' lang='lat' dir='ltr'><strong>ipsa</strong></span> <span class='ocrx_word' id='word_1_300' title='bbox 795 3568 962 3649; x_wconf 78' lang='lat' dir='ltr'><strong>superficie,</strong></span> <span class='ocrx_word' id='word_1_301' title='bbox 997 3590 1051 3632; x_wconf 87' lang='lat' dir='ltr'><strong>neu</strong></span> <span class='ocrx_word' id='word_1_302' title='bbox 1075 3571 1233 3635; x_wconf 84' lang='lat' dir='ltr'><strong>immisceri</strong></span> <span class='ocrx_word' id='word_1_303' title='bbox 1261 3569 1498 3649; x_wconf 84' lang='lat' dir='ltr'><strong>profunditatem</strong></span> 
     </span>
     <span class='ocr_line' id='line_1_33' title="bbox 138 3658 1497 3738; baseline -0.004 -11"><span class='ocrx_word' id='word_1_304' title='bbox 138 3664 230 3727; x_wconf 86' lang='lat' dir='ltr'><strong>medii</strong></span> <span class='ocrx_word' id='word_1_305' title='bbox 255 3661 358 3736; x_wconf 91' lang='lat' dir='ltr'><strong>densi,</strong></span> <span class='ocrx_word' id='word_1_306' title='bbox 383 3680 450 3723; x_wconf 91' lang='lat' dir='ltr'><strong>cum</strong></span> <span class='ocrx_word' id='word_1_307' title='bbox 474 3661 576 3723; x_wconf 88' lang='lat' dir='ltr'><strong>radius</strong></span> <span class='ocrx_word' id='word_1_308' title='bbox 599 3659 629 3721; x_wconf 91' lang='lat' dir='ltr'><strong>in</strong></span> <span class='ocrx_word' id='word_1_309' title='bbox 653 3659 750 3719; x_wconf 88' lang='lat' dir='ltr'><strong>medio</strong></span> <span class='ocrx_word' id='word_1_310' title='bbox 775 3658 868 3720; x_wconf 91' lang='lat' dir='ltr'><strong>denso</strong></span> <span class='ocrx_word' id='word_1_311' title='bbox 892 3676 951 3720; x_wconf 92' lang='lat' dir='ltr'><strong>non</strong></span> <span class='ocrx_word' id='word_1_312' title='bbox 976 3659 1072 3721; x_wconf 93' lang='lat' dir='ltr'><strong>minus</strong></span> <span class='ocrx_word' id='word_1_313' title='bbox 1096 3659 1138 3721; x_wconf 91' lang='lat' dir='ltr'><strong>sit</strong></span> <span class='ocrx_word' id='word_1_314' title='bbox 1160 3667 1275 3734; x_wconf 88' lang='lat' dir='ltr'><strong>rectus,</strong></span> <span class='ocrx_word' id='word_1_315' title='bbox 1301 3675 1389 3738; x_wconf 92' lang='lat' dir='ltr'><strong>quam</strong></span> <span class='ocrx_word' id='word_1_316' title='bbox 1414 3658 1497 3721; x_wconf 89' lang='lat' dir='ltr'><strong>toris.</strong></span> 
     </span>
    </p>

    <p class='ocr_par' dir='ltr' id='par_1_14' title="bbox 225 3746 1499 3828">
     <span class='ocr_line' id='line_1_34' title="bbox 225 3746 1499 3828; baseline -0.005 -13"><span class='ocrx_word' id='word_1_317' title='bbox 225 3749 435 3815; x_wconf 90' lang='lat' dir='ltr'><strong>Illustrabitur</strong></span> <span class='ocrx_word' id='word_1_318' title='bbox 458 3756 558 3812; x_wconf 86' lang='lat' dir='ltr'><strong>autem</strong></span> <span class='ocrx_word' id='word_1_319' title='bbox 583 3748 719 3809; x_wconf 87' lang='lat' dir='ltr'><strong>defectus</strong></span> <span class='ocrx_word' id='word_1_320' title='bbox 743 3746 831 3825; x_wconf 87' lang='lat' dir='ltr'><strong>hujus</strong></span> <span class='ocrx_word' id='word_1_321' title='bbox 867 3746 1072 3827; x_wconf 87' lang='lat' dir='ltr'><strong>hypotheseos</strong></span> <span class='ocrx_word' id='word_1_322' title='bbox 1104 3748 1265 3809; x_wconf 89' lang='lat' dir='ltr'><strong>collatione</strong></span> <span class='ocrx_word' id='word_1_323' title='bbox 1294 3746 1499 3828; x_wconf 87' lang='lat' dir='ltr'><strong>hypotheseos</strong></span> 
     </span>
    </p>
   </div>
   <div class='ocr_carea' id='block_1_14' title="bbox 136 3829 1607 3918">
    <p class='ocr_par' dir='ltr' id='par_1_15' title="bbox 136 3829 1607 3918">
     <span class='ocr_line' id='line_1_35' title="bbox 136 3829 1607 3918; baseline -0.004 -16"><span class='ocrx_word' id='word_1_324' title='bbox 136 3841 279 3906; x_wconf 82' lang='lat' dir='ltr'><strong>rarioris.</strong></span> <span class='ocrx_word' id='word_1_325' title='bbox 326 3840 361 3901; x_wconf 91' lang='lat' dir='ltr'><strong>lu</strong></span> <span class='ocrx_word' id='word_1_326' title='bbox 385 3837 495 3918; x_wconf 90' lang='lat' dir='ltr'><strong>optiuis</strong></span> <span class='ocrx_word' id='word_1_327' title='bbox 526 3845 597 3918; x_wconf 89' lang='lat' dir='ltr'><strong>post</strong></span> <span class='ocrx_word' id='word_1_328' title='bbox 620 3836 763 3915; x_wconf 89' lang='lat' dir='ltr'><strong>plurimas</strong></span> <span class='ocrx_word' id='word_1_329' title='bbox 786 3843 923 3896; x_wconf 85' lang='lat' dir='ltr'><strong>tentatas</strong></span> <span class='ocrx_word' id='word_1_330' title='bbox 951 3836 1173 3918; x_wconf 88' lang='lat' dir='ltr'><strong>suppositiones</strong></span> <span class='ocrx_word' id='word_1_331' title='bbox 1197 3836 1319 3898; x_wconf 89' lang='lat' dir='ltr'><strong>tandem</strong></span> <span class='ocrx_word' id='word_1_332' title='bbox 1340 3836 1520 3899; x_wconf 47' lang='lat' dir='ltr'><strong>devolutus,</strong></span> <span class='ocrx_word' id='word_1_333' title='bbox 1603 3829 1607 3839; x_wconf 76' lang='grc'><em>’</em></span> 
     </span>
    </p>
   </div>
   <div class='ocr_carea' id='block_1_15' title="bbox 135 3922 1501 5076">
    <p class='ocr_par' dir='ltr' id='par_1_16' title="bbox 136 3922 1501 4537">
     <span class='ocr_line' id='line_1_36' title="bbox 139 3922 1501 4006; baseline -0.005 -12"><span class='ocrx_word' id='word_1_334' title='bbox 139 3951 204 3994; x_wconf 91' lang='lat' dir='ltr'><strong>sum</strong></span> <span class='ocrx_word' id='word_1_335' title='bbox 228 3930 271 3992; x_wconf 87' lang='lat' dir='ltr'><strong>ad</strong></span> <span class='ocrx_word' id='word_1_336' title='bbox 294 3930 382 3990; x_wconf 88' lang='lat' dir='ltr'><strong>hauc.</strong></span> <span class='ocrx_word' id='word_1_337' title='bbox 430 3926 527 4000; x_wconf 83' lang='lat' dir='ltr'><strong>Cum,</strong></span> <span class='ocrx_word' id='word_1_338' title='bbox 550 3944 607 4006; x_wconf 90' lang='lat' dir='ltr'><strong>quo</strong></span> <span class='ocrx_word' id='word_1_339' title='bbox 631 3924 728 4004; x_wconf 89' lang='lat' dir='ltr'><strong>major</strong></span> <span class='ocrx_word' id='word_1_340' title='bbox 760 3931 808 3985; x_wconf 89' lang='lat' dir='ltr'><strong>est</strong></span> <span class='ocrx_word' id='word_1_341' title='bbox 831 3922 921 3985; x_wconf 89' lang='lat' dir='ltr'><strong>medii</strong></span> <span class='ocrx_word' id='word_1_342' title='bbox 946 3923 1092 4000; x_wconf 84' lang='lat' dir='ltr'><strong>densitas,</strong></span> <span class='ocrx_word' id='word_1_343' title='bbox 1126 3926 1184 3989; x_wconf 90' lang='lat' dir='ltr'><strong>hoo</strong></span> <span class='ocrx_word' id='word_1_344' title='bbox 1212 3925 1308 4005; x_wconf 90' lang='lat' dir='ltr'><strong>major</strong></span> <span class='ocrx_word' id='word_1_345' title='bbox 1341 3925 1501 4006; x_wconf 85' lang='lat' dir='ltr'><strong>contingat</strong></span> 
     </span>
     <span class='ocr_line' id='line_1_37' title="bbox 136 4012 1498 4098; baseline -0.004 -17"><span class='ocrx_word' id='word_1_346' title='bbox 136 4022 167 4083; x_wconf 93' lang='lat' dir='ltr'><strong>iu</strong></span> <span class='ocrx_word' id='word_1_347' title='bbox 190 4020 261 4098; x_wconf 88' lang='lat' dir='ltr'><strong>ejus</strong></span> <span class='ocrx_word' id='word_1_348' title='bbox 284 4015 442 4097; x_wconf 83' lang='lat' dir='ltr'><strong>superficie</strong></span> <span class='ocrx_word' id='word_1_349' title='bbox 465 4015 615 4089; x_wconf 89' lang='lat' dir='ltr'><strong>retractio,</strong></span> <span class='ocrx_word' id='word_1_350' title='bbox 641 4033 698 4094; x_wconf 91' lang='lat' dir='ltr'><strong>quo</strong></span> <span class='ocrx_word' id='word_1_351' title='bbox 714 4013 836 4075; x_wconf 91' lang='lat' dir='ltr'><strong>densius</strong></span> <span class='ocrx_word' id='word_1_352' title='bbox 860 4012 952 4091; x_wconf 81' lang='lat' dir='ltr'><strong>igitur</strong></span> <span class='ocrx_word' id='word_1_353' title='bbox 966 4015 1197 4076; x_wconf 89' lang='lat' dir='ltr'><strong>occurritunum</strong></span> <span class='ocrx_word' id='word_1_354' title='bbox 1221 4023 1253 4076; x_wconf 89' lang='lat' dir='ltr'><strong>et</strong></span> <span class='ocrx_word' id='word_1_355' title='bbox 1270 4014 1349 4077; x_wconf 89' lang='lat' dir='ltr'><strong>idem</strong></span> <span class='ocrx_word' id='word_1_356' title='bbox 1366 4014 1498 4077; x_wconf 88' lang='lat' dir='ltr'><strong>medium</strong></span> 
     </span>
     <span class='ocr_line' id='line_1_38' title="bbox 136 4100 1498 4186; baseline -0.007 -14"><span class='ocrx_word' id='word_1_357' title='bbox 136 4109 223 4172; x_wconf 88' lang='lat' dir='ltr'><strong>radio</strong></span> <span class='ocrx_word' id='word_1_358' title='bbox 247 4105 456 4185; x_wconf 83' lang='lat' dir='ltr'><strong>refringendu‚</strong></span> <span class='ocrx_word' id='word_1_359' title='bbox 486 4105 549 4165; x_wconf 88' lang='lat' dir='ltr'><strong>huc.</strong></span> <span class='ocrx_word' id='word_1_360' title='bbox 566 4103 664 4182; x_wconf 89' lang='lat' dir='ltr'><strong>major</strong></span> <span class='ocrx_word' id='word_1_361' title='bbox 688 4110 736 4164; x_wconf 91' lang='lat' dir='ltr'><strong>est</strong></span> <span class='ocrx_word' id='word_1_362' title='bbox 759 4102 901 4163; x_wconf 91' lang='lat' dir='ltr'><strong>retractio</strong></span> <span class='ocrx_word' id='word_1_363' title='bbox 927 4100 1006 4165; x_wconf 91' lang='lat' dir='ltr'><strong>illius</strong></span> <span class='ocrx_word' id='word_1_364' title='bbox 1034 4119 1191 4178; x_wconf 89' lang='lat' dir='ltr'><strong>occursus,</strong></span> <span class='ocrx_word' id='word_1_365' title='bbox 1224 4111 1298 4186; x_wconf 93' lang='lat' dir='ltr'><strong>puta</strong></span> <span class='ocrx_word' id='word_1_366' title='bbox 1324 4121 1415 4165; x_wconf 93' lang='lat' dir='ltr'><strong>uuum</strong></span> <span class='ocrx_word' id='word_1_367' title='bbox 1445 4121 1498 4167; x_wconf 87' lang='lat' dir='ltr'><strong>re·</strong></span> 
     </span>
     <span class='ocr_line' id='line_1_39' title="bbox 138 4191 1498 4273; baseline -0.007 -12"><span class='ocrx_word' id='word_1_368' title='bbox 138 4196 301 4261; x_wconf 87' lang='lat' dir='ltr'><strong>tractionis</strong></span> <span class='ocrx_word' id='word_1_369' title='bbox 324 4196 516 4256; x_wconf 87' lang='lat' dir='ltr'><strong>elementum.</strong></span> <span class='ocrx_word' id='word_1_370' title='bbox 562 4192 608 4253; x_wconf 86' lang='lat' dir='ltr'><strong>At</strong></span> <span class='ocrx_word' id='word_1_371' title='bbox 640 4191 803 4252; x_wconf 90' lang='lat' dir='ltr'><strong>densitatis</strong></span> <span class='ocrx_word' id='word_1_372' title='bbox 836 4196 1028 4268; x_wconf 85' lang='lat' dir='ltr'><strong>augmentum</strong></span> <span class='ocrx_word' id='word_1_373' title='bbox 1060 4211 1115 4273; x_wconf 89' lang='lat' dir='ltr'><strong>per</strong></span> <span class='ocrx_word' id='word_1_374' title='bbox 1141 4192 1243 4255; x_wconf 88' lang='lat' dir='ltr'><strong>varios</strong></span> <span class='ocrx_word' id='word_1_375' title='bbox 1272 4210 1412 4256; x_wconf 92' lang='lat' dir='ltr'><strong>occursus</strong></span> <span class='ocrx_word' id='word_1_376' title='bbox 1446 4209 1498 4252; x_wconf 87' lang='lat' dir='ltr'><strong>se-</strong></span> 
     </span>
     <span class='ocr_line' id='line_1_40' title="bbox 138 4278 1404 4383; baseline -0.014 -34"><span class='ocrx_word' id='word_1_377' title='bbox 138 4288 241 4367; x_wconf 88' lang='lat' dir='ltr'><strong>quitur</strong></span> <span class='ocrx_word' id='word_1_378' title='bbox 282 4282 506 4365; x_wconf 88' lang='lat' dir='ltr'><strong>proportionem</strong></span> <span class='ocrx_word' id='word_1_379' title='bbox 548 4287 716 4342; x_wconf 83' lang='lat' dir='ltr'><strong>secuntum.</strong></span> <span class='ocrx_word' id='word_1_380' title='bbox 772 4278 842 4340; x_wconf 88' lang='lat' dir='ltr'><strong>Sint</strong></span> <span class='ocrx_word' id='word_1_381' title='bbox 887 4278 966 4339; x_wconf 86' lang='lat' dir='ltr'><strong>euim</strong></span> <span class='ocrx_word' id='word_1_382' title='bbox 1179 4332 1207 4383; x_wconf 77' lang='lat' dir='ltr'><strong>Fi</strong></span> <span class='ocrx_word' id='word_1_383' title='bbox 1260 4330 1290 4379; x_wconf 64' lang='grc' dir='ltr'><strong>Π</strong></span> <span class='ocrx_word' id='word_1_384' title='bbox 1399 4362 1404 4375; x_wconf 60' lang='lat'><em>„</em></span> 
     </span>
     <span class='ocr_line' id='line_1_41' title="bbox 136 4346 1298 4454; baseline -0.013 -16"><span class='ocrx_word' id='word_1_385' title='bbox 136 4378 216 4439; x_wconf 88' lang='lat' dir='ltr'><strong>duae</strong></span> <span class='ocrx_word' id='word_1_386' title='bbox 238 4372 407 4454; x_wconf 87' lang='lat' dir='ltr'><strong>parallelae</strong></span> <span class='ocrx_word' id='word_1_387' title='bbox 421 4371 488 4442; x_wconf 83' lang='lat' dir='ltr'><strong>AB,</strong></span> <span class='ocrx_word' id='word_1_388' title='bbox 504 4367 574 4437; x_wconf 84' lang='lat' dir='ltr'><strong>OD,</strong></span> <span class='ocrx_word' id='word_1_389' title='bbox 598 4387 722 4449; x_wconf 89' lang='lat' dir='ltr'><strong>quarum</strong></span> <span class='ocrx_word' id='word_1_390' title='bbox 746 4367 894 4428; x_wconf 90' lang='lat' dir='ltr'><strong>distantia</strong></span> <span class='ocrx_word' id='word_1_391' title='bbox 907 4364 961 4428; x_wconf 88' lang='lat' dir='ltr'><strong>BC</strong></span> <span class='ocrx_word' id='word_1_392' title='bbox 1209 4346 1234 4397; x_wconf 52' lang='grc' dir='ltr'><strong>Β·</strong></span> <span class='ocrx_word' id='word_1_393' title='bbox 1292 4366 1298 4379; x_wconf 87' lang='grc'><strong><em>’</em></strong></span> 
     </span>
     <span class='ocr_line' id='line_1_42' title="bbox 136 4456 963 4537; baseline -0.013 -10"><span class='ocrx_word' id='word_1_394' title='bbox 136 4462 301 4527; x_wconf 90' lang='lat' dir='ltr'><strong>adumbrat</strong></span> <span class='ocrx_word' id='word_1_395' title='bbox 332 4458 422 4522; x_wconf 89' lang='lat' dir='ltr'><strong>nobis</strong></span> <span class='ocrx_word' id='word_1_396' title='bbox 458 4457 647 4520; x_wconf 91' lang='lat' dir='ltr'><strong>latitudinem</strong></span> <span class='ocrx_word' id='word_1_397' title='bbox 679 4457 756 4519; x_wconf 89' lang='lat' dir='ltr'><strong>radii</strong></span> <span class='ocrx_word' id='word_1_398' title='bbox 791 4456 963 4537; x_wconf 70' lang='lat' dir='ltr'><strong>physicam:</strong></span> 
     </span>
    </p>

    <p class='ocr_par' dir='ltr' id='par_1_17' title="bbox 136 4546 965 4635">
     <span class='ocr_line' id='line_1_43' title="bbox 136 4546 965 4635; baseline -0.016 -19"><span class='ocrx_word' id='word_1_399' title='bbox 136 4553 210 4635; x_wconf 85' lang='lat' dir='ltr'><strong>quia</strong></span> <span class='ocrx_word' id='word_1_400' title='bbox 241 4549 385 4618; x_wconf 88' lang='lat' dir='ltr'><strong>retractio</strong></span> <span class='ocrx_word' id='word_1_401' title='bbox 417 4566 475 4609; x_wconf 94' lang='lat' dir='ltr'><strong>non</strong></span> <span class='ocrx_word' id='word_1_402' title='bbox 508 4547 656 4626; x_wconf 82' lang='lat' dir='ltr'><strong>contingit</strong></span> <span class='ocrx_word' id='word_1_403' title='bbox 685 4546 795 4618; x_wconf 90' lang='lat' dir='ltr'><strong>radiis,</strong></span> <span class='ocrx_word' id='word_1_404' title='bbox 828 4554 863 4605; x_wconf 91' lang='lat' dir='ltr'><strong>ut</strong></span> <span class='ocrx_word' id='word_1_405' title='bbox 894 4551 965 4605; x_wconf 93' lang='lat' dir='ltr'><strong>sunt</strong></span> 
     </span>
    </p>

    <p class='ocr_par' dir='ltr' id='par_1_18' title="bbox 135 4636 964 4806">
     <span class='ocr_line' id='line_1_44' title="bbox 136 4636 963 4717; baseline -0.015 -13"><span class='ocrx_word' id='word_1_406' title='bbox 136 4644 259 4713; x_wconf 88' lang='lat' dir='ltr'><strong>lineae,</strong></span> <span class='ocrx_word' id='word_1_407' title='bbox 287 4638 344 4700; x_wconf 91' lang='lat' dir='ltr'><strong>sed</strong></span> <span class='ocrx_word' id='word_1_408' title='bbox 367 4644 400 4698; x_wconf 92' lang='lat' dir='ltr'><strong>ut</strong></span> <span class='ocrx_word' id='word_1_409' title='bbox 423 4644 495 4698; x_wconf 92' lang='lat' dir='ltr'><strong>sunt</strong></span> <span class='ocrx_word' id='word_1_410' title='bbox 518 4636 619 4717; x_wconf 91' lang='lat' dir='ltr'><strong>aliqua</strong></span> <span class='ocrx_word' id='word_1_411' title='bbox 636 4636 808 4715; x_wconf 84' lang='lat' dir='ltr'><strong>superficies</strong></span> <span class='ocrx_word' id='word_1_412' title='bbox 830 4650 963 4713; x_wconf 90' lang='lat' dir='ltr'><strong>perpen-</strong></span> 
     </span>
     <span class='ocr_line' id='line_1_45' title="bbox 135 4721 964 4806; baseline -0.014 -13"><span class='ocrx_word' id='word_1_413' title='bbox 135 4721 316 4793; x_wconf 86' lang='lat' dir='ltr'><strong>diculariter</strong></span> <span class='ocrx_word' id='word_1_414' title='bbox 330 4724 434 4788; x_wconf 84' lang='lat' dir='ltr'><strong>erecta</strong></span> <span class='ocrx_word' id='word_1_415' title='bbox 447 4727 537 4806; x_wconf 90' lang='lat' dir='ltr'><strong>super</strong></span> <span class='ocrx_word' id='word_1_416' title='bbox 551 4726 686 4786; x_wconf 87' lang='lat' dir='ltr'><strong>densum.</strong></span> <span class='ocrx_word' id='word_1_417' title='bbox 723 4723 804 4801; x_wconf 84' lang='lat' dir='ltr'><strong>Ergo</strong></span> <span class='ocrx_word' id='word_1_418' title='bbox 819 4722 845 4783; x_wconf 92' lang='lat' dir='ltr'><strong>si</strong></span> <span class='ocrx_word' id='word_1_419' title='bbox 860 4722 964 4782; x_wconf 89' lang='lat' dir='ltr'><strong>radius</strong></span> 
     </span>
    </p>

    <p class='ocr_par' dir='ltr' id='par_1_19' title="bbox 135 4804 1121 5076">
     <span class='ocr_line' id='line_1_46' title="bbox 135 4804 1091 4886; baseline -0.016 -3"><span class='ocrx_word' id='word_1_420' title='bbox 135 4819 194 4883; x_wconf 85' lang='lat' dir='ltr'><strong>DC</strong></span> <span class='ocrx_word' id='word_1_421' title='bbox 218 4826 306 4883; x_wconf 88' lang='lat' dir='ltr'><strong>recta</strong></span> <span class='ocrx_word' id='word_1_422' title='bbox 328 4815 510 4878; x_wconf 89' lang='lat' dir='ltr'><strong>occurrisset</strong></span> <span class='ocrx_word' id='word_1_423' title='bbox 537 4814 636 4876; x_wconf 89' lang='lat' dir='ltr'><strong>medio</strong></span> <span class='ocrx_word' id='word_1_424' title='bbox 660 4813 753 4874; x_wconf 90' lang='lat' dir='ltr'><strong>denso</strong></span> <span class='ocrx_word' id='word_1_425' title='bbox 776 4808 852 4886; x_wconf 80' lang='lat' dir='ltr'><strong>Ae,</strong></span> <span class='ocrx_word' id='word_1_426' title='bbox 885 4809 964 4871; x_wconf 88' lang='lat' dir='ltr'><strong>ratio</strong></span> <span class='ocrx_word' id='word_1_427' title='bbox 1071 4804 1091 4851; x_wconf 78' lang='grc' dir='ltr'><strong><em>Β</em></strong></span> 
     </span>
     <span class='ocr_line' id='line_1_47' title="bbox 136 4898 1121 4990; baseline -0.015 -20"><span class='ocrx_word' id='word_1_428' title='bbox 136 4910 207 4989; x_wconf 87' lang='lat' dir='ltr'><strong>ejus</strong></span> <span class='ocrx_word' id='word_1_429' title='bbox 230 4905 394 4971; x_wconf 80' lang='lat' dir='ltr'><strong>densitatis</strong></span> <span class='ocrx_word' id='word_1_430' title='bbox 417 4904 595 4966; x_wconf 89' lang='lat' dir='ltr'><strong>adumbrata</strong></span> <span class='ocrx_word' id='word_1_431' title='bbox 618 4903 727 4964; x_wconf 86' lang='lat' dir='ltr'><strong>fuisset</strong></span> <span class='ocrx_word' id='word_1_432' title='bbox 748 4899 777 4961; x_wconf 92' lang='lat' dir='ltr'><strong>iu</strong></span> <span class='ocrx_word' id='word_1_433' title='bbox 801 4898 858 4961; x_wconf 89' lang='lat' dir='ltr'><strong>hoc</strong></span> <span class='ocrx_word' id='word_1_434' title='bbox 881 4905 966 4959; x_wconf 91' lang='lat' dir='ltr'><strong>recto</strong></span> <span class='ocrx_word' id='word_1_435' title='bbox 1016 4919 1043 4971; x_wconf 58' lang='grc' dir='ltr'><strong>Α</strong></span> <span class='ocrx_word' id='word_1_436' title='bbox 1105 4941 1121 4990; x_wconf 70' lang='lat'><strong>0</strong></span> 
     </span>
     <span class='ocr_line' id='line_1_48' title="bbox 137 4985 968 5076; baseline -0.016 -14"><span class='ocrx_word' id='word_1_437' title='bbox 137 4998 369 5076; x_wconf 73' lang='lat' dir='ltr'><strong>occursu,‘per</strong></span> <span class='ocrx_word' id='word_1_438' title='bbox 398 4990 468 5070; x_wconf 82' lang='lat' dir='ltr'><strong>BC,</strong></span> <span class='ocrx_word' id='word_1_439' title='bbox 501 5000 535 5055; x_wconf 85' lang='lat' dir='ltr'><strong>at</strong></span> <span class='ocrx_word' id='word_1_440' title='bbox 550 4992 636 5072; x_wconf 85' lang='lat' dir='ltr'><strong>.quia</strong></span> <span class='ocrx_word' id='word_1_441' title='bbox 666 4988 723 5053; x_wconf 85' lang='lat' dir='ltr'><strong>DC</strong></span> <span class='ocrx_word' id='word_1_442' title='bbox 748 4987 877 5051; x_wconf 88' lang='lat' dir='ltr'><strong>occurrit</strong></span> <span class='ocrx_word' id='word_1_443' title='bbox 907 4985 968 5068; x_wconf 92' lang='lat' dir='ltr'><strong>ipsi</strong></span> 
     </span>
    </p>
   </div>
   <div class='ocr_carea' id='block_1_16' title="bbox 0 0 1850 5842">
    <p class='ocr_par' dir='ltr' id='par_1_20' title="bbox 0 0 1850 5842">
     <span class='ocr_line' id='line_1_49' title="bbox 0 0 1850 5842; baseline 0 0"><span class='ocrx_word' id='word_1_444' title='bbox 0 0 1850 5842; x_wconf 95' lang='lat' dir='ltr'><strong> </strong></span> 
     </span>
    </p>
   </div>
  </div>
 </body>
</html>
