3692 5842
352 482 411 552 166
815 483 1005 547 Paralipomeua
1023 485 1048 531 iu
1066 481 1233 532 Vitelliouem.

347 675 377 726 et
401 665 498 725 locum
531 662 678 742 imaginis.
726 663 878 724 [nstantia
906 681 977 742 ergo
1010 680 1121 741 magna
1144 662 1177 721 fit
1203 678 1258 739 per
1287 657 1500 721 refractiouum
1533 656 1700 736 negotium.

347 754 379 815 ln
404 750 534 832 speculis
559 751 677 831 quidem
705 751 846 811 convexis
874 751 973 830 imago
998 760 1029 810 et
1053 750 1149 811 minor
1178 758 1305 831 apparet
1328 759 1359 811 et
1384 748 1522 829 propior,
1545 745 1576 808 in
1599 744 1702 826 planis

347 840 481 922 aequalis
505 849 536 901 et
560 839 739 921 quantitatis
764 850 795 901 et
821 840 996 902 remotionis
1021 858 1087 900 cum
1110 859 1142 899 re
1166 840 1248 919 ipsa,
1273 838 1302 899 in
1327 837 1468 900 concavis
1492 845 1525 897 et
1547 835 1648 916 major
1671 844 1702 894 et

346 929 495 992 remotior.
544 930 593 990 lta
616 928 663 989 hic
688 929 749 989 lere
773 930 975 1007 quantitatem
1000 929 1135 1008 sequitur
1163 929 1299 989 remotio.
1346 931 1391 989 At
1413 928 1442 988 in
1468 923 1702 987 retractionibus

345 1019 461 1098 imago,
484 1017 533 1078 ubi
560 1017 695 1098 aequalis
719 1025 773 1077 aut
797 1018 892 1098 major
914 1038 946 1079 re
970 1037 1025 1078 sua
1048 1027 1105 1091 est,
1131 1017 1171 1078 ibi
1203 1018 1442 1098 appropinquat:
1467 1034 1535 1076 cum
1558 1013 1704 1076 minuitur

309 1123 318 1141 ·
346 1107 502 1190 quantitas
535 1106 694 1187 imaginis,
728 1106 858 1168 discedit
882 1116 912 1167 et
936 1107 1002 1185 ipsa
1026 1106 1125 1185 imago
1158 1106 1294 1185 lougius,
1319 1107 1477 1168 utvidere
1501 1103 1604 1166 estin
1628 1119 1701 1181 per·

348 1196 475 1276 spicillis
498 1215 595 1257 rerum
620 1196 737 1276 species
761 1195 973 1269 minuentibus,
998 1194 1025 1257 si
1048 1215 1101 1276 per
1124 1194 1177 1256 illa
1200 1196 1314 1257 eminus
1337 1194 1515 1276 perspicias.

819 1336 849 1398 2.
881 1338 964 1398 Vera
987 1337 1224 1399 Demonstratio.

435 1462 478 1525 Ut
497 1462 587 1542 igitur·
612 1480 730 1522 veram
751 1481 897 1523 causam
922 1463 993 1523 loci
1017 1463 1209 1541 imaginum
1230 1458 1424 1539 patefaciam,
1450 1459 1534 1537 cujus
1550 1454 1703 1535 ignoratio

347 1552 465 1613 macula
481 1551 569 1612 foeda
584 1559 631 1610 est
646 1549 673 1609 iu
689 1550 888 1628 pulcherrima
902 1552 1040 1624 scientia,
1055 1551 1246 1630 praecipuum
1263 1546 1529 1609 demonstrationis
1544 1563 1671 1607 nervum
1686 1564 1704 1604 a

347 1640 492 1720 principio
517 1639 554 1700 ob
579 1640 680 1700 oculos
705 1641 773 1717 poni
797 1641 905 1713 velim,
937 1641 1014 1721 quud
1038 1640 1068 1701 in
1091 1639 1189 1719 planis
1220 1637 1351 1717 speculis
1374 1635 1491 1715 anguli,
1521 1634 1632 1715 quibus
1655 1651 1703 1696 res

348 1729 507 1796 videntur,
533 1747 570 1787 ex
594 1746 770 1806 repercussu
794 1748 852 1789 uon
886 1737 1057 1801 mutantur,
1087 1729 1115 1789 iu
1145 1727 1286 1789 convexis
1310 1736 1342 1788 et
1375 1724 1516 1786 concavis
1540 1735 1573 1785 et
1596 1721 1704 1784 mediis

350 1816 540 1879 densioribus
564 1817 682 1876 ornnino
705 1827 869 1880 mutantur.
915 1819 994 1879 Nam
1019 1818 1190 1897 superficies
1219 1834 1354 1878 convexa
1381 1814 1482 1876 radius
1507 1814 1571 1874 lato
1594 1810 1706 1892 angulo

350 1916 494 1968 coeuntes
518 1914 659 1985 acceptos
682 1906 711 1966 in
737 1908 942 1985 angustiorem
956 1908 1096 1986 angulum
1119 1905 1292 1987 repercutit,
1317 1922 1451 1966 concava
1473 1902 1593 1964 modica
1614 1898 1706 1964 incli-

350 1994 473 2058 natione
489 1994 526 2055 ad
552 1993 710 2055 coitionem
730 2005 926 2075 properantes
951 1997 1114 2075 repercutit
1128 1997 1156 2057 iu
1182 1995 1349 2056 breviorem
1372 1992 1550 2073 pyramida:
1575 1989 1707 2053 medium

352 2085 475 2145 densius
498 2084 639 2157 coituros,
666 2086 844 2145 refractione
861 2085 952 2159 lacta,
978 2085 1116 2146 inlatum
1140 2085 1258 2165 quidem
1272 2101 1348 2163 pene
1368 2082 1442 2143 nihil
1465 2089 1573 2154 mutat,
1599 2079 1707 2160 exiguo

350 2186 452 2235 tamen
486 2172 603 2233 acutius
637 2173 715 2232 coire
745 2174 836 2246 lacit,
871 2174 899 2234 in
932 2174 1026 2235 altum
1058 2192 1128 2235 vero
1161 2174 1248 2253 plane
1280 2171 1430 2233 contrariu
1459 2169 1548 2233 modo
1572 2167 1707 2248 cogitio

351 2281 492 2344 magnum
517 2261 668 2339 angulum.
715 2263 799 2323 llaec
823 2263 944 2343 inquam
976 2263 1158 2342 generaliter
1185 2263 1268 2323 dicta
1291 2261 1320 2321 in
1353 2259 1549 2340 sequentibus
1579 2257 1707 2320 demun·

351 2350 549 2412 stratiouibus
574 2350 612 2409 ob
637 2350 739 2410 oculos
764 2360 946 2412 statuantur.
994 2351 1080 2412 Nunc
1105 2353 1201 2433 ipsam
1225 2349 1511 2411 demonstrationem
1536 2348 1664 2409 adorno·

439 2438 582 2500 Definitio
608 2439 630 2500 l.
677 2439 808 2500 Primum
840 2459 877 2499 ex
910 2441 1075 2520 catoptrice
1107 2442 1135 2502 in
1167 2458 1254 2520 quam
1288 2438 1472 2515 ingredimur
1504 2435 1707 2499 definitionem

351 2527 491 2608 imaginis
516 2527 683 2588 desumtam
703 2527 731 2587 iu
758 2529 906 2589 vestibulo
930 2530 1054 2591 colloco.
1093 2530 1205 2591 Dicunt
1225 2528 1302 2588 enirn
1326 2527 1486 2606 imaginem
1511 2525 1615 2606 optici
1642 2543 1709 2586 cum

350 2637 399 2679 res
424 2617 491 2696 ipsa
515 2616 634 2696 quidem
659 2636 725 2677 curu
750 2619 812 2677 suis
845 2616 994 2678 coloribus
1018 2629 1049 2679 et
1077 2620 1189 2698 figurae
1222 2617 1360 2697 partibus
1390 2615 1541 2687 cernitur,
1567 2615 1623 2676 sed
1647 2612 1709 2676 situ

351 2706 460 2779 alieno,
485 2705 593 2766 alicubi
619 2714 650 2764 et
670 2705 777 2765 alienis
801 2706 905 2767 induta
929 2709 1149 2784 quantitatibus
1169 2718 1200 2768 et
1223 2707 1354 2785 partium
1378 2706 1489 2784 figurae
1513 2702 1709 2784 proportione

350 2796 465 2874 inepta.
512 2793 671 2853 Breviter:
706 2794 806 2873 imago
830 2804 877 2856 est
908 2795 984 2855 visio
1008 2797 1051 2858 rei
1084 2797 1211 2874 alicujus
1235 2813 1302 2856 cum
1332 2813 1433 2855 errore
1467 2794 1648 2855 facultatum
1671 2791 1709 2853 ad

351 2883 449 2944 visum
474 2882 713 2942 concurrentium
738 2884 906 2960 conjuncta.
945 2885 1048 2966 Imago
1073 2885 1164 2964 igitur
1187 2904 1294 2964 perse
1318 2903 1394 2964 pene
1419 2882 1491 2944 nihil
1516 2890 1574 2954 est,
1599 2880 1709 2962 imagi·

352 2972 434 3031 natio
459 2970 558 3049 potius
593 2971 731 3033 dicenda.
779 2971 842 3033 Res
867 2983 914 3033 est
945 2975 1112 3054 composita
1136 2993 1173 3034 ex
1198 2974 1297 3052 specie
1329 2973 1438 3034 coloris
1462 2972 1510 3033 vel
1536 2970 1612 3032 lucis
1635 2969 1709 3032 reali

352 3071 383 3120 et
408 3058 627 3138 quantitatibus
652 3059 906 3123 intentionalibus.

444 3145 519 3208 Cum
544 3148 635 3225 igitur
659 3148 758 3227 imago
782 3150 823 3210 sit
851 3150 933 3211 visus
962 3169 1050 3229 opus,
1085 3152 1121 3211 de
1150 3150 1215 3211 visu
1245 3169 1361 3229 quoque
1390 3147 1617 3228 praemittenda
1640 3156 1710 3209 suut

352 3236 463 3316 aliqua.
511 3236 630 3297 Etenim
656 3238 683 3299 in
708 3237 837 3317 imagine
861 3250 932 3300 sunt
955 3239 1029 3300 haec
1053 3248 1179 3318 quatuor
1202 3240 1408 3318 potissimum,
1433 3239 1529 3312 color,
1555 3237 1634 3299 situs
1658 3256 1711 3298 seu

353 3325 455 3406 plaga,
479 3325 637 3398 distantia,
662 3327 831 3405 quantitas,
858 3347 981 3408 «quorum
1012 3327 1129 3406 singula
1152 3348 1208 3407 quo
1232 3329 1335 3389 visorii
1363 3327 1555 3388 instrumenti
1580 3327 1710 3389 admini-

352 3414 430 3488 culo,
457 3414 562 3493 quibus
578 3415 720 3476 subsidiis
736 3417 1037 3496 comprehendantur,
1054 3418 1281 3496 explicandum:
1304 3417 1440 3498 quarmis
1461 3417 1568 3479 eadem
1584 3415 1711 3478 Vitellia

352 3503 429 3566 libro
446 3501 474 3565 3.
497 3514 529 3563 et
543 3501 573 3567 4.
600 3504 807 3584 explicaverit.
846 3506 943 3566 Nobis
966 3514 1065 3566 tamen
1091 3506 1338 3567 demonstrationi
1364 3506 1523 3566 institutae
1548 3514 1597 3567 est
1620 3505 1711 3586 paulo

354 3593 476 3672 propius
500 3593 757 3672 adremigaudum.

443 3682 612 3760 Propositio
638 3684 660 3745 l.
700 3683 775 3745 Cum
800 3683 892 3763 igitur
916 3681 991 3743 visio
1010 3682 1050 3743 sit
1073 3682 1175 3761 passio
1195 3694 1226 3744 et
1250 3684 1352 3762 passio
1376 3684 1430 3743 fiat
1448 3702 1502 3763 per
1525 3691 1711 3756 contactum,

356 3771 428 3831 nillil
453 3771 543 3848 igitur
567 3772 712 3832 dictorum
738 3773 1005 3851 comprehendetur
1024 3772 1100 3832 citra
1123 3780 1294 3833 contactum
1314 3783 1367 3834 aut
1389 3782 1548 3834 contactus
1573 3773 1712 3851 qualem-

354 3879 469 3936 cunque
501 3859 658 3920 rationem.
707 3864 874 3922 t'outactus
907 3870 1006 3921 auteur
1035 3861 1081 3922 lric
1115 3860 1292 3939 intelligitur
1323 3862 1546 3941 superficierum
1577 3860 1659 3923 oculi
1681 3871 1714 3922 et

356 3948 468 4025 speciei
493 3968 543 4007 seu
570 3950 718 4011 radiorum
744 3971 761 4009 a
786 3950 875 4011 rebus
901 3954 970 4028 (per
993 3949 1164 4027 superiora)
1189 3950 1392 4012 defluentium.

445 4035 615 4115 Propositiu
640 4038 678 4099 ll.
728 4041 802 4100 t'uru
833 4040 923 4118 igitur
956 4038 1066 4117 aliquid
1097 4038 1207 4098 accidit
1239 4040 1350 4116 speciei
1384 4039 1459 4100 lucis
1483 4051 1515 4100 et
1547 4038 1660 4100 coloris
1683 4039 1713 4100 iu

356 4125 453 4186 medio
485 4126 606 4197 itinere,
641 4135 673 4187 ut
697 4147 715 4187 a
739 4127 952 4207 superficiebus
976 4127 1022 4186 vel
1055 4126 1157 4205 politis
1189 4128 1236 4188 vel
1269 4128 1433 4189 mediorum
1465 4128 1641 4190 densiorum
1665 4127 1713 4188 eet

355 4215 596 4291 repercutiantur
619 4214 666 4275 vel
691 4218 902 4295 refringantur,
928 4217 956 4275 id
982 4227 1124 4294 tanquam
1148 4237 1167 4275 a
1191 4228 1330 4278 contactu
1359 4218 1436 4279 oculi
1461 4218 1551 4297 plane
1575 4227 1609 4278 et
1631 4217 1714 4280 omui

357 4312 494 4381 respectu
528 4313 672 4365 remotum
696 4325 753 4367 non
788 4305 1056 4384 comprehendetur·
1079 4304 1116 4364 ab
1140 4306 1226 4365 oculu
1253 4318 1305 4365 aut
1337 4307 1482 4368 sensoriis
1511 4305 1714 4368 facultatibus

356 4392 442 4451 oculo
466 4392 647 4453 astantibus.

447 4480 616 4559 l'ropusitio
643 4483 697 4542 lll.
743 4483 813 4543 lam
848 4482 902 4542 lroc
928 4504 945 4541 a
971 4501 1059 4541 seusu
1092 4484 1218 4560 petitum
1244 4483 1271 4541 in
1302 4482 1440 4543 confesso
1474 4484 1531 4554 sit,
1565 4482 1714 4546 visionem

358 4568 520 4646 legitimam
546 4572 622 4636 ficri,
647 4573 764 4651 quando
790 4570 894 4630 valvae
920 4592 970 4631 seu
995 4571 1109 4650 pupilla
1138 4571 1214 4631 acm
1244 4571 1317 4633 lucis
1341 4571 1425 4632 radio
1454 4575 1591 4652 proxime
1616 4573 1714 4635 adve-

359 4656 451 4718 nienti
486 4659 653 4737 opponitur.
704 4661 774 4723 lude
807 4671 957 4739 sequetur.
990 4660 1084 4721 visum
1110 4661 1145 4720 de
1179 4661 1269 4737 plaga
1302 4661 1378 4720 uude
1408 4660 1458 4722 lun
1492 4662 1637 4724 adveniat
1659 4681 1716 4744 per

358 4745 435 4805 lianc
465 4748 541 4807 oculi
576 4748 727 4827 totiusque
760 4748 859 4808 vultus¹
888 4749 1081 4810 directionem
1105 4768 1158 4810 ceu
1188 4749 1398 4811 adminiculum
1427 4753 1587 4813 certiorem
1617 4752 1714 4814 reddi.

449 4835 618 4914 Propositiu
645 4836 698 4894 ll'.
748 4838 785 4898 m
806 4837 871 4913 jam
898 4839 1000 4898 statim
1024 4852 1052 4897 et
1078 4838 1133 4898 lune
1157 4851 1252 4917 patet.
1278 4860 1400 4899 necesse
1424 4857 1493 4901 esse
1516 4851 1550 4901 ut
1573 4841 1658 4902 visus
1683 4841 1715 4903 in

360 4939 460 4983 errcrre
484 4935 629 4996 versetur,
655 4924 691 4985 de
707 4926 797 5004 plaga
821 4927 920 4987 muudi
941 4947 992 4988 seu
1016 4928 1075 4988 situ
1096 4928 1137 4988 rei
1162 4939 1308 4998 statuens,
1335 4948 1400 4988 cunr
1425 4929 1543 5008 species
1558 4951 1612 4992 seu
1635 4931 1715 4992 radii

361 5027 381 5068 a
403 5010 491 5072 rebus
524 5013 689 5074 defluentes
728 5014 814 5096 inque
856 5015 1041 5096 superficiem
1083 5016 1208 5096 politam
1249 5017 1358 5098 allapsi
1400 5020 1644 5098 repercutiuntur
1675 5021 1716 5082 ad
