<?xml version="1.0" encoding="UTF-8"?>
<!DOCTYPE html PUBLIC "-//W3C//DTD XHTML 1.0 Transitional//EN"
    "http://www.w3.org/TR/xhtml1/DTD/xhtml1-transitional.dtd">
<html xmlns="http://www.w3.org/1999/xhtml" xml:lang="en" lang="en">
 <head>
  <title>
</title>
<meta http-equiv="Content-Type" content="text/html;charset=utf-8" />
  <meta name='ocr-system' content='tesseract 3.04.00' />
  <meta name='ocr-capabilities' content='ocr_page ocr_carea ocr_par ocr_line ocrx_word'/>
</head>
<body>
  <div class='ocr_page' id='page_1' title='image "./joanniskepleria01frisgoog/joanniskepleria01frisgoog_0810.png"; bbox 0 0 3692 5842; ppageno 0'>
   <div class='ocr_carea' id='block_1_1' title="bbox 256 472 1099 558">
    <p class='ocr_par' dir='ltr' id='par_1_1' title="bbox 256 472 1099 558">
     <span class='ocr_line' id='line_1_1' title="bbox 256 472 1099 558; baseline -0.006 -12"><span class='ocrx_word' id='word_1_1' title='bbox 256 472 321 546; x_wconf 76' lang='lat'><strong>798</strong></span> <span class='ocrx_word' id='word_1_2' title='bbox 765 488 956 542; x_wconf 67' lang='lat' dir='ltr'><strong>ramma</strong></span> <span class='ocrx_word' id='word_1_3' title='bbox 974 491 1099 558; x_wconf 65' lang='grc' dir='ltr'><strong>ιιιμιυ.</strong></span> 
     </span>
    </p>
   </div>
   <div class='ocr_carea' id='block_1_2' title="bbox 253 662 1622 5125">
    <p class='ocr_par' dir='ltr' id='par_1_2' title="bbox 255 662 1622 1175">
     <span class='ocr_line' id='line_1_2' title="bbox 255 662 1621 773; baseline 0.005 -51"><span class='ocrx_word' id='word_1_4' title='bbox 255 678 310 740; x_wconf 92' lang='lat' dir='ltr'><strong>pro</strong></span> <span class='ocrx_word' id='word_1_5' title='bbox 333 680 385 735; x_wconf 89' lang='lat' dir='ltr'><strong>eo,</strong></span> <span class='ocrx_word' id='word_1_6' title='bbox 419 663 499 743; x_wconf 92' lang='lat' dir='ltr'><strong>quod</strong></span> <span class='ocrx_word' id='word_1_7' title='bbox 528 662 640 745; x_wconf 82' lang='lat' dir='ltr'><strong>legitur</strong></span> <span class='ocrx_word' id='word_1_8' title='bbox 670 674 738 729; x_wconf 90' lang='lat' dir='ltr'><strong>octo</strong></span> <span class='ocrx_word' id='word_1_9' title='bbox 762 668 846 743; x_wconf 90' lang='lat' dir='ltr'><strong>dies,</strong></span> <span class='ocrx_word' id='word_1_10' title='bbox 863 668 1038 773; x_wconf 34' lang='lat' dir='ltr'><strong>&#39;legendum</strong></span> <span class='ocrx_word' id='word_1_11' title='bbox 1066 669 1202 734; x_wconf 84' lang='lat' dir='ltr'><strong>dixeram</strong></span> <span class='ocrx_word' id='word_1_12' title='bbox 1230 666 1393 740; x_wconf 83' lang='lat' dir='ltr'><strong>octoties,</strong></span> <span class='ocrx_word' id='word_1_13' title='bbox 1427 685 1491 748; x_wconf 87' lang='lat' dir='ltr'><strong>pro</strong></span> <span class='ocrx_word' id='word_1_14' title='bbox 1519 666 1621 729; x_wconf 75' lang='lat' dir='ltr'><strong>ostica</strong></span> 
     </span>
     <span class='ocr_line' id='line_1_3' title="bbox 255 750 1621 843; baseline 0.004 -29"><span class='ocrx_word' id='word_1_15' title='bbox 255 750 340 814; x_wconf 82' lang='lat' dir='ltr'><strong>Haec</strong></span> <span class='ocrx_word' id='word_1_16' title='bbox 363 754 518 833; x_wconf 81' lang='lat' dir='ltr'><strong>responsio</strong></span> <span class='ocrx_word' id='word_1_17' title='bbox 543 773 615 817; x_wconf 88' lang='lat' dir='ltr'><strong>vera</strong></span> <span class='ocrx_word' id='word_1_18' title='bbox 637 765 696 820; x_wconf 89' lang='lat' dir='ltr'><strong>est.</strong></span> <span class='ocrx_word' id='word_1_19' title='bbox 742 757 821 820; x_wconf 87' lang='lat' dir='ltr'><strong>Nam</strong></span> <span class='ocrx_word' id='word_1_20' title='bbox 844 759 871 819; x_wconf 91' lang='lat' dir='ltr'><strong>si</strong></span> <span class='ocrx_word' id='word_1_21' title='bbox 894 759 951 821; x_wconf 88' lang='lat' dir='ltr'><strong>hoc</strong></span> <span class='ocrx_word' id='word_1_22' title='bbox 975 759 1019 821; x_wconf 88' lang='lat' dir='ltr'><strong>ita</strong></span> <span class='ocrx_word' id='word_1_23' title='bbox 1040 768 1210 843; x_wconf 87' lang='lat' dir='ltr'><strong>spectatum</strong></span> <span class='ocrx_word' id='word_1_24' title='bbox 1232 765 1282 820; x_wconf 86' lang='lat' dir='ltr'><strong>est</strong></span> <span class='ocrx_word' id='word_1_25' title='bbox 1299 758 1399 820; x_wconf 81' lang='lat' dir='ltr'>va</span> <span class='ocrx_word' id='word_1_26' title='bbox 1415 754 1493 820; x_wconf 81' lang='lat' dir='ltr'><strong>Cal.</strong></span> <span class='ocrx_word' id='word_1_27' title='bbox 1509 757 1621 837; x_wconf 77' lang='lat' dir='ltr'><strong>Apsilia</strong></span> 
     </span>
     <span class='ocr_line' id='line_1_4' title="bbox 255 840 1622 936; baseline 0.005 -36"><span class='ocrx_word' id='word_1_28' title='bbox 255 859 315 901; x_wconf 94' lang='lat' dir='ltr'><strong>nno</strong></span> <span class='ocrx_word' id='word_1_29' title='bbox 350 840 418 903; x_wconf 92' lang='lat' dir='ltr'><strong>die·</strong></span> <span class='ocrx_word' id='word_1_30' title='bbox 452 860 511 903; x_wconf 94' lang='lat' dir='ltr'><strong>non</strong></span> <span class='ocrx_word' id='word_1_31' title='bbox 544 852 592 905; x_wconf 89' lang='lat' dir='ltr'><strong>est</strong></span> <span class='ocrx_word' id='word_1_32' title='bbox 624 844 716 925; x_wconf 80' lang='lat' dir='ltr'><strong>igitur</strong></span> <span class='ocrx_word' id='word_1_33' title='bbox 747 855 916 926; x_wconf 85' lang='lat' dir='ltr'><strong>spectatum</strong></span> <span class='ocrx_word' id='word_1_34' title='bbox 946 850 1062 936; x_wconf 67' lang='lat' dir='ltr'><strong>peri,</strong></span> <span class='ocrx_word' id='word_1_35' title='bbox 1093 844 1231 913; x_wconf 76' lang='lat' dir='ltr'><strong>dvali)</strong></span> <span class='ocrx_word' id='word_1_36' title='bbox 1260 847 1340 909; x_wconf 89' lang='lat' dir='ltr'><strong>dies.</strong></span> <span class='ocrx_word' id='word_1_37' title='bbox 1391 845 1529 925; x_wconf 78' lang='lat' dir='ltr'>Excipit</span> <span class='ocrx_word' id='word_1_38' title='bbox 1558 864 1622 907; x_wconf 79' lang='lat' dir='ltr'><strong>sero</strong></span> 
     </span>
     <span class='ocr_line' id='line_1_5' title="bbox 257 928 1621 1019; baseline 0.003 -28"><span class='ocrx_word' id='word_1_39' title='bbox 257 928 443 1009; x_wconf 77' lang='lat' dir='ltr'><strong>disputator,</strong></span> <span class='ocrx_word' id='word_1_40' title='bbox 475 951 534 995; x_wconf 93' lang='lat' dir='ltr'><strong>non</strong></span> <span class='ocrx_word' id='word_1_41' title='bbox 565 953 669 997; x_wconf 91' lang='lat' dir='ltr'><strong>omnes</strong></span> <span class='ocrx_word' id='word_1_42' title='bbox 698 946 836 997; x_wconf 83' lang='lat' dir='ltr'><strong>auctores</strong></span> <span class='ocrx_word' id='word_1_43' title='bbox 866 938 979 1000; x_wconf 89' lang='lat' dir='ltr'><strong>habere</strong></span> <span class='ocrx_word' id='word_1_44' title='bbox 1006 948 1075 1000; x_wconf 90' lang='lat' dir='ltr'><strong>octo</strong></span> <span class='ocrx_word' id='word_1_45' title='bbox 1098 938 1181 1012; x_wconf 88' lang='lat' dir='ltr'><strong>dies,</strong></span> <span class='ocrx_word' id='word_1_46' title='bbox 1214 956 1252 999; x_wconf 86' lang='lat' dir='ltr'><strong>ex</strong></span> <span class='ocrx_word' id='word_1_47' title='bbox 1275 956 1337 1019; x_wconf 88' lang='lat' dir='ltr'><strong>quo</strong></span> <span class='ocrx_word' id='word_1_48' title='bbox 1376 936 1535 997; x_wconf 83' lang='lat' dir='ltr'><strong>concinne</strong></span> <span class='ocrx_word' id='word_1_49' title='bbox 1561 953 1621 1015; x_wconf 80' lang='lat' dir='ltr'><strong>qma</strong></span> 
     </span>
     <span class='ocr_line' id='line_1_6' title="bbox 255 1019 1620 1175; baseline 0.005 -96"><span class='ocrx_word' id='word_1_50' title='bbox 255 1019 391 1175; x_wconf 41' lang='lat' dir='ltr'><strong>tallioruzlet</strong></span> <span class='ocrx_word' id='word_1_51' title='bbox 413 1022 486 1085; x_wconf 91' lang='lat' dir='ltr'><strong>illud</strong></span> <span class='ocrx_word' id='word_1_52' title='bbox 510 1024 655 1103; x_wconf 89' lang='lat' dir='ltr'><strong>octoties,</strong></span> <span class='ocrx_word' id='word_1_53' title='bbox 684 1045 754 1088; x_wconf 89' lang='lat' dir='ltr'><strong>narn</strong></span> <span class='ocrx_word' id='word_1_54' title='bbox 777 1026 858 1105; x_wconf 90' lang='lat' dir='ltr'><strong>apud</strong></span> <span class='ocrx_word' id='word_1_55' title='bbox 879 1027 1066 1109; x_wconf 79' lang='lat' dir='ltr'><strong>Eginardum</strong></span> <span class='ocrx_word' id='word_1_56' title='bbox 1089 1046 1157 1090; x_wconf 89' lang='lat' dir='ltr'><strong>esse</strong></span> <span class='ocrx_word' id='word_1_57' title='bbox 1179 1026 1246 1089; x_wconf 85' lang='lat' dir='ltr'><strong>dues</strong></span> <span class='ocrx_word' id='word_1_58' title='bbox 1267 1024 1334 1101; x_wconf 85' lang='grc'><strong>7</strong></span> <span class='ocrx_word' id='word_1_59' title='bbox 1323 1045 1357 1087; x_wconf 86' lang='grc' dir='ltr'><strong>ιιι</strong></span> <span class='ocrx_word' id='word_1_60' title='bbox 1383 1024 1500 1087; x_wconf 82' lang='lat' dir='ltr'><strong>Bedae</strong></span> <span class='ocrx_word' id='word_1_61' title='bbox 1525 1024 1620 1086; x_wconf 72' lang='lat' dir='ltr'><strong>oodioe</strong></span> 
     </span>
     <span class='ocr_line' id='line_1_7' title="bbox 275 1127 320 1171; baseline 0.022 -1"><span class='ocrx_word' id='word_1_62' title='bbox 275 1127 320 1171; x_wconf 83' lang='lat' dir='ltr'><strong>ros</strong></span> 
     </span>
    </p>

    <p class='ocr_par' dir='ltr' id='par_1_3' title="bbox 253 1151 1620 1906">
     <span class='ocr_line' id='line_1_8' title="bbox 342 1151 1617 1302; baseline 0.002 -41"><span class='ocrx_word' id='word_1_63' title='bbox 342 1199 534 1302; x_wconf 88' lang='lat' dir='ltr'><strong>Respondeo,</strong></span> <span class='ocrx_word' id='word_1_64' title='bbox 558 1212 672 1266; x_wconf 87' lang='lat' dir='ltr'><strong>certum</strong></span> <span class='ocrx_word' id='word_1_65' title='bbox 697 1223 765 1266; x_wconf 87' lang='lat' dir='ltr'><strong>esse</strong></span> <span class='ocrx_word' id='word_1_66' title='bbox 788 1223 877 1266; x_wconf 91' lang='lat' dir='ltr'><strong>uuum</strong></span> <span class='ocrx_word' id='word_1_67' title='bbox 901 1204 1030 1285; x_wconf 90' lang='lat' dir='ltr'><strong>aliquem</strong></span> <span class='ocrx_word' id='word_1_68' title='bbox 1058 1205 1186 1286; x_wconf 91' lang='lat' dir='ltr'><strong>primum</strong></span> <span class='ocrx_word' id='word_1_69' title='bbox 1212 1151 1321 1279; x_wconf 69' lang='lat' dir='ltr'><strong>muse,</strong></span> <span class='ocrx_word' id='word_1_70' title='bbox 1347 1202 1403 1288; x_wconf 84' lang='lat' dir='ltr'><strong>qui</strong></span> <span class='ocrx_word' id='word_1_71' title='bbox 1428 1202 1617 1283; x_wconf 69' lang='lat' dir='ltr'><strong>consignavi</strong></span> 
     </span>
     <span class='ocr_line' id='line_1_9' title="bbox 255 1287 1618 1399; baseline 0.003 -49"><span class='ocrx_word' id='word_1_72' title='bbox 255 1287 333 1350; x_wconf 87' lang='lat' dir='ltr'><strong>hauc</strong></span> <span class='ocrx_word' id='word_1_73' title='bbox 358 1289 502 1353; x_wconf 85' lang='lat' dir='ltr'><strong>visionem</strong></span> <span class='ocrx_word' id='word_1_74' title='bbox 516 1291 614 1355; x_wconf 92' lang='lat' dir='ltr'><strong>Solis:</strong></span> <span class='ocrx_word' id='word_1_75' title='bbox 640 1302 757 1356; x_wconf 89' lang='lat' dir='ltr'><strong>ceteros</strong></span> <span class='ocrx_word' id='word_1_76' title='bbox 772 1294 810 1354; x_wconf 89' lang='lat' dir='ltr'><strong>ab</strong></span> <span class='ocrx_word' id='word_1_77' title='bbox 825 1294 881 1356; x_wconf 88' lang='lat' dir='ltr'><strong>hoc</strong></span> <span class='ocrx_word' id='word_1_78' title='bbox 905 1294 1111 1399; x_wconf 81' lang='lat' dir='ltr'><strong>descripsisse</strong></span> <span class='ocrx_word' id='word_1_79' title='bbox 1144 1294 1252 1356; x_wconf 83' lang='lat' dir='ltr'><strong>Fuisse</strong></span> <span class='ocrx_word' id='word_1_80' title='bbox 1271 1301 1378 1355; x_wconf 86' lang='lat' dir='ltr'><strong>autem</strong></span> <span class='ocrx_word' id='word_1_81' title='bbox 1397 1302 1618 1364; x_wconf 72' lang='lat' dir='ltr'><strong>astronom</strong></span> 
     </span>
     <span class='ocr_line' id='line_1_10' title="bbox 257 1377 1618 1463; baseline 0.006 -26"><span class='ocrx_word' id='word_1_82' title='bbox 257 1377 452 1459; x_wconf 81' lang='lat' dir='ltr'><strong>descriptio</strong></span> <span class='ocrx_word' id='word_1_83' title='bbox 443 1399 512 1460; x_wconf 88' lang='lat' dir='ltr'><strong>rpsa</strong></span> <span class='ocrx_word' id='word_1_84' title='bbox 534 1381 666 1446; x_wconf 83' lang='lat' dir='ltr'><strong>indicat:</strong></span> <span class='ocrx_word' id='word_1_85' title='bbox 690 1383 870 1446; x_wconf 89' lang='lat' dir='ltr'><strong>Maculam</strong></span> <span class='ocrx_word' id='word_1_86' title='bbox 891 1401 1042 1463; x_wconf 84' lang='lat' dir='ltr'><strong>parvam</strong></span> <span class='ocrx_word' id='word_1_87' title='bbox 1063 1384 1099 1446; x_wconf 90' lang='lat' dir='ltr'><strong>in</strong></span> <span class='ocrx_word' id='word_1_88' title='bbox 1122 1382 1209 1447; x_wconf 82' lang='lat' dir='ltr'><strong>Sola</strong></span> <span class='ocrx_word' id='word_1_89' title='bbox 1232 1384 1361 1445; x_wconf 79' lang='lat' dir='ltr'><strong>visam.</strong></span> <span class='ocrx_word' id='word_1_90' title='bbox 1388 1379 1487 1455; x_wconf 85' lang='lat' dir='ltr'><strong>Quis,</strong></span> <span class='ocrx_word' id='word_1_91' title='bbox 1503 1382 1618 1454; x_wconf 76' lang='lat' dir='ltr'><strong>matun.</strong></span> 
     </span>
     <span class='ocr_line' id='line_1_11' title="bbox 254 1457 1619 1554; baseline 0.004 -26"><span class='ocrx_word' id='word_1_92' title='bbox 254 1466 313 1529; x_wconf 91' lang='lat' dir='ltr'><strong>nisi</strong></span> <span class='ocrx_word' id='word_1_93' title='bbox 337 1475 545 1546; x_wconf 91' lang='lat' dir='ltr'><strong>astronomus,</strong></span> <span class='ocrx_word' id='word_1_94' title='bbox 575 1471 636 1534; x_wconf 88' lang='lat' dir='ltr'><strong>rari</strong></span> <span class='ocrx_word' id='word_1_95' title='bbox 659 1479 690 1533; x_wconf 91' lang='lat' dir='ltr'><strong>et</strong></span> <span class='ocrx_word' id='word_1_96' title='bbox 712 1471 826 1534; x_wconf 88' lang='lat' dir='ltr'><strong>insoliti</strong></span> <span class='ocrx_word' id='word_1_97' title='bbox 849 1472 1048 1554; x_wconf 89' lang='lat' dir='ltr'><strong>phaenomeni</strong></span> <span class='ocrx_word' id='word_1_98' title='bbox 1069 1472 1273 1553; x_wconf 85' lang='lat' dir='ltr'><strong>praescientia</strong></span> <span class='ocrx_word' id='word_1_99' title='bbox 1293 1457 1490 1552; x_wconf 77' lang='lat' dir='ltr'><strong>instigatus,</strong></span> <span class='ocrx_word' id='word_1_100' title='bbox 1522 1471 1619 1533; x_wconf 77' lang='lat' dir='ltr'><strong>orclas</strong></span> 
     </span>
     <span class='ocr_line' id='line_1_12' title="bbox 254 1554 1620 1643; baseline 0.003 -26"><span class='ocrx_word' id='word_1_101' title='bbox 254 1556 285 1617; x_wconf 94' lang='lat' dir='ltr'><strong>in</strong></span> <span class='ocrx_word' id='word_1_102' title='bbox 309 1554 411 1619; x_wconf 90' lang='lat' dir='ltr'><strong>Solem</strong></span> <span class='ocrx_word' id='word_1_103' title='bbox 435 1558 546 1639; x_wconf 83' lang='lat' dir='ltr'><strong>dirigat</strong></span> <span class='ocrx_word' id='word_1_104' title='bbox 569 1561 729 1642; x_wconf 84' lang='lat' dir='ltr'><strong>videatque</strong></span> <span class='ocrx_word' id='word_1_105' title='bbox 752 1563 901 1624; x_wconf 89' lang='lat' dir='ltr'><strong>maculam</strong></span> <span class='ocrx_word' id='word_1_106' title='bbox 923 1580 1048 1643; x_wconf 86' lang='lat' dir='ltr'><strong>parvam</strong></span> <span class='ocrx_word' id='word_1_107' title='bbox 1070 1563 1100 1625; x_wconf 94' lang='lat' dir='ltr'><strong>in</strong></span> <span class='ocrx_word' id='word_1_108' title='bbox 1120 1560 1202 1638; x_wconf 91' lang='lat' dir='ltr'><strong>Sole,</strong></span> <span class='ocrx_word' id='word_1_109' title='bbox 1225 1562 1252 1624; x_wconf 87' lang='lat' dir='ltr'><strong>si</strong></span> <span class='ocrx_word' id='word_1_110' title='bbox 1275 1561 1372 1625; x_wconf 80' lang='lat' dir='ltr'><strong>etiam</strong></span> <span class='ocrx_word' id='word_1_111' title='bbox 1395 1560 1551 1642; x_wconf 84' lang='lat' dir='ltr'><strong>perennis</strong></span> <span class='ocrx_word' id='word_1_112' title='bbox 1572 1559 1620 1621; x_wconf 80' lang='lat' dir='ltr'><strong>ida</strong></span> 
     </span>
     <span class='ocr_line' id='line_1_13' title="bbox 253 1644 1619 1733; baseline 0.004 -27"><span class='ocrx_word' id='word_1_113' title='bbox 253 1646 362 1707; x_wconf 83' lang='lat' dir='ltr'><strong>esset?</strong></span> <span class='ocrx_word' id='word_1_114' title='bbox 398 1644 526 1717; x_wconf 80' lang='lat' dir='ltr'><strong>Quando</strong></span> <span class='ocrx_word' id='word_1_115' title='bbox 556 1670 593 1712; x_wconf 90' lang='lat' dir='ltr'><strong>ne</strong></span> <span class='ocrx_word' id='word_1_116' title='bbox 624 1650 709 1713; x_wconf 89' lang='lat' dir='ltr'><strong>illnm</strong></span> <span class='ocrx_word' id='word_1_117' title='bbox 739 1651 858 1733; x_wconf 90' lang='lat' dir='ltr'><strong>quidem</strong></span> <span class='ocrx_word' id='word_1_118' title='bbox 891 1660 990 1714; x_wconf 88' lang='lat' dir='ltr'><strong>atrum</strong></span> <span class='ocrx_word' id='word_1_119' title='bbox 1018 1659 1160 1732; x_wconf 87' lang='lat' dir='ltr'><strong>punctum</strong></span> <span class='ocrx_word' id='word_1_120' title='bbox 1191 1652 1222 1713; x_wconf 94' lang='lat' dir='ltr'><strong>in</strong></span> <span class='ocrx_word' id='word_1_121' title='bbox 1250 1649 1455 1714; x_wconf 78' lang='lat' dir='ltr'><strong>extremitate</strong></span> <span class='ocrx_word' id='word_1_122' title='bbox 1490 1650 1619 1729; x_wconf 72' lang='lat' dir='ltr'><strong>corpora</strong></span> 
     </span>
     <span class='ocr_line' id='line_1_14' title="bbox 253 1734 1618 1820; baseline 0.004 -24"><span class='ocrx_word' id='word_1_123' title='bbox 253 1734 358 1797; x_wconf 63' lang='lat' dir='ltr'><strong>linoae</strong></span> <span class='ocrx_word' id='word_1_124' title='bbox 382 1736 486 1799; x_wconf 85' lang='lat' dir='ltr'><strong>vident</strong></span> <span class='ocrx_word' id='word_1_125' title='bbox 510 1755 628 1815; x_wconf 86' lang='lat' dir='ltr'><strong>omnes,</strong></span> <span class='ocrx_word' id='word_1_126' title='bbox 661 1742 720 1803; x_wconf 85' lang='lat' dir='ltr'><strong>etsi</strong></span> <span class='ocrx_word' id='word_1_127' title='bbox 743 1741 831 1804; x_wconf 86' lang='lat' dir='ltr'><strong>Luna</strong></span> <span class='ocrx_word' id='word_1_128' title='bbox 853 1740 935 1803; x_wconf 96' lang='lat' dir='ltr'><strong>nullo</strong></span> <span class='ocrx_word' id='word_1_129' title='bbox 959 1742 1068 1804; x_wconf 91' lang='lat' dir='ltr'><strong>damno</strong></span> <span class='ocrx_word' id='word_1_130' title='bbox 1097 1742 1248 1805; x_wconf 88' lang='lat' dir='ltr'><strong>oculorum</strong></span> <span class='ocrx_word' id='word_1_131' title='bbox 1278 1739 1391 1820; x_wconf 90' lang='lat' dir='ltr'><strong>inspici</strong></span> <span class='ocrx_word' id='word_1_132' title='bbox 1415 1738 1461 1800; x_wconf 80' lang='lat' dir='ltr'><strong>ab</strong></span> <span class='ocrx_word' id='word_1_133' title='bbox 1486 1738 1618 1801; x_wconf 80' lang='lat' dir='ltr'><strong>omnibus</strong></span> 
     </span>
     <span class='ocr_line' id='line_1_15' title="bbox 253 1833 366 1906; baseline -0.009 -18"><span class='ocrx_word' id='word_1_134' title='bbox 253 1833 366 1906; x_wconf 81' lang='lat' dir='ltr'><strong>potest</strong></span> 
     </span>
    </p>

    <p class='ocr_par' dir='ltr' id='par_1_4' title="bbox 253 1913 1615 4591">
     <span class='ocr_line' id='line_1_16' title="bbox 343 1913 1615 2001; baseline 0.001 -24"><span class='ocrx_word' id='word_1_135' title='bbox 343 1913 473 1995; x_wconf 84' lang='lat' dir='ltr'><strong>Reliqua</strong></span> <span class='ocrx_word' id='word_1_136' title='bbox 505 1926 701 1998; x_wconf 81' lang='lat' dir='ltr'><strong>arguments,</strong></span> <span class='ocrx_word' id='word_1_137' title='bbox 739 1919 845 2000; x_wconf 87' lang='lat' dir='ltr'><strong>quibus</strong></span> <span class='ocrx_word' id='word_1_138' title='bbox 876 1919 1022 2001; x_wconf 90' lang='lat' dir='ltr'><strong>probatur</strong></span> <span class='ocrx_word' id='word_1_139' title='bbox 1053 1919 1230 2001; x_wconf 84' lang='lat' dir='ltr'><strong>scriptorem</strong></span> <span class='ocrx_word' id='word_1_140' title='bbox 1261 1916 1358 1981; x_wconf 80' lang='lat' dir='ltr'><strong>fnisse</strong></span> <span class='ocrx_word' id='word_1_141' title='bbox 1396 1925 1615 1990; x_wconf 67' lang='lat' dir='ltr'><strong>amomum,</strong></span> 
     </span>
     <span class='ocr_line' id='line_1_17' title="bbox 255 2005 1615 2091; baseline 0.001 -26"><span class='ocrx_word' id='word_1_142' title='bbox 255 2021 365 2084; x_wconf 86' lang='lat' dir='ltr'><strong>operae</strong></span> <span class='ocrx_word' id='word_1_143' title='bbox 388 2005 518 2084; x_wconf 89' lang='lat' dir='ltr'><strong>pretium</strong></span> <span class='ocrx_word' id='word_1_144' title='bbox 542 2016 591 2070; x_wconf 92' lang='lat' dir='ltr'><strong>est</strong></span> <span class='ocrx_word' id='word_1_145' title='bbox 614 2028 651 2070; x_wconf 84' lang='lat' dir='ltr'><strong>ex</strong></span> <span class='ocrx_word' id='word_1_146' title='bbox 674 2008 804 2088; x_wconf 89' lang='lat' dir='ltr'><strong>epistola</strong></span> <span class='ocrx_word' id='word_1_147' title='bbox 827 2029 894 2071; x_wconf 90' lang='lat' dir='ltr'><strong>mea</strong></span> <span class='ocrx_word' id='word_1_148' title='bbox 916 2027 1112 2089; x_wconf 79' lang='lat' dir='ltr'><strong>cognoscere,</strong></span> <span class='ocrx_word' id='word_1_149' title='bbox 1137 2028 1225 2091; x_wconf 92' lang='lat' dir='ltr'><strong>quam</strong></span> <span class='ocrx_word' id='word_1_150' title='bbox 1249 2026 1341 2088; x_wconf 91' lang='lat' dir='ltr'><strong>super</strong></span> <span class='ocrx_word' id='word_1_151' title='bbox 1365 2006 1429 2068; x_wconf 86' lang='lat' dir='ltr'><strong>hac</strong></span> <span class='ocrx_word' id='word_1_152' title='bbox 1454 2026 1492 2068; x_wconf 89' lang='lat' dir='ltr'><strong>re</strong></span> <span class='ocrx_word' id='word_1_153' title='bbox 1515 2006 1615 2087; x_wconf 81' lang='lat' dir='ltr'><strong>scripsi</strong></span> 
     </span>
     <span class='ocr_line' id='line_1_18' title="bbox 254 2092 1614 2179; baseline 0.003 -24"><span class='ocrx_word' id='word_1_154' title='bbox 254 2094 293 2155; x_wconf 83' lang='lat' dir='ltr'><strong>ad</strong></span> <span class='ocrx_word' id='word_1_155' title='bbox 317 2093 503 2173; x_wconf 77' lang='lat' dir='ltr'><strong>praedicam</strong></span> <span class='ocrx_word' id='word_1_156' title='bbox 531 2096 683 2175; x_wconf 73' lang='lat' dir='ltr'><strong>iuvenem,</strong></span> <span class='ocrx_word' id='word_1_157' title='bbox 707 2099 835 2161; x_wconf 83' lang='lat' dir='ltr'><strong>thesium</strong></span> <span class='ocrx_word' id='word_1_158' title='bbox 857 2105 1119 2179; x_wconf 78' lang='lat' dir='ltr'><strong>propugnatorem,</strong></span> <span class='ocrx_word' id='word_1_159' title='bbox 1147 2092 1197 2161; x_wconf 83' lang='grc'><strong>16.</strong></span> <span class='ocrx_word' id='word_1_160' title='bbox 1221 2095 1408 2161; x_wconf 84' lang='lat' dir='ltr'><strong>Novembris</strong></span> <span class='ocrx_word' id='word_1_161' title='bbox 1440 2097 1517 2158; x_wconf 80' lang='lat' dir='ltr'><strong>anni</strong></span> <span class='ocrx_word' id='word_1_162' title='bbox 1540 2095 1614 2157; x_wconf 82' lang='lat' dir='ltr'><strong>sexti</strong></span> 
     </span>
     <span class='ocr_line' id='line_1_19' title="bbox 253 2186 1611 2269; baseline 0.003 -25"><span class='ocrx_word' id='word_1_163' title='bbox 253 2201 347 2263; x_wconf 88' lang='lat' dir='ltr'><strong>supra</strong></span> <span class='ocrx_word' id='word_1_164' title='bbox 369 2186 640 2249; x_wconf 84' lang='lat' dir='ltr'><strong>sexcentesimum:</strong></span> <span class='ocrx_word' id='word_1_165' title='bbox 671 2207 758 2269; x_wconf 89' lang='lat' dir='ltr'><strong>quem</strong></span> <span class='ocrx_word' id='word_1_166' title='bbox 782 2188 861 2250; x_wconf 90' lang='lat' dir='ltr'><strong>diem</strong></span> <span class='ocrx_word' id='word_1_167' title='bbox 889 2188 1008 2251; x_wconf 91' lang='lat' dir='ltr'><strong>notabit</strong></span> <span class='ocrx_word' id='word_1_168' title='bbox 1039 2189 1149 2264; x_wconf 90' lang='lat' dir='ltr'><strong>lector,</strong></span> <span class='ocrx_word' id='word_1_169' title='bbox 1180 2195 1215 2249; x_wconf 92' lang='lat' dir='ltr'><strong>ut</strong></span> <span class='ocrx_word' id='word_1_170' title='bbox 1239 2188 1277 2250; x_wconf 92' lang='lat' dir='ltr'><strong>de</strong></span> <span class='ocrx_word' id='word_1_171' title='bbox 1298 2186 1359 2248; x_wconf 80' lang='lat' dir='ltr'><strong>fide</strong></span> <span class='ocrx_word' id='word_1_172' title='bbox 1384 2203 1513 2256; x_wconf 88' lang='lat' dir='ltr'><strong>eorum,</strong></span> <span class='ocrx_word' id='word_1_173' title='bbox 1544 2204 1611 2266; x_wconf 81' lang='lat' dir='ltr'><strong>qnae</strong></span> 
     </span>
     <span class='ocr_line' id='line_1_20' title="bbox 254 2271 1610 2358; baseline 0.001 -25"><span class='ocrx_word' id='word_1_174' title='bbox 254 2281 427 2355; x_wconf 84' lang='lat' dir='ltr'><strong>sequentur,</strong></span> <span class='ocrx_word' id='word_1_175' title='bbox 451 2275 550 2354; x_wconf 88' lang='lat' dir='ltr'><strong>possit</strong></span> <span class='ocrx_word' id='word_1_176' title='bbox 572 2295 640 2337; x_wconf 89' lang='lat' dir='ltr'><strong>esse</strong></span> <span class='ocrx_word' id='word_1_177' title='bbox 663 2284 750 2339; x_wconf 90' lang='lat' dir='ltr'><strong>tanto</strong></span> <span class='ocrx_word' id='word_1_178' title='bbox 774 2278 895 2340; x_wconf 88' lang='lat' dir='ltr'><strong>certior.</strong></span> <span class='ocrx_word' id='word_1_179' title='bbox 911 2273 955 2352; x_wconf 81' lang='lat'><strong>⁸¹)</strong></span> <span class='ocrx_word' id='word_1_180' title='bbox 1000 2276 1053 2340; x_wconf 91' lang='lat' dir='ltr'><strong>Sic</strong></span> <span class='ocrx_word' id='word_1_181' title='bbox 1075 2277 1168 2358; x_wconf 84' lang='lat' dir='ltr'><strong>igitur</strong></span> <span class='ocrx_word' id='word_1_182' title='bbox 1188 2277 1269 2339; x_wconf 85' lang='lat' dir='ltr'><strong>inter</strong></span> <span class='ocrx_word' id='word_1_183' title='bbox 1291 2283 1416 2337; x_wconf 82' lang='lat' dir='ltr'><strong>cetera:</strong></span> <span class='ocrx_word' id='word_1_184' title='bbox 1446 2271 1558 2350; x_wconf 84' lang='lat' dir='ltr'><strong>„Quas</strong></span> <span class='ocrx_word' id='word_1_185' title='bbox 1577 2274 1610 2335; x_wconf 79' lang='lat' dir='ltr'><strong>tle</strong></span> 
     </span>
     <span class='ocr_line' id='line_1_21' title="bbox 254 2361 1609 2447; baseline 0.002 -25"><span class='ocrx_word' id='word_1_186' title='bbox 254 2361 405 2425; x_wconf 81' lang='lat' dir='ltr'><strong>Mercurio</strong></span> <span class='ocrx_word' id='word_1_187' title='bbox 429 2362 484 2424; x_wconf 89' lang='lat' dir='ltr'><strong>snb</strong></span> <span class='ocrx_word' id='word_1_188' title='bbox 503 2361 575 2426; x_wconf 92' lang='lat' dir='ltr'><strong>Sole</strong></span> <span class='ocrx_word' id='word_1_189' title='bbox 598 2365 664 2427; x_wconf 89' lang='lat' dir='ltr'><strong>viso</strong></span> <span class='ocrx_word' id='word_1_190' title='bbox 687 2365 837 2447; x_wconf 87' lang='lat' dir='ltr'><strong>objecisti,</strong></span> <span class='ocrx_word' id='word_1_191' title='bbox 860 2386 899 2428; x_wconf 88' lang='lat' dir='ltr'><strong>ea</strong></span> <span class='ocrx_word' id='word_1_192' title='bbox 920 2383 979 2429; x_wconf 89' lang='lat' dir='ltr'><strong>nnn</strong></span> <span class='ocrx_word' id='word_1_193' title='bbox 1002 2367 1177 2447; x_wconf 76' lang='lat' dir='ltr'><strong>persuades.</strong></span> <span class='ocrx_word' id='word_1_194' title='bbox 1214 2363 1364 2428; x_wconf 86' lang='lat' dir='ltr'><strong>Historici</strong></span> <span class='ocrx_word' id='word_1_195' title='bbox 1388 2363 1475 2445; x_wconf 86' lang='lat' dir='ltr'><strong>qnod</strong></span> <span class='ocrx_word' id='word_1_196' title='bbox 1500 2384 1539 2425; x_wconf 80' lang='lat' dir='ltr'><strong>ex</strong></span> <span class='ocrx_word' id='word_1_197' title='bbox 1559 2381 1609 2426; x_wconf 83' lang='lat' dir='ltr'><strong>una</strong></span> 
     </span>
     <span class='ocr_line' id='line_1_22' title="bbox 255 2452 1610 2538; baseline 0.001 -25"><span class='ocrx_word' id='word_1_198' title='bbox 255 2452 428 2513; x_wconf 73' lang='lat' dir='ltr'><strong>matheseos</strong></span> <span class='ocrx_word' id='word_1_199' title='bbox 460 2452 560 2533; x_wconf 88' lang='lat' dir='ltr'><strong>pan&#39;to</strong></span> <span class='ocrx_word' id='word_1_200' title='bbox 590 2466 790 2538; x_wconf 85' lang='lat' dir='ltr'><strong>acceperunt,</strong></span> <span class='ocrx_word' id='word_1_201' title='bbox 823 2455 1097 2537; x_wconf 78' lang='lat' dir='ltr'><strong>transscripserunt</strong></span> <span class='ocrx_word' id='word_1_202' title='bbox 1128 2455 1206 2518; x_wconf 89' lang='lat' dir='ltr'><strong>male</strong></span> <span class='ocrx_word' id='word_1_203' title='bbox 1236 2454 1443 2517; x_wconf 87' lang='lat' dir='ltr'><strong>intellectum.</strong></span> <span class='ocrx_word' id='word_1_204' title='bbox 1496 2452 1610 2516; x_wconf 78' lang='lat' dir='ltr'><strong>-Fateris</strong></span> 
     </span>
     <span class='ocr_line' id='line_1_23' title="bbox 254 2540 1610 2627; baseline 0.001 -24"><span class='ocrx_word' id='word_1_205' title='bbox 254 2540 329 2623; x_wconf 86' lang='lat' dir='ltr'><strong>ipse,</strong></span> <span class='ocrx_word' id='word_1_206' title='bbox 354 2550 525 2621; x_wconf 80' lang='lat' dir='ltr'><strong>corruptam</strong></span> <span class='ocrx_word' id='word_1_207' title='bbox 544 2544 623 2622; x_wconf 90' lang='lat' dir='ltr'><strong>apud</strong></span> <span class='ocrx_word' id='word_1_208' title='bbox 641 2548 799 2627; x_wconf 89' lang='lat' dir='ltr'><strong>plerosque</strong></span> <span class='ocrx_word' id='word_1_209' title='bbox 815 2546 1017 2626; x_wconf 85' lang='lat' dir='ltr'><strong>descriptores</strong></span> <span class='ocrx_word' id='word_1_210' title='bbox 1031 2545 1075 2608; x_wconf 93' lang='lat' dir='ltr'><strong>rei</strong></span> <span class='ocrx_word' id='word_1_211' title='bbox 1088 2545 1302 2618; x_wconf 87' lang='lat' dir='ltr'><strong>narrationem,</strong></span> <span class='ocrx_word' id='word_1_212' title='bbox 1320 2560 1478 2604; x_wconf 88' lang='lat' dir='ltr'><strong>annorum</strong></span> <span class='ocrx_word' id='word_1_213' title='bbox 1498 2559 1610 2605; x_wconf 82' lang='lat' dir='ltr'><strong>numero</strong></span> 
     </span>
     <span class='ocr_line' id='line_1_24' title="bbox 255 2629 1611 2716; baseline 0.001 -24"><span class='ocrx_word' id='word_1_214' title='bbox 255 2629 314 2692; x_wconf 88' lang='lat' dir='ltr'><strong>alio</strong></span> <span class='ocrx_word' id='word_1_215' title='bbox 338 2638 429 2712; x_wconf 87' lang='lat' dir='ltr'><strong>atqua</strong></span> <span class='ocrx_word' id='word_1_216' title='bbox 454 2630 522 2694; x_wconf 91' lang='lat' dir='ltr'><strong>alio.</strong></span> <span class='ocrx_word' id='word_1_217' title='bbox 569 2630 628 2703; x_wconf 84' lang='lat' dir='ltr'><strong>Qui</strong></span> <span class='ocrx_word' id='word_1_218' title='bbox 654 2654 724 2697; x_wconf 87' lang='lat' dir='ltr'><strong>vero</strong></span> <span class='ocrx_word' id='word_1_219' title='bbox 747 2635 860 2716; x_wconf 91' lang='lat' dir='ltr'><strong>primns</strong></span> <span class='ocrx_word' id='word_1_220' title='bbox 882 2635 945 2697; x_wconf 84' lang='lat' dir='ltr'><strong>ista</strong></span> <span class='ocrx_word' id='word_1_221' title='bbox 967 2634 1099 2716; x_wconf 87' lang='lat' dir='ltr'><strong>scripsit,</strong></span> <span class='ocrx_word' id='word_1_222' title='bbox 1124 2637 1170 2697; x_wconf 87' lang='lat' dir='ltr'><strong>ita</strong></span> <span class='ocrx_word' id='word_1_223' title='bbox 1193 2633 1323 2714; x_wconf 89' lang='lat' dir='ltr'><strong>loquitur</strong></span> <span class='ocrx_word' id='word_1_224' title='bbox 1347 2642 1384 2693; x_wconf 90' lang='lat' dir='ltr'><strong>ut</strong></span> <span class='ocrx_word' id='word_1_225' title='bbox 1402 2640 1611 2706; x_wconf 86' lang='lat' dir='ltr'><strong>astronomus;</strong></span> 
     </span>
     <span class='ocr_line' id='line_1_25' title="bbox 254 2718 1611 2804; baseline -0.001 -21"><span class='ocrx_word' id='word_1_226' title='bbox 254 2720 293 2783; x_wconf 86' lang='lat' dir='ltr'><strong>de</strong></span> <span class='ocrx_word' id='word_1_227' title='bbox 317 2718 422 2782; x_wconf 87' lang='lat' dir='ltr'><strong>diebus</strong></span> <span class='ocrx_word' id='word_1_228' title='bbox 454 2729 522 2782; x_wconf 92' lang='lat' dir='ltr'><strong>octo</strong></span> <span class='ocrx_word' id='word_1_229' title='bbox 555 2720 684 2804; x_wconf 81' lang='lat' dir='ltr'><strong>intelligi</strong></span> <span class='ocrx_word' id='word_1_230' title='bbox 708 2744 764 2785; x_wconf 96' lang='lat' dir='ltr'><strong>non</strong></span> <span class='ocrx_word' id='word_1_231' title='bbox 789 2733 899 2804; x_wconf 87' lang='lat' dir='ltr'><strong>potest.</strong></span> <span class='ocrx_word' id='word_1_232' title='bbox 947 2725 1027 2788; x_wconf 85' lang='lat' dir='ltr'><strong>Nam</strong></span> <span class='ocrx_word' id='word_1_233' title='bbox 1054 2724 1081 2786; x_wconf 91' lang='lat' dir='ltr'><strong>si</strong></span> <span class='ocrx_word' id='word_1_234' title='bbox 1110 2724 1174 2786; x_wconf 89' lang='lat' dir='ltr'><strong>dies</strong></span> <span class='ocrx_word' id='word_1_235' title='bbox 1204 2731 1273 2784; x_wconf 90' lang='lat' dir='ltr'><strong>octo</strong></span> <span class='ocrx_word' id='word_1_236' title='bbox 1304 2720 1507 2801; x_wconf 79' lang='lat' dir='ltr'><strong>intelligendi</strong></span> <span class='ocrx_word' id='word_1_237' title='bbox 1540 2731 1611 2790; x_wconf 83' lang='lat' dir='ltr'><strong>sunt.</strong></span> 
     </span>
     <span class='ocr_line' id='line_1_26' title="bbox 254 2807 1611 2895; baseline 0.001 -26"><span class='ocrx_word' id='word_1_238' title='bbox 254 2827 312 2871; x_wconf 92' lang='lat' dir='ltr'><strong>non</strong></span> <span class='ocrx_word' id='word_1_239' title='bbox 335 2807 418 2871; x_wconf 88' lang='lat' dir='ltr'><strong>vices</strong></span> <span class='ocrx_word' id='word_1_240' title='bbox 441 2818 509 2871; x_wconf 90' lang='lat' dir='ltr'><strong>octo</strong></span> <span class='ocrx_word' id='word_1_241' title='bbox 533 2809 614 2873; x_wconf 93' lang='lat' dir='ltr'><strong>intra</strong></span> <span class='ocrx_word' id='word_1_242' title='bbox 636 2833 725 2894; x_wconf 73' lang='lat' dir='ltr'><strong>uuapn</strong></span> <span class='ocrx_word' id='word_1_243' title='bbox 749 2813 840 2887; x_wconf 90' lang='lat' dir='ltr'><strong>diem,</strong></span> <span class='ocrx_word' id='word_1_244' title='bbox 874 2814 944 2895; x_wconf 89' lang='lat' dir='ltr'><strong>qnid</strong></span> <span class='ocrx_word' id='word_1_245' title='bbox 974 2813 1099 2877; x_wconf 83' lang='lat' dir='ltr'><strong>attinuit</strong></span> <span class='ocrx_word' id='word_1_246' title='bbox 1122 2812 1158 2874; x_wconf 89' lang='lat' dir='ltr'><strong>de</strong></span> <span class='ocrx_word' id='word_1_247' title='bbox 1182 2809 1309 2874; x_wconf 86' lang='lat' dir='ltr'><strong>nabibus</strong></span> <span class='ocrx_word' id='word_1_248' title='bbox 1340 2810 1504 2891; x_wconf 82' lang='lat' dir='ltr'><strong>querelam</strong></span> <span class='ocrx_word' id='word_1_249' title='bbox 1527 2810 1611 2873; x_wconf 87' lang='lat' dir='ltr'><strong>insti·</strong></span> 
     </span>
     <span class='ocr_line' id='line_1_27' title="bbox 254 2898 1612 2985; baseline 0.001 -26"><span class='ocrx_word' id='word_1_250' title='bbox 254 2906 349 2975; x_wconf 87' lang='lat' dir='ltr'><strong>tuere,</strong></span> <span class='ocrx_word' id='word_1_251' title='bbox 373 2898 480 2979; x_wconf 86' lang='lat' dir='ltr'><strong>quibus</strong></span> <span class='ocrx_word' id='word_1_252' title='bbox 510 2899 669 2982; x_wconf 90' lang='lat' dir='ltr'><strong>impeditus</strong></span> <span class='ocrx_word' id='word_1_253' title='bbox 701 2904 827 2985; x_wconf 87' lang='lat' dir='ltr'><strong>primurn</strong></span> <span class='ocrx_word' id='word_1_254' title='bbox 857 2904 997 2966; x_wconf 87' lang='lat' dir='ltr'><strong>Mercurii</strong></span> <span class='ocrx_word' id='word_1_255' title='bbox 1029 2904 1197 2985; x_wconf 81' lang='lat' dir='ltr'><strong>ingressum</strong></span> <span class='ocrx_word' id='word_1_256' title='bbox 1220 2901 1251 2962; x_wconf 92' lang='lat' dir='ltr'><strong>in</strong></span> <span class='ocrx_word' id='word_1_257' title='bbox 1278 2899 1421 2983; x_wconf 85' lang='lat' dir='ltr'><strong>clypeum</strong></span> <span class='ocrx_word' id='word_1_258' title='bbox 1454 2898 1539 2963; x_wconf 88' lang='lat' dir='ltr'><strong>Solis</strong></span> <span class='ocrx_word' id='word_1_259' title='bbox 1568 2899 1612 2961; x_wconf 82' lang='lat' dir='ltr'><strong>rel</strong></span> 
     </span>
     <span class='ocr_line' id='line_1_28' title="bbox 254 2987 1612 3075; baseline 0.001 -26"><span class='ocrx_word' id='word_1_260' title='bbox 254 2987 367 3050; x_wconf 85' lang='lat' dir='ltr'><strong>exitum</strong></span> <span class='ocrx_word' id='word_1_261' title='bbox 390 2988 526 3050; x_wconf 91' lang='lat' dir='ltr'><strong>ultimum</strong></span> <span class='ocrx_word' id='word_1_262' title='bbox 547 2990 650 3054; x_wconf 81' lang='lat' dir='ltr'><strong>videre</strong></span> <span class='ocrx_word' id='word_1_263' title='bbox 670 3011 727 3054; x_wconf 93' lang='lat' dir='ltr'><strong>uon</strong></span> <span class='ocrx_word' id='word_1_264' title='bbox 746 2992 897 3075; x_wconf 85' lang='lat' dir='ltr'><strong>potnerit?</strong></span> <span class='ocrx_word' id='word_1_265' title='bbox 920 2992 1029 3073; x_wconf 87' lang='lat' dir='ltr'><strong>quippe</strong></span> <span class='ocrx_word' id='word_1_266' title='bbox 1043 2994 1100 3055; x_wconf 92' lang='lat' dir='ltr'><strong>hoc</strong></span> <span class='ocrx_word' id='word_1_267' title='bbox 1120 2991 1369 3073; x_wconf 87' lang='lat' dir='ltr'><strong>impedimentum</strong></span> <span class='ocrx_word' id='word_1_268' title='bbox 1384 2998 1497 3052; x_wconf 86' lang='lat' dir='ltr'><strong>noctes</strong></span> <span class='ocrx_word' id='word_1_269' title='bbox 1515 2990 1612 3062; x_wconf 83' lang='lat' dir='ltr'><strong>etiam,</strong></span> 
     </span>
     <span class='ocr_line' id='line_1_29' title="bbox 254 3076 1611 3163; baseline 0.001 -25"><span class='ocrx_word' id='word_1_270' title='bbox 254 3077 281 3139; x_wconf 92' lang='lat' dir='ltr'><strong>si</strong></span> <span class='ocrx_word' id='word_1_271' title='bbox 305 3095 381 3157; x_wconf 87' lang='lat' dir='ltr'><strong>quae</strong></span> <span class='ocrx_word' id='word_1_272' title='bbox 404 3078 483 3140; x_wconf 88' lang='lat' dir='ltr'><strong>inter</strong></span> <span class='ocrx_word' id='word_1_273' title='bbox 506 3087 552 3139; x_wconf 92' lang='lat' dir='ltr'><strong>tot</strong></span> <span class='ocrx_word' id='word_1_274' title='bbox 575 3079 640 3141; x_wconf 87' lang='lat' dir='ltr'><strong>dies</strong></span> <span class='ocrx_word' id='word_1_275' title='bbox 668 3082 930 3155; x_wconf 89' lang='lat' dir='ltr'><strong>intercessissent,</strong></span> <span class='ocrx_word' id='word_1_276' title='bbox 956 3083 1127 3163; x_wconf 91' lang='lat' dir='ltr'><strong>potuissent</strong></span> <span class='ocrx_word' id='word_1_277' title='bbox 1158 3080 1308 3160; x_wconf 87' lang='lat' dir='ltr'><strong>objicere,</strong></span> <span class='ocrx_word' id='word_1_278' title='bbox 1334 3076 1410 3140; x_wconf 87' lang='lat' dir='ltr'><strong>Sole</strong></span> <span class='ocrx_word' id='word_1_279' title='bbox 1436 3097 1508 3142; x_wconf 90' lang='lat' dir='ltr'><strong>curn</strong></span> <span class='ocrx_word' id='word_1_280' title='bbox 1533 3079 1611 3141; x_wconf 82' lang='lat' dir='ltr'><strong>Mer·</strong></span> 
     </span>
     <span class='ocr_line' id='line_1_30' title="bbox 256 3166 1612 3253; baseline 0.001 -26"><span class='ocrx_word' id='word_1_281' title='bbox 256 3166 336 3227; x_wconf 90' lang='lat' dir='ltr'><strong>curio</strong></span> <span class='ocrx_word' id='word_1_282' title='bbox 361 3166 415 3229; x_wconf 90' lang='lat' dir='ltr'><strong>sub</strong></span> <span class='ocrx_word' id='word_1_283' title='bbox 440 3166 534 3229; x_wconf 88' lang='lat' dir='ltr'><strong>Terra</strong></span> <span class='ocrx_word' id='word_1_284' title='bbox 557 3180 707 3235; x_wconf 80' lang='lat' dir='ltr'><strong>versante.</strong></span> <span class='ocrx_word' id='word_1_285' title='bbox 747 3172 810 3233; x_wconf 92' lang='lat' dir='ltr'><strong>lmo</strong></span> <span class='ocrx_word' id='word_1_286' title='bbox 834 3172 902 3253; x_wconf 92' lang='lat' dir='ltr'><strong>quid</strong></span> <span class='ocrx_word' id='word_1_287' title='bbox 929 3172 1053 3233; x_wconf 81' lang='lat' dir='ltr'><strong>multis?</strong></span> <span class='ocrx_word' id='word_1_288' title='bbox 1076 3172 1131 3233; x_wconf 91' lang='lat' dir='ltr'><strong>Ille</strong></span> <span class='ocrx_word' id='word_1_289' title='bbox 1155 3179 1346 3233; x_wconf 82' lang='lat' dir='ltr'><strong>astronomus</strong></span> <span class='ocrx_word' id='word_1_290' title='bbox 1372 3169 1556 3230; x_wconf 83' lang='lat' dir='ltr'><strong>attenderat</strong></span> <span class='ocrx_word' id='word_1_291' title='bbox 1579 3168 1612 3228; x_wconf 82' lang='lat' dir='ltr'><strong>ad</strong></span> 
     </span>
     <span class='ocr_line' id='line_1_31' title="bbox 255 3256 1611 3342; baseline 0 -25"><span class='ocrx_word' id='word_1_292' title='bbox 255 3256 334 3317; x_wconf 90' lang='lat' dir='ltr'><strong>diem</strong></span> <span class='ocrx_word' id='word_1_293' title='bbox 357 3257 572 3335; x_wconf 91' lang='lat' dir='ltr'><strong>conjunctionis</strong></span> <span class='ocrx_word' id='word_1_294' title='bbox 588 3257 668 3321; x_wconf 92' lang='lat' dir='ltr'><strong>Solis</strong></span> <span class='ocrx_word' id='word_1_295' title='bbox 689 3270 720 3323; x_wconf 88' lang='lat' dir='ltr'><strong>et</strong></span> <span class='ocrx_word' id='word_1_296' title='bbox 734 3261 891 3335; x_wconf 89' lang='lat' dir='ltr'><strong>lllercurii;</strong></span> <span class='ocrx_word' id='word_1_297' title='bbox 916 3281 953 3323; x_wconf 81' lang='lat' dir='ltr'><strong>ex</strong></span> <span class='ocrx_word' id='word_1_298' title='bbox 967 3270 1148 3342; x_wconf 90' lang='lat' dir='ltr'><strong>praeparato</strong></span> <span class='ocrx_word' id='word_1_299' title='bbox 1168 3260 1205 3321; x_wconf 91' lang='lat' dir='ltr'><strong>ad</strong></span> <span class='ocrx_word' id='word_1_300' title='bbox 1221 3259 1299 3320; x_wconf 90' lang='lat' dir='ltr'><strong>hanc</strong></span> <span class='ocrx_word' id='word_1_301' title='bbox 1323 3258 1611 3340; x_wconf 76' lang='lat' dir='ltr'><strong>cmtemplationero</strong></span> 
     </span>
     <span class='ocr_line' id='line_1_32' title="bbox 255 3347 1611 3430; baseline 0.002 -25"><span class='ocrx_word' id='word_1_302' title='bbox 255 3355 444 3420; x_wconf 88' lang='lat' dir='ltr'><strong>accesserat,</strong></span> <span class='ocrx_word' id='word_1_303' title='bbox 478 3366 514 3407; x_wconf 90' lang='lat' dir='ltr'><strong>ac</strong></span> <span class='ocrx_word' id='word_1_304' title='bbox 538 3349 563 3408; x_wconf 89' lang='lat' dir='ltr'><strong>si</strong></span> <span class='ocrx_word' id='word_1_305' title='bbox 589 3350 653 3429; x_wconf 90' lang='lat' dir='ltr'><strong>quis</strong></span> <span class='ocrx_word' id='word_1_306' title='bbox 684 3361 780 3412; x_wconf 85' lang='lat' dir='ltr'><strong>staret</strong></span> <span class='ocrx_word' id='word_1_307' title='bbox 810 3351 981 3430; x_wconf 89' lang='lat' dir='ltr'><strong>procinctus</strong></span> <span class='ocrx_word' id='word_1_308' title='bbox 1008 3352 1045 3413; x_wconf 87' lang='lat' dir='ltr'><strong>ad</strong></span> <span class='ocrx_word' id='word_1_309' title='bbox 1079 3350 1201 3430; x_wconf 88' lang='lat' dir='ltr'><strong>eclipsin</strong></span> <span class='ocrx_word' id='word_1_310' title='bbox 1235 3347 1484 3410; x_wconf 83' lang='lat' dir='ltr'><strong>observandam:</strong></span> <span class='ocrx_word' id='word_1_311' title='bbox 1517 3348 1611 3426; x_wconf 83' lang='lat' dir='ltr'><strong>itaque</strong></span> 
     </span>
     <span class='ocr_line' id='line_1_33' title="bbox 255 3436 1611 3520; baseline -0.002 -23"><span class='ocrx_word' id='word_1_312' title='bbox 255 3436 346 3498; x_wconf 89' lang='lat' dir='ltr'><strong>etiam</strong></span> <span class='ocrx_word' id='word_1_313' title='bbox 380 3436 522 3515; x_wconf 88' lang='lat' dir='ltr'><strong>quando</strong></span> <span class='ocrx_word' id='word_1_314' title='bbox 555 3440 704 3517; x_wconf 90' lang='lat' dir='ltr'><strong>primum</strong></span> <span class='ocrx_word' id='word_1_315' title='bbox 739 3441 938 3502; x_wconf 84' lang='lat' dir='ltr'><strong>intraverit</strong></span> <span class='ocrx_word' id='word_1_316' title='bbox 969 3440 1146 3520; x_wconf 89' lang='lat' dir='ltr'><strong>quominus</strong></span> <span class='ocrx_word' id='word_1_317' title='bbox 1176 3438 1311 3505; x_wconf 80' lang='lat' dir='ltr'><strong>rideret,</strong></span> <span class='ocrx_word' id='word_1_318' title='bbox 1346 3436 1514 3498; x_wconf 89' lang='lat' dir='ltr'><strong>nubibas</strong></span> <span class='ocrx_word' id='word_1_319' title='bbox 1546 3437 1611 3497; x_wconf 82' lang='lat' dir='ltr'><strong>luit</strong></span> 
     </span>
     <span class='ocr_line' id='line_1_34' title="bbox 254 3523 1611 3609; baseline -0.001 -23"><span class='ocrx_word' id='word_1_320' title='bbox 254 3524 465 3604; x_wconf 90' lang='lat' dir='ltr'><strong>impeditus.</strong></span> <span class='ocrx_word' id='word_1_321' title='bbox 512 3527 625 3607; x_wconf 77' lang='lat' dir='ltr'><strong>Magna</strong></span> <span class='ocrx_word' id='word_1_322' title='bbox 658 3530 686 3590; x_wconf 92' lang='lat' dir='ltr'><strong>in</strong></span> <span class='ocrx_word' id='word_1_323' title='bbox 717 3530 835 3591; x_wconf 88' lang='lat' dir='ltr'><strong>homine</strong></span> <span class='ocrx_word' id='word_1_324' title='bbox 866 3529 974 3591; x_wconf 84' lang='lat' dir='ltr'><strong>fidncia</strong></span> <span class='ocrx_word' id='word_1_325' title='bbox 1006 3530 1123 3591; x_wconf 78' lang='lat' dir='ltr'><strong>futurae</strong></span> <span class='ocrx_word' id='word_1_326' title='bbox 1156 3524 1363 3609; x_wconf 89' lang='lat' dir='ltr'><strong>eclipsationis</strong></span> <span class='ocrx_word' id='word_1_327' title='bbox 1388 3523 1478 3587; x_wconf 90' lang='lat' dir='ltr'><strong>Solis</strong></span> <span class='ocrx_word' id='word_1_328' title='bbox 1509 3526 1611 3606; x_wconf 76' lang='lat' dir='ltr'><strong>arguit,</strong></span> 
     </span>
     <span class='ocr_line' id='line_1_35' title="bbox 256 3609 1610 3696; baseline -0.002 -19"><span class='ocrx_word' id='word_1_329' title='bbox 256 3616 352 3696; x_wconf 88' lang='lat' dir='ltr'><strong>ipsum</strong></span> <span class='ocrx_word' id='word_1_330' title='bbox 377 3622 407 3675; x_wconf 89' lang='lat' dir='ltr'><strong>et</strong></span> <span class='ocrx_word' id='word_1_331' title='bbox 431 3617 575 3696; x_wconf 84' lang='lat' dir='ltr'><strong>exemplis</strong></span> <span class='ocrx_word' id='word_1_332' title='bbox 600 3619 668 3680; x_wconf 87' lang='lat' dir='ltr'><strong>aliis</strong></span> <span class='ocrx_word' id='word_1_333' title='bbox 692 3609 939 3680; x_wconf 85' lang='lat' dir='ltr'><strong>antecedentibus</strong></span> <span class='ocrx_word' id='word_1_334' title='bbox 964 3629 994 3679; x_wconf 87' lang='lat' dir='ltr'><strong>et</strong></span> <span class='ocrx_word' id='word_1_335' title='bbox 1018 3619 1155 3681; x_wconf 91' lang='lat' dir='ltr'><strong>doctrina</strong></span> <span class='ocrx_word' id='word_1_336' title='bbox 1181 3635 1342 3696; x_wconf 81' lang='lat' dir='ltr'><strong>expressa,</strong></span> <span class='ocrx_word' id='word_1_337' title='bbox 1368 3614 1452 3676; x_wconf 83' lang='lat' dir='ltr'><strong>sorte</strong></span> <span class='ocrx_word' id='word_1_338' title='bbox 1478 3618 1610 3676; x_wconf 79' lang='lat' dir='ltr'><strong>Arabum</strong></span> 
     </span>
     <span class='ocr_line' id='line_1_36' title="bbox 256 3702 1610 3786; baseline -0.001 -21"><span class='ocrx_word' id='word_1_339' title='bbox 256 3713 308 3765; x_wconf 87' lang='lat' dir='ltr'><strong>aut</strong></span> <span class='ocrx_word' id='word_1_340' title='bbox 331 3703 491 3765; x_wconf 87' lang='lat' dir='ltr'><strong>Persarum</strong></span> <span class='ocrx_word' id='word_1_341' title='bbox 516 3702 614 3786; x_wconf 90' lang='lat' dir='ltr'><strong>(misit</strong></span> <span class='ocrx_word' id='word_1_342' title='bbox 639 3708 715 3768; x_wconf 91' lang='lat' dir='ltr'><strong>enim</strong></span> <span class='ocrx_word' id='word_1_343' title='bbox 738 3708 805 3769; x_wconf 85' lang='lat' dir='ltr'><strong>Rex</strong></span> <span class='ocrx_word' id='word_1_344' title='bbox 829 3708 989 3768; x_wconf 89' lang='lat' dir='ltr'><strong>Persarum</strong></span> <span class='ocrx_word' id='word_1_345' title='bbox 1013 3716 1198 3769; x_wconf 85' lang='lat' dir='ltr'><strong>automatum</strong></span> <span class='ocrx_word' id='word_1_346' title='bbox 1223 3706 1261 3765; x_wconf 92' lang='lat' dir='ltr'><strong>ad</strong></span> <span class='ocrx_word' id='word_1_347' title='bbox 1287 3704 1433 3766; x_wconf 85' lang='lat' dir='ltr'><strong>Carolum</strong></span> <span class='ocrx_word' id='word_1_348' title='bbox 1458 3704 1610 3783; x_wconf 83' lang='lat' dir='ltr'><strong>Magnum,</strong></span> 
     </span>
     <span class='ocr_line' id='line_1_37' title="bbox 256 3793 1610 3877; baseline 0.001 -23"><span class='ocrx_word' id='word_1_349' title='bbox 256 3802 463 3872; x_wconf 82' lang='lat' dir='ltr'><strong>argumentum</strong></span> <span class='ocrx_word' id='word_1_350' title='bbox 488 3796 622 3857; x_wconf 89' lang='lat' dir='ltr'><strong>eruditae</strong></span> <span class='ocrx_word' id='word_1_351' title='bbox 637 3799 750 3875; x_wconf 85' lang='lat' dir='ltr'><strong>gentis)</strong></span> <span class='ocrx_word' id='word_1_352' title='bbox 766 3798 858 3858; x_wconf 86' lang='lat' dir='ltr'><strong>fuisse</strong></span> <span class='ocrx_word' id='word_1_353' title='bbox 878 3798 940 3876; x_wconf 89' lang='lat' dir='ltr'><strong>jam</strong></span> <span class='ocrx_word' id='word_1_354' title='bbox 960 3797 1074 3877; x_wconf 91' lang='lat' dir='ltr'><strong>pridem</strong></span> <span class='ocrx_word' id='word_1_355' title='bbox 1089 3797 1126 3858; x_wconf 92' lang='lat' dir='ltr'><strong>de</strong></span> <span class='ocrx_word' id='word_1_356' title='bbox 1146 3815 1176 3857; x_wconf 93' lang='lat' dir='ltr'><strong>re</strong></span> <span class='ocrx_word' id='word_1_357' title='bbox 1200 3795 1275 3873; x_wconf 85' lang='lat' dir='ltr'><strong>ipsa,</strong></span> <span class='ocrx_word' id='word_1_358' title='bbox 1300 3793 1399 3874; x_wconf 88' lang='lat' dir='ltr'><strong>quoad</strong></span> <span class='ocrx_word' id='word_1_359' title='bbox 1414 3794 1484 3853; x_wconf 83' lang='lat' dir='ltr'><strong>lieri</strong></span> <span class='ocrx_word' id='word_1_360' title='bbox 1510 3793 1610 3874; x_wconf 80' lang='lat' dir='ltr'><strong>possit</strong></span> 
     </span>
     <span class='ocr_line' id='line_1_38' title="bbox 257 3881 1611 3964; baseline -0.001 -22"><span class='ocrx_word' id='word_1_361' title='bbox 257 3884 471 3954; x_wconf 82' lang='lat' dir='ltr'><strong>confirmatum,</strong></span> <span class='ocrx_word' id='word_1_362' title='bbox 496 3893 525 3944; x_wconf 89' lang='lat' dir='ltr'><strong>et</strong></span> <span class='ocrx_word' id='word_1_363' title='bbox 550 3886 675 3946; x_wconf 73' lang='lat' dir='ltr'><strong>scivisse</strong></span> <span class='ocrx_word' id='word_1_364' title='bbox 700 3887 766 3948; x_wconf 89' lang='lat' dir='ltr'><strong>loca</strong></span> <span class='ocrx_word' id='word_1_365' title='bbox 789 3888 931 3948; x_wconf 90' lang='lat' dir='ltr'><strong>nodorum</strong></span> <span class='ocrx_word' id='word_1_366' title='bbox 956 3887 1106 3949; x_wconf 85' lang='lat' dir='ltr'><strong>Mercurii.</strong></span> <span class='ocrx_word' id='word_1_367' title='bbox 1153 3884 1228 3955; x_wconf 89' lang='lat' dir='ltr'><strong>Quis</strong></span> <span class='ocrx_word' id='word_1_368' title='bbox 1257 3901 1371 3964; x_wconf 87' lang='lat' dir='ltr'><strong>quaeso</strong></span> <span class='ocrx_word' id='word_1_369' title='bbox 1400 3881 1536 3945; x_wconf 84' lang='lat' dir='ltr'><strong>dixisset</strong></span> <span class='ocrx_word' id='word_1_370' title='bbox 1560 3882 1611 3942; x_wconf 87' lang='lat' dir='ltr'><strong>uisi</strong></span> 
     </span>
     <span class='ocr_line' id='line_1_39' title="bbox 257 3971 1610 4055; baseline 0.001 -23"><span class='ocrx_word' id='word_1_371' title='bbox 257 3981 458 4047; x_wconf 90' lang='lat' dir='ltr'><strong>astronomus,</strong></span> <span class='ocrx_word' id='word_1_372' title='bbox 485 3972 563 4036; x_wconf 92' lang='lat' dir='ltr'><strong>diem</strong></span> <span class='ocrx_word' id='word_1_373' title='bbox 587 3975 668 4036; x_wconf 89' lang='lat' dir='ltr'><strong>illum</strong></span> <span class='ocrx_word' id='word_1_374' title='bbox 693 3995 760 4037; x_wconf 89' lang='lat' dir='ltr'><strong>esse</strong></span> <span class='ocrx_word' id='word_1_375' title='bbox 784 3975 1002 4055; x_wconf 91' lang='lat' dir='ltr'><strong>conjunctionis</strong></span> <span class='ocrx_word' id='word_1_376' title='bbox 1018 3974 1099 4038; x_wconf 90' lang='lat' dir='ltr'><strong>Solis</strong></span> <span class='ocrx_word' id='word_1_377' title='bbox 1115 3983 1145 4036; x_wconf 87' lang='lat' dir='ltr'><strong>et</strong></span> <span class='ocrx_word' id='word_1_378' title='bbox 1158 3972 1323 4035; x_wconf 85' lang='lat' dir='ltr'><strong>Mercurii?</strong></span> <span class='ocrx_word' id='word_1_379' title='bbox 1347 3971 1390 4031; x_wconf 88' lang='lat' dir='ltr'><strong>Et</strong></span> <span class='ocrx_word' id='word_1_380' title='bbox 1413 3972 1491 4053; x_wconf 90' lang='lat' dir='ltr'><strong>quia</strong></span> <span class='ocrx_word' id='word_1_381' title='bbox 1515 3983 1610 4033; x_wconf 83' lang='lat' dir='ltr'><strong>astro·</strong></span> 
     </span>
     <span class='ocr_line' id='line_1_40' title="bbox 256 4060 1610 4145; baseline -0.002 -22"><span class='ocrx_word' id='word_1_382' title='bbox 256 4080 361 4123; x_wconf 90' lang='lat' dir='ltr'><strong>nomus</strong></span> <span class='ocrx_word' id='word_1_383' title='bbox 385 4070 417 4121; x_wconf 92' lang='lat' dir='ltr'><strong>et</strong></span> <span class='ocrx_word' id='word_1_384' title='bbox 444 4069 492 4124; x_wconf 90' lang='lat' dir='ltr'><strong>tot</strong></span> <span class='ocrx_word' id='word_1_385' title='bbox 521 4064 675 4144; x_wconf 90' lang='lat' dir='ltr'><strong>eclipsium</strong></span> <span class='ocrx_word' id='word_1_386' title='bbox 706 4067 901 4142; x_wconf 82' lang='lat' dir='ltr'><strong>observator,</strong></span> <span class='ocrx_word' id='word_1_387' title='bbox 935 4066 1082 4145; x_wconf 90' lang='lat' dir='ltr'><strong>quomodo</strong></span> <span class='ocrx_word' id='word_1_388' title='bbox 1111 4063 1248 4144; x_wconf 86' lang='lat' dir='ltr'><strong>ignorare</strong></span> <span class='ocrx_word' id='word_1_389' title='bbox 1277 4060 1396 4142; x_wconf 88' lang='lat' dir='ltr'><strong>potuit,</strong></span> <span class='ocrx_word' id='word_1_390' title='bbox 1430 4060 1610 4122; x_wconf 79' lang='lat' dir='ltr'><strong>Mercurium</strong></span> 
     </span>
     <span class='ocr_line' id='line_1_41' title="bbox 258 4149 1610 4233; baseline -0.002 -21"><span class='ocrx_word' id='word_1_391' title='bbox 258 4150 383 4212; x_wconf 87' lang='lat' dir='ltr'><strong>celerius</strong></span> <span class='ocrx_word' id='word_1_392' title='bbox 417 4171 505 4232; x_wconf 87' lang='lat' dir='ltr'><strong>quam</strong></span> <span class='ocrx_word' id='word_1_393' title='bbox 533 4162 600 4214; x_wconf 93' lang='lat' dir='ltr'><strong>octo</strong></span> <span class='ocrx_word' id='word_1_394' title='bbox 634 4154 747 4215; x_wconf 90' lang='lat' dir='ltr'><strong>diemrn</strong></span> <span class='ocrx_word' id='word_1_395' title='bbox 781 4154 878 4233; x_wconf 89' lang='lat' dir='ltr'><strong>spatio</strong></span> <span class='ocrx_word' id='word_1_396' title='bbox 907 4155 963 4215; x_wconf 90' lang='lat' dir='ltr'><strong>snb</strong></span> <span class='ocrx_word' id='word_1_397' title='bbox 988 4153 1059 4216; x_wconf 90' lang='lat' dir='ltr'><strong>Sole</strong></span> <span class='ocrx_word' id='word_1_398' title='bbox 1092 4152 1245 4214; x_wconf 86' lang='lat' dir='ltr'><strong>transire?</strong></span> <span class='ocrx_word' id='word_1_399' title='bbox 1283 4149 1371 4220; x_wconf 87' lang='lat' dir='ltr'><strong>Quae</strong></span> <span class='ocrx_word' id='word_1_400' title='bbox 1402 4150 1442 4211; x_wconf 87' lang='lat' dir='ltr'><strong>de</strong></span> <span class='ocrx_word' id='word_1_401' title='bbox 1473 4150 1562 4212; x_wconf 87' lang='lat' dir='ltr'><strong>nodis</strong></span> <span class='ocrx_word' id='word_1_402' title='bbox 1584 4161 1610 4209; x_wconf 82' lang='lat' dir='ltr'><strong>et</strong></span> 
     </span>
     <span class='ocr_line' id='line_1_42' title="bbox 258 4238 1610 4323; baseline -0.001 -23"><span class='ocrx_word' id='word_1_403' title='bbox 258 4257 367 4319; x_wconf 81' lang='lat' dir='ltr'><strong>magna</strong></span> <span class='ocrx_word' id='word_1_404' title='bbox 398 4238 558 4303; x_wconf 88' lang='lat' dir='ltr'><strong>latitudine</strong></span> <span class='ocrx_word' id='word_1_405' title='bbox 582 4242 723 4304; x_wconf 88' lang='lat' dir='ltr'><strong>Mercurii</strong></span> <span class='ocrx_word' id='word_1_406' title='bbox 747 4245 775 4304; x_wconf 91' lang='lat' dir='ltr'><strong>in</strong></span> <span class='ocrx_word' id='word_1_407' title='bbox 805 4243 1012 4323; x_wconf 85' lang='lat' dir='ltr'><strong>conjunctione</strong></span> <span class='ocrx_word' id='word_1_408' title='bbox 1037 4242 1118 4305; x_wconf 87' lang='lat' dir='ltr'><strong>Solis</strong></span> <span class='ocrx_word' id='word_1_409' title='bbox 1152 4240 1274 4319; x_wconf 88' lang='lat' dir='ltr'><strong>objicis,</strong></span> <span class='ocrx_word' id='word_1_410' title='bbox 1306 4239 1453 4319; x_wconf 85' lang='lat' dir='ltr'><strong>respondi</strong></span> <span class='ocrx_word' id='word_1_411' title='bbox 1484 4241 1562 4301; x_wconf 82' lang='lat' dir='ltr'><strong>satis</strong></span> <span class='ocrx_word' id='word_1_412' title='bbox 1585 4241 1610 4302; x_wconf 90' lang='lat' dir='ltr'><strong>in</strong></span> 
     </span>
     <span class='ocr_line' id='line_1_43' title="bbox 257 4325 1609 4413; baseline -0.001 -24"><span class='ocrx_word' id='word_1_413' title='bbox 257 4325 385 4409; x_wconf 89' lang='lat' dir='ltr'><strong>Opticis.</strong></span> <span class='ocrx_word' id='word_1_414' title='bbox 424 4328 485 4391; x_wconf 87' lang='lat' dir='ltr'><strong>Sed</strong></span> <span class='ocrx_word' id='word_1_415' title='bbox 510 4330 550 4391; x_wconf 92' lang='lat' dir='ltr'><strong>ibi</strong></span> <span class='ocrx_word' id='word_1_416' title='bbox 574 4331 604 4392; x_wconf 89' lang='lat' dir='ltr'><strong>in</strong></span> <span class='ocrx_word' id='word_1_417' title='bbox 629 4332 714 4412; x_wconf 85' lang='lat' dir='ltr'><strong>signo</strong></span> <span class='ocrx_word' id='word_1_418' title='bbox 739 4334 845 4395; x_wconf 76' lang='lat' dir='ltr'><strong>errari.</strong></span> <span class='ocrx_word' id='word_1_419' title='bbox 882 4339 965 4411; x_wconf 77' lang='lat' dir='ltr'><strong>(Vide</strong></span> <span class='ocrx_word' id='word_1_420' title='bbox 994 4328 1099 4413; x_wconf 67' lang='lat' dir='ltr'><strong>supra)</strong></span> <span class='ocrx_word' id='word_1_421' title='bbox 1136 4330 1215 4393; x_wconf 79' lang='lat' dir='ltr'><strong>Nam</strong></span> <span class='ocrx_word' id='word_1_422' title='bbox 1238 4330 1326 4391; x_wconf 90' lang='lat' dir='ltr'><strong>bodie</strong></span> <span class='ocrx_word' id='word_1_423' title='bbox 1350 4328 1452 4389; x_wconf 85' lang='lat' dir='ltr'><strong>nodus</strong></span> <span class='ocrx_word' id='word_1_424' title='bbox 1473 4328 1609 4390; x_wconf 83' lang='lat' dir='ltr'><strong>Mercurii</strong></span> 
     </span>
     <span class='ocr_line' id='line_1_44' title="bbox 256 4417 1608 4502; baseline 0.001 -26"><span class='ocrx_word' id='word_1_425' title='bbox 256 4435 313 4477; x_wconf 91' lang='lat' dir='ltr'><strong>non</strong></span> <span class='ocrx_word' id='word_1_426' title='bbox 338 4427 386 4479; x_wconf 87' lang='lat' dir='ltr'><strong>est</strong></span> <span class='ocrx_word' id='word_1_427' title='bbox 408 4417 437 4479; x_wconf 94' lang='lat' dir='ltr'><strong>in</strong></span> <span class='ocrx_word' id='word_1_428' title='bbox 462 4420 547 4481; x_wconf 90' lang='lat' dir='ltr'><strong>initio</strong></span> <span class='ocrx_word' id='word_1_429' title='bbox 571 4421 670 4492; x_wconf 80' lang='lat' dir='ltr'><strong>Tauri,</strong></span> <span class='ocrx_word' id='word_1_430' title='bbox 695 4423 748 4483; x_wconf 91' lang='lat' dir='ltr'><strong>sed</strong></span> <span class='ocrx_word' id='word_1_431' title='bbox 765 4422 967 4484; x_wconf 89' lang='lat' dir='ltr'><strong>Geminorum.</strong></span> <span class='ocrx_word' id='word_1_432' title='bbox 1005 4423 1040 4482; x_wconf 95' lang='lat' dir='ltr'><strong>ld</strong></span> <span class='ocrx_word' id='word_1_433' title='bbox 1065 4421 1212 4502; x_wconf 88' lang='lat' dir='ltr'><strong>comperio</strong></span> <span class='ocrx_word' id='word_1_434' title='bbox 1229 4420 1259 4480; x_wconf 94' lang='lat' dir='ltr'><strong>in</strong></span> <span class='ocrx_word' id='word_1_435' title='bbox 1273 4437 1440 4499; x_wconf 82' lang='lat' dir='ltr'><strong>progressu</strong></span> <span class='ocrx_word' id='word_1_436' title='bbox 1468 4419 1608 4480; x_wconf 76' lang='lat' dir='ltr'><strong>examinis</strong></span> 
     </span>
     <span class='ocr_line' id='line_1_45' title="bbox 258 4507 1606 4591; baseline 0.001 -25"><span class='ocrx_word' id='word_1_437' title='bbox 258 4514 389 4567; x_wconf 86' lang='lat' dir='ltr'><strong>motuum</strong></span> <span class='ocrx_word' id='word_1_438' title='bbox 404 4507 545 4570; x_wconf 83' lang='lat' dir='ltr'><strong>Mercurii</strong></span> <span class='ocrx_word' id='word_1_439' title='bbox 568 4521 600 4571; x_wconf 88' lang='lat' dir='ltr'><strong>et</strong></span> <span class='ocrx_word' id='word_1_440' title='bbox 614 4511 797 4591; x_wconf 88' lang='lat' dir='ltr'><strong>deprehendi</strong></span> <span class='ocrx_word' id='word_1_441' title='bbox 820 4530 949 4572; x_wconf 90' lang='lat' dir='ltr'><strong>errorem</strong></span> <span class='ocrx_word' id='word_1_442' title='bbox 974 4511 1092 4585; x_wconf 88' lang='lat' dir='ltr'><strong>calculi,</strong></span> <span class='ocrx_word' id='word_1_443' title='bbox 1118 4511 1166 4591; x_wconf 90' lang='lat' dir='ltr'><strong>qui</strong></span> <span class='ocrx_word' id='word_1_444' title='bbox 1186 4508 1257 4569; x_wconf 91' lang='lat' dir='ltr'><strong>mihi</strong></span> <span class='ocrx_word' id='word_1_445' title='bbox 1277 4508 1312 4569; x_wconf 90' lang='lat' dir='ltr'><strong>de</strong></span> <span class='ocrx_word' id='word_1_446' title='bbox 1329 4508 1432 4569; x_wconf 88' lang='lat' dir='ltr'><strong>Tauro</strong></span> <span class='ocrx_word' id='word_1_447' title='bbox 1459 4508 1606 4569; x_wconf 80' lang='lat' dir='ltr'><strong>dicebat·</strong></span> 
     </span>
    </p>

    <p class='ocr_par' dir='ltr' id='par_1_5' title="bbox 258 4594 1607 4948">
     <span class='ocr_line' id='line_1_46' title="bbox 346 4594 1607 4677; baseline 0.005 -23"><span class='ocrx_word' id='word_1_448' title='bbox 346 4595 428 4655; x_wconf 83' lang='lat' dir='ltr'><strong>Haec</strong></span> <span class='ocrx_word' id='word_1_449' title='bbox 452 4597 542 4674; x_wconf 87' lang='lat' dir='ltr'><strong>igitur</strong></span> <span class='ocrx_word' id='word_1_450' title='bbox 566 4608 645 4674; x_wconf 90' lang='lat' dir='ltr'><strong>tunc,</strong></span> <span class='ocrx_word' id='word_1_451' title='bbox 671 4620 713 4661; x_wconf 90' lang='lat' dir='ltr'><strong>sc</strong></span> <span class='ocrx_word' id='word_1_452' title='bbox 746 4597 791 4663; x_wconf 94' lang='grc'><strong>16.</strong></span> <span class='ocrx_word' id='word_1_453' title='bbox 815 4600 996 4662; x_wconf 73' lang='lat' dir='ltr'><strong>hosembris</strong></span> <span class='ocrx_word' id='word_1_454' title='bbox 1021 4617 1098 4660; x_wconf 91' lang='lat' dir='ltr'><strong>anno</strong></span> <span class='ocrx_word' id='word_1_455' title='bbox 1127 4594 1220 4662; x_wconf 82' lang='lat'><strong>1606.</strong></span> <span class='ocrx_word' id='word_1_456' title='bbox 1246 4597 1365 4677; x_wconf 86' lang='lat' dir='ltr'><strong>scripsi,</strong></span> <span class='ocrx_word' id='word_1_457' title='bbox 1393 4596 1432 4657; x_wconf 89' lang='lat' dir='ltr'><strong>ad</strong></span> <span class='ocrx_word' id='word_1_458' title='bbox 1458 4616 1607 4658; x_wconf 83' lang='lat' dir='ltr'><strong>commen·</strong></span> 
     </span>
     <span class='ocr_line' id='line_1_47' title="bbox 259 4682 1605 4768; baseline 0 -27"><span class='ocrx_word' id='word_1_459' title='bbox 259 4682 411 4743; x_wconf 89' lang='lat' dir='ltr'><strong>dationem</strong></span> <span class='ocrx_word' id='word_1_460' title='bbox 436 4686 503 4746; x_wconf 91' lang='lat' dir='ltr'><strong>lidei</strong></span> <span class='ocrx_word' id='word_1_461' title='bbox 528 4689 683 4768; x_wconf 89' lang='lat' dir='ltr'><strong>scriptoris</strong></span> <span class='ocrx_word' id='word_1_462' title='bbox 706 4692 868 4751; x_wconf 79' lang='lat' dir='ltr'><strong>Annalium</strong></span> <span class='ocrx_word' id='word_1_463' title='bbox 893 4690 1086 4768; x_wconf 87' lang='lat' dir='ltr'><strong>pertinentia.</strong></span> <span class='ocrx_word' id='word_1_464' title='bbox 1133 4689 1240 4750; x_wconf 88' lang='lat' dir='ltr'><strong>Fuisse</strong></span> <span class='ocrx_word' id='word_1_465' title='bbox 1263 4705 1335 4747; x_wconf 72' lang='lat' dir='ltr'><strong>tero</strong></span> <span class='ocrx_word' id='word_1_466' title='bbox 1360 4687 1539 4749; x_wconf 81' lang='lat' dir='ltr'><strong>Annoninm</strong></span> <span class='ocrx_word' id='word_1_467' title='bbox 1562 4688 1605 4747; x_wconf 90' lang='lat' dir='ltr'><strong>illo</strong></span> 
     </span>
     <span class='ocr_line' id='line_1_48' title="bbox 258 4757 1604 4856; baseline 0.004 -27"><span class='ocrx_word' id='word_1_468' title='bbox 258 4771 453 4848; x_wconf 86' lang='lat' dir='ltr'><strong>posteriorem</strong></span> <span class='ocrx_word' id='word_1_469' title='bbox 478 4785 508 4836; x_wconf 90' lang='lat' dir='ltr'><strong>et</strong></span> <span class='ocrx_word' id='word_1_470' title='bbox 533 4778 575 4838; x_wconf 90' lang='lat' dir='ltr'><strong>sic</strong></span> <span class='ocrx_word' id='word_1_471' title='bbox 600 4798 656 4838; x_wconf 92' lang='lat' dir='ltr'><strong>non</strong></span> <span class='ocrx_word' id='word_1_472' title='bbox 682 4778 836 4856; x_wconf 64' lang='lat' dir='ltr'><strong>‹zi-‚ronam</strong></span> <span class='ocrx_word' id='word_1_473' title='bbox 870 4790 958 4856; x_wconf 88' lang='lat' dir='ltr'><strong>patet</strong></span> <span class='ocrx_word' id='word_1_474' title='bbox 988 4798 1025 4839; x_wconf 79' lang='lat' dir='ltr'><strong>ex</strong></span> <span class='ocrx_word' id='word_1_475' title='bbox 1055 4779 1197 4840; x_wconf 88' lang='lat' dir='ltr'><strong>historiae</strong></span> <span class='ocrx_word' id='word_1_476' title='bbox 1228 4757 1428 4850; x_wconf 67' lang='lat' dir='ltr'><strong>teutherus</strong></span> <span class='ocrx_word' id='word_1_477' title='bbox 1455 4778 1604 4838; x_wconf 83' lang='lat' dir='ltr'><strong>Aunouiu</strong></span> 
     </span>
     <span class='ocr_line' id='line_1_49' title="bbox 258 4860 982 4948; baseline 0.013 -30"><span class='ocrx_word' id='word_1_478' title='bbox 258 4860 374 4938; x_wconf 82' lang='lat' dir='ltr'><strong>longius</strong></span> <span class='ocrx_word' id='word_1_479' title='bbox 398 4864 611 4940; x_wconf 76' lang='lat' dir='ltr'><strong>proiehatur</strong></span> <span class='ocrx_word' id='word_1_480' title='bbox 604 4888 633 4927; x_wconf 87' lang='grc' dir='ltr'><strong>ιιι</strong></span> <span class='ocrx_word' id='word_1_481' title='bbox 658 4869 814 4948; x_wconf 87' lang='lat' dir='ltr'><strong>sequentia</strong></span> <span class='ocrx_word' id='word_1_482' title='bbox 837 4876 982 4947; x_wconf 88' lang='lat' dir='ltr'><strong>tempora.</strong></span> 
     </span>
    </p>

    <p class='ocr_par' dir='ltr' id='par_1_6' title="bbox 258 4948 1600 5125">
     <span class='ocr_line' id='line_1_50' title="bbox 346 4948 1600 5034; baseline 0.002 -25"><span class='ocrx_word' id='word_1_483' title='bbox 346 4948 480 5031; x_wconf 88' lang='lat' dir='ltr'><strong>Denique</strong></span> <span class='ocrx_word' id='word_1_484' title='bbox 514 4956 562 5034; x_wconf 85' lang='lat' dir='ltr'><strong>qui</strong></span> <span class='ocrx_word' id='word_1_485' title='bbox 591 4958 751 5018; x_wconf 85' lang='lat' dir='ltr'><strong>lrancicas</strong></span> <span class='ocrx_word' id='word_1_486' title='bbox 784 4958 927 5018; x_wconf 88' lang='lat' dir='ltr'><strong>historias</strong></span> <span class='ocrx_word' id='word_1_487' title='bbox 961 4975 1017 5016; x_wconf 90' lang='lat' dir='ltr'><strong>non</strong></span> <span class='ocrx_word' id='word_1_488' title='bbox 1049 4955 1242 5033; x_wconf 78' lang='lat' dir='ltr'><strong>indiligenter</strong></span> <span class='ocrx_word' id='word_1_489' title='bbox 1274 4959 1408 5027; x_wconf 82' lang='lat' dir='ltr'><strong>tractat,</strong></span> <span class='ocrx_word' id='word_1_490' title='bbox 1445 4955 1558 5017; x_wconf 74' lang='lat' dir='ltr'><strong>interit</strong></span> <span class='ocrx_word' id='word_1_491' title='bbox 1578 4953 1600 5011; x_wconf 82' lang='lat' dir='ltr'><strong>in</strong></span> 
     </span>
     <span class='ocr_line' id='line_1_51' title="bbox 258 5037 1597 5125; baseline 0.004 -26"><span class='ocrx_word' id='word_1_492' title='bbox 258 5037 406 5113; x_wconf 69' lang='lat' dir='ltr'><strong>dononio,</strong></span> <span class='ocrx_word' id='word_1_493' title='bbox 430 5037 598 5120; x_wconf 84' lang='lat' dir='ltr'><strong>Reginone,</strong></span> <span class='ocrx_word' id='word_1_494' title='bbox 623 5047 745 5119; x_wconf 88' lang='lat' dir='ltr'><strong>Adone,</strong></span> <span class='ocrx_word' id='word_1_495' title='bbox 770 5046 1044 5125; x_wconf 84' lang='lat' dir='ltr'><strong>Schalnaburgensi</strong></span> <span class='ocrx_word' id='word_1_496' title='bbox 1073 5044 1207 5122; x_wconf 83' lang='lat' dir='ltr'><strong>integros</strong></span> <span class='ocrx_word' id='word_1_497' title='bbox 1239 5044 1456 5125; x_wconf 80' lang='lat' dir='ltr'><strong>paragraphos</strong></span> <span class='ocrx_word' id='word_1_498' title='bbox 1480 5066 1499 5105; x_wconf 87' lang='lat' dir='ltr'><strong>a</strong></span> <span class='ocrx_word' id='word_1_499' title='bbox 1523 5042 1597 5105; x_wconf 71' lang='lat' dir='ltr'><strong>uerbo</strong></span> 
     </span>
    </p>
   </div>
   <div class='ocr_carea' id='block_1_3' title="bbox 0 0 1850 5842">
    <p class='ocr_par' dir='ltr' id='par_1_7' title="bbox 0 0 1850 5842">
     <span class='ocr_line' id='line_1_52' title="bbox 0 0 1850 5842; baseline 0 0"><span class='ocrx_word' id='word_1_500' title='bbox 0 0 1850 5842; x_wconf 95' lang='lat' dir='ltr'><strong> </strong></span> 
     </span>
    </p>
   </div>
  </div>
 </body>
</html>
