3692 5842
325 463 394 542 324
820 474 995 523 manumiss
1013 471 1074 524 raa
1091 470 1190 537 upana

326 652 426 717 culum
449 661 503 715 aut
526 653 589 734 ejus
614 660 754 733 quartam
776 659 903 732 partem.
951 648 1037 722 Quae
1070 649 1206 732 quamvis
1239 650 1357 730 opticae
1390 651 1530 713 facultati
1553 645 1689 731 cognata

326 742 468 817 materia,
502 742 624 821 propria
654 749 755 803 tamen
780 748 829 802 est
850 740 948 820 partis
971 741 1174 802 astronomiae
1199 738 1408 809 mechanicas.
1431 757 1522 821 quam
1545 748 1689 803 sumtuo-

327 830 448 894 sissime
472 829 675 893 nobilissimus
697 831 750 892 ille
774 830 876 912 Tycbo
900 830 1043 902 excoluit,
1066 828 1296 909 diligentissime
1319 846 1391 890 vero
1415 829 1551 892 tradidit

415 919 532 982 Deinde
556 938 622 981 cum
646 938 701 981 uec
724 936 822 980 rerum
846 929 956 980 natura
977 920 1114 998 patiatur
1137 937 1191 979 nec
1214 934 1336 997 semper
1357 936 1430 981 usus
1453 919 1544 994 ferat,
1568 925 1604 980 ut
1629 936 1687 998 ap-

327 1009 447 1092 pulsum
474 1009 606 1070 siderum
638 1009 676 1069 ad
707 1009 815 1069 stellas
845 1009 921 1069 fixas
955 1018 1092 1071 notemus
1125 1006 1219 1068 oeulis
1250 1006 1396 1081 (interdiu
1424 1025 1555 1089 namque
1585 1007 1690 1070 sidera

329 1099 451 1172 latent),
477 1098 644 1159 astronomi
660 1098 718 1159 sibi
739 1097 817 1158 alias
841 1105 940 1159 metas
964 1105 1193 1177 proposuerunt,
1217 1115 1237 1156 a
1259 1096 1367 1175 quibus
1390 1095 1555 1159 distantias
1578 1095 1690 1159 stella·

329 1187 556 1251 rum'arcuales
579 1194 787 1260 numerareut;
812 1206 889 1267 quae
912 1205 971 1248 non
997 1196 1031 1247 ut
1054 1186 1162 1248 stellas
1185 1186 1263 1246 fixae
1287 1203 1325 1245 ex
1348 1186 1443 1248 oculis
1461 1185 1586 1255 absunt,
1610 1186 1689 1247 orti-

330 1276 387 1339 bas
410 1281 443 1337 et
465 1275 622 1338 occasibus
646 1276 814 1355 subjectae,
844 1276 898 1338 sed
922 1296 942 1336 a
964 1274 1027 1337 suis
1051 1276 1209 1336 Terrarum
1241 1274 1314 1338 locis
1346 1274 1437 1354 plane
1459 1283 1533 1338 sunt
1563 1275 1690 1354 insepa-

330 1364 454 1428 rabiles.
481 1364 547 1426 Eae
570 1373 642 1427 suut
664 1365 826 1444 cujuslibet
849 1364 907 1426 loci
931 1364 1098 1438 horizon,
1123 1381 1210 1444 quem
1234 1372 1360 1432 extensa
1383 1363 1469 1444 quasi
1493 1361 1522 1425 iu
1541 1363 1691 1425 inlinitum

251 1488 258 1495 .
332 1454 446 1516 llerrae
469 1454 612 1534 planities
634 1455 780 1528 etormet,
805 1461 901 1515 totam
922 1454 1083 1533 sphaeram
1096 1453 1197 1515 muudi
1221 1452 1251 1513 iu
1275 1452 1396 1513 duo-ad
1414 1469 1537 1515 sensum
1551 1450 1692 1534 aequalia

330 1542 554 1622 hemisphaeria
576 1542 730 1617 dividens3
760 1551 793 1603 et
816 1542 980 1604 horizontis
1003 1542 1083 1603 illius
1113 1542 1230 1621 polus
1254 1560 1308 1602 sen
1330 1548 1490 1619 puuctum,
1514 1542 1598 1622 quod
1622 1560 1691 1601 rer-

332 1631 443 1695 ticibus
475 1632 621 1712 cujusque
643 1631 700 1693 loci
731 1649 905 1711 quocunque
936 1640 1086 1693 momento
1115 1630 1257 1714 temporis
1281 1628 1425 1705 imminet,
1449 1630 1590 1711 qnodque
1613 1631 1693 1692 linea

332 1720 538 1802 perpendiculi
562 1728 757 1796 monstratur,
782 1721 944 1784 &cundum
969 1739 1057 1800 quam
1080 1728 1112 1781 et
1134 1719 1237 1780 omnia
1258 1719 1366 1799 grauia
1379 1719 1519 1781 &orsum
1535 1718 1693 1800 rapiuntur

332 1820 364 1873 st
387 1830 442 1871 nos
466 1810 541 1873 recti
564 1809 767 1873 consistimus
811 1810 876 1872 Hoc
898 1819 990 1890 pacto
1013 1808 1145 1870 naucleri
1170 1809 1292 1887 capiunt
1315 1806 1398 1869 Solis
1422 1808 1618 1869 altitudinem
1641 1826 1690 1869 re-

332 1909 439 1979 spectu
463 1899 645 1980 superficiei,
682 1919 735 1960 seu
759 1918 847 1960 arcus
877 1898 1001 1960 visionis
1033 1915 1087 1959 seu
1111 1898 1227 1975 anguli.
1260 1916 1346 1977 quem
1380 1897 1513 1969 efficiunt
1540 1897 1573 1958 in
1607 1898 1691 1958 uculo

333 1988 420 2063 radii,
445 1997 477 2049 et
499 2011 517 2050 a
541 1987 613 2050 Sole
637 1988 730 2049 stab
755 1987 908 2050 horizonte
932 1988 1069 2066 subjecto
1093 1988 1257 2047 venientes.
1286 1987 1334 2046 lta
1359 1986 1525 2047 astronomi
1549 1986 1691 2061 angulum

332 2085 456 2150 notant,
487 2096 574 2157 quem
598 2075 681 2139 Solis
714 2078 761 2138 rel
793 2078 901 2139 stellae
933 2077 1035 2138 radius
1068 2095 1134 2137 cum
1158 2076 1238 2137 linea
1260 2075 1290 2136 in
1315 2074 1501 2155 superficiem
1525 2074 1692 2136 horizontis

331 2166 574 2247 perpendiculari
597 2167 778 2238 conformat,
802 2167 915 2244 regulis
940 2175 971 2227 et
995 2165 1211 2246 quadrantibus
1235 2165 1273 2225 ad
1296 2164 1374 2225 hunc
1397 2183 1481 2225 mum
1506 2162 1692 2225 constructis

332 2273 398 2317 cnm
423 2254 602 2317 libramento
625 2256 800 2334 ponderum.
844 2256 905 2316 Sed
931 2255 1007 2315 euiru
1032 2273 1087 2334 ego
1112 2254 1149 2314 de
1172 2252 1320 2315 industria
1344 2271 1410 2314 cum
1434 2251 1559 2314 rudibus
1582 2252 1691 2314 balbu-

332 2344 389 2406 tire
409 2344 504 2424 coepi,
528 2354 561 2407 ut
580 2344 699 2405 occasio
714 2344 785 2405 milri
801 2344 931 2417 daretur,
958 2344 986 2405 iu
1002 2343 1150 2423 quendam
1164 2343 1316 2425 Tyrhouis
1337 2360 1465 2403 motuum
1484 2342 1690 2406 exclamandi:

332 2432 382 2514 qui
415 2449 480 2494 cum
511 2432 548 2493 ob
582 2431 694 2512 ingenii
734 2432 911 2494 felicitatem
950 2434 1028 2494 iuter
1066 2440 1255 2493 astronomos
1287 2429 1494 2492 connumerari
1527 2431 1690 2510 potuisset,

332 2539 398 2583 cum
422 2521 557 2600 opificum
583 2522 671 2600 vulgo
696 2522 828 2601 ineptias
850 2522 918 2601 plus
943 2539 1031 2600 quam
1054 2520 1184 2598 pueriles
1215 2520 1376 2582 cavillandi
1402 2519 1524 2581 libidine
1550 2520 1690 2582 deblate-

333 2629 400 2674 rare
423 2610 539 2685 maluit,
564 2620 598 2672 ut
621 2611 768 2671 haberent
790 2611 909 2671 scilicet
932 2610 1071 2689 imperiti,
1097 2627 1154 2688 quo
1178 2609 1325 2688 magistro
1348 2609 1443 2670 bonas
1468 2617 1552 2671 artes
1567 2628 1691 2690 carpere

334 2700 488 2763 auderent.
543 2700 686 2778 Negabat
718 2700 946 2761 obseruationes
978 2698 1130 2781 Tychonis
1163 2699 1235 2771 (has
1271 2717 1393 2761 arcuum
1426 2717 1480 2760 seu
1513 2699 1691 2779 angulorum

332 2789 511 2852 visoriorum
534 2807 587 2868 per
609 2788 810 2850 instrumenta
833 2788 1032 2850 subtilissima
1062 2789 1284 2851 numerationes
1311 2788 1439 2868 putans)
1467 2806 1505 2848 ea
1528 2805 1601 2849 esse
1624 2807 1690 2850 cer-

334 2878 462 2942 titudine
487 2887 518 2939 et
541 2877 722 2953 subtilitate,
756 2896 815 2956 qua
839 2878 876 2939 ab
897 2888 1020 2939 auctore
1051 2878 1317 2956 praedicarentur3
1350 2877 1467 2938 coelum
1491 2876 1573 2939 enim
1596 2876 1692 2957 (quud

333 2968 416 3047 prius
449 2985 544 3047 aeque
573 2984 608 3028 ac
636 2966 838 3029 iustrumenta
865 2986 1033 3029 mensuram
1066 2965 1154 3043 hujus
1183 2967 1283 3042 auguli
1311 2965 1413 3028 visorii
1442 2967 1632 3039 feceramus)
1663 2966 1691 3027 io

333 3057 427 3119 multo
451 3057 552 3135 plures
574 3054 741 3135 particulas
765 3057 858 3119 dividi
882 3076 972 3135 posse
995 3074 1107 3134 easque
1130 3055 1256 3117 notabili
1283 3054 1373 3135 plane
1406 3056 1633 3132 magnitudine,
1657 3056 1691 3116 de

333 3144 440 3226 quibus
464 3155 667 3207 astronomum
695 3155 767 3225 post
790 3164 906 3208 omnem
931 3146 1196 3207 instrumentorum
1220 3145 1421 3207 subtilitatem
1444 3144 1613 3208 etiamnum
1636 3145 1691 3207 du·

334 3234 431 3297 bitere
456 3254 579 3297 necesse
603 3235 654 3297 sit.
692 3235 787 3314 Atqui
812 3235 1014 3296 dissimulavit
1038 3234 1163 3295 callidus
1187 3234 1262 3296 artis
1287 3235 1483 3308 obtrectator,
1509 3233 1591 3295 huuc
1614 3235 1690 3297 stel-

335 3324 429 3387 larum
453 3323 544 3386 situm
569 3343 662 3386 causa
686 3323 863 3403 superficiei,
887 3324 1002 3402 hasque
1026 3324 1200 3395 distantias,
1223 3324 1279 3385 has
1298 3322 1475 3385 altitudines
1498 3333 1532 3384 et
1556 3342 1689 3404 quocun·

332 3431 389 3494 que
420 3413 538 3475 nomine
568 3413 628 3474 alio
658 3413 795 3486 veniunt,
825 3432 883 3473 non
912 3412 1028 3474 institui
1058 3412 1096 3473 ub
1124 3431 1173 3473 res
1204 3433 1257 3475 seu
1289 3413 1397 3475 stellas
1420 3412 1504 3492 ipsas
1537 3412 1690 3492 primario,

333 3519 456 3582 quarum
481 3502 559 3564 iuter
581 3511 687 3564 centra
711 3502 881 3581 hujusmodi
905 3522 993 3563 arcus
1017 3521 1076 3563 non
1100 3500 1258 3578 intersunt,
1283 3503 1337 3564 sed
1361 3503 1399 3563 ob
1425 3501 1520 3562 visum
1541 3511 1692 3575 uestrum

334 3601 488 3670 totumque
512 3591 569 3651 hoc
592 3592 745 3669 negotium
773 3591 803 3652 in
832 3591 1017 3652 astronomia
1047 3589 1155 3670 opticis
1188 3591 1355 3653 rationibus
1388 3590 1460 3663 niti,
1496 3609 1533 3652 ac
1566 3591 1692 3671 proinde

332 3680 459 3744 stultum
482 3699 561 3750 esse,
585 3680 675 3741 nliaru
699 3679 910 3753 subtilitatem,
937 3699 1024 3760 quam
1049 3699 1124 3760 quae
1148 3681 1215 3741 visu
1238 3680 1389 3761 praestari
1412 3679 1522 3760 possit,
1547 3681 1692 3742 affectare

332 3769 426 3843 velle;
451 3768 611 3849 superbum
634 3787 705 3831 vero
730 3779 762 3830 st
785 3768 954 3843 barbarum,
980 3770 1055 3830 hanc
1079 3769 1230 3843 visoriam‚
1256 3789 1332 3850 quae
1357 3770 1444 3831 nobis
1467 3768 1508 3829 ad
1532 3770 1693 3831 veritatem

332 3857 445 3938 primus
468 3866 517 3919 est
540 3858 651 3930 aditus,
677 3858 811 3937 rejicere.
849 3859 917 3919 lion
942 3860 1096 3938 profitetur
1119 3858 1221 3940 itaque
1244 3879 1340 3938 neque
1359 3858 1462 3941 Tycbo
1485 3878 1582 3938 neque
1608 3858 1692 3939 quis·-

334 3964 557 4025 qumanana,
583 3964 617 4008 ss
640 3948 716 4007 adeo
742 3947 798 4008 leui
822 3966 915 4027 opera
939 3948 1085 4027 genuinas
1108 3959 1141 4010 et
1163 3948 1340 4011 verissimas
1369 3949 1499 4009 siderum
1528 3947 1693 4009 distantias

333 4034 468 4116 situsque
492 4035 521 4097 in
545 4034 647 4096 mundi
671 4036 817 4100 diametro
840 4055 893 4115 per
917 4037 972 4098 hos
991 4038 1255 4099 instrumentorum
1279 4058 1367 4099 arcus
1391 4037 1542 4117 pandere:
1567 4037 1623 4100 sed
1639 4036 1694 4098 hcc

335 4125 501 4203 profitetur,
525 4145 560 4187 se
583 4125 666 4187 visus
689 4126 718 4187 in
743 4125 872 4186 videndo
895 4126 1111 4193 subtilitatem,
1144 4128 1336 4189 arithmetica
1359 4125 1462 4188 visorii
1485 4145 1576 4187 arcus
1605 4126 1693 4187 dinu-

334 4214 499 4277 meratioue
523 4214 764 4293 geometriaeque
789 4215 934 4276 divisione
958 4216 1087 4289 imitari3
1117 4217 1256 4296 uiamque
1279 4226 1395 4278 struere
1418 4234 1472 4297 per
1495 4215 1552 4275 has
1571 4215 1692 4277 dietam

333 4302 393 4366 ties
421 4301 549 4365 visorias
580 4303 619 4363 ad
649 4303 822 4366 verissimos
855 4304 932 4366 situs
960 4305 1092 4366 siderum
1125 4306 1155 4367 in
1185 4307 1330 4367 diametro
1361 4304 1464 4367 mnudi
1493 4303 1692 4385 indagandos.

334 4393 435 4471 Atque
460 4392 535 4453 haec
559 4402 725 4474 opportune
749 4393 786 4455 de
810 4393 870 4454 situ
894 4395 1060 4467 stellarum,
1086 4415 1178 4456 causa
1196 4396 1362 4474 superficiei
1387 4395 1435 4455 vel
1454 4393 1558 4473 auguli
1579 4392 1693 4462 risorii.

332 4479 363 4541 iu
386 4481 517 4558 gratiam
540 4480 689 4543 rudiorum
714 4482 872 4561 repetiisse
897 4483 1048 4563 digitoque
1073 4493 1259 4545 monstrasse
1283 4478 1482 4555 sufficiat.⁸⁸)

437 4618 467 4681 2.
503 4622 552 4682 De
577 4623 776 4685 altitudine
800 4622 960 4686 siderum
984 4645 1003 4685 a
1026 4632 1151 4686 centro
1176 4625 1310 4688 Terrae
1335 4636 1370 4689 et
1392 4624 1586 4707 paralleli

348 4715 350 4720 '
759 4712 801 4773 ob
826 4713 1045 4775 distantiam
1070 4714 1262 4778 oculorum.

420 4832 572 4914 Sequitur,
597 4843 631 4899 ut
649 4836 686 4898 de
705 4837 765 4899 situ
789 4838 944 4900 stellarum
966 4858 1060 4900 causa
1084 4838 1224 4901 diametri
1246 4839 1347 4901 muudi
1366 4838 1476 4912 dicam,
1500 4840 1610 4902 eudem
1627 4849 1693 4901 rra-

332 4921 405 4985 mite
428 4941 571 5003 pergens,
608 4935 642 4987 ut
663 4943 724 5004 qua
747 4925 775 4987 in
799 4937 886 5006 parte
909 4928 979 4989 novi
1007 4929 1078 5006 quid
1111 4928 1238 4990 eruditis
1268 4946 1435 5008 proponere
1468 4948 1528 4991 nou
1560 4948 1693 5011 possum,

329 5013 516 5091 populariter
539 5014 672 5075 eruditos
695 5034 750 5094 pro
773 5016 886 5079 viribus
909 5016 1057 5094 adjuvem,
1082 5026 1224 5097 quantum
1249 5017 1392 5080 instituta
1412 5017 1682 5100 breritsspatitur
