3692 5842
275 506 277 510 ¹
327 479 393 546 240
797 479 989 546 Paralipomena
1006 482 1031 532 in
1050 480 1215 534 Vitellionsnr.

327 659 494 730 reurittunt,
519 676 577 737 quo
600 657 698 720 minus
723 658 762 719 ad
785 677 834 719 res
858 658 1011 737 proximas
1039 665 1304 738 contorqueantur.
1350 658 1434 720 Tunc
1463 657 1555 737 igitur
1583 673 1687 718 recur-

327 755 398 809 runt
421 747 459 807 ed
483 747 574 807 situm
597 747 787 825 parallelum.

417 835 636 914 Propositio
669 836 723 897 lll.
781 835 898 895 Visus
934 835 976 895 ad
1011 833 1210 895 evidentia
1242 834 1400 914 rapitur,
1434 834 1622 895 tenuibus
1654 843 1691 893 et

327 924 621 986 vanescentibus
656 924 820 1002 maligue
854 924 1036 984 allicitur.
1089 919 1178 992 Quod
1211 923 1398 1002 experientia
1426 931 1576 992 testatur,
1607 921 1690 982 visus

327 1013 499 1095 proprietas
523 1013 671 1091 coarguit.
706 1013 784 1073 liam
808 1012 875 1072 ideo
897 1012 986 1073 datus
1003 1022 1061 1084 cet,
1085 1019 1119 1071 ut
1141 1020 1312 1074 moveretur
1330 1031 1350 1072 a
1369 1012 1444 1083 lnce,
1468 1031 1488 1072 a
1506 1010 1579 1073 forti
1598 1010 1690 1088 igitur

327 1102 495 1164 movebitur
529 1101 658 1163 fortiter.
706 1104 749 1163 At
780 1101 892 1161 moveri
924 1121 942 1159 a
974 1099 1039 1161 luce
1073 1110 1120 1160 est
1151 1100 1264 1162 uidere.
1317 1097 1419 1170 Quare
1451 1100 1501 1180 qui
1534 1099 1620 1178 prius
1651 1098 1691 1158 ad

328 1190 457 1252 debilem
482 1192 576 1251 lucem
601 1198 794 1269 respexerat,
820 1188 935 1250 oriente
960 1189 1075 1251 fortiori
1102 1188 1166 1249 luce
1191 1190 1230 1249 ab
1253 1189 1360 1251 eadem
1390 1190 1531 1270 regione,
1562 1187 1691 1249 eandem

330 1280 566 1353 consectabitur,
591 1278 719 1357 priorem
746 1279 875 1339 amittet.

420 1368 477 1428 Vel
501 1366 593 1445 (Cap.
619 1369 642 1439 l,
668 1363 740 1434 28),
772 1385 837 1428 curn
863 1365 953 1427 fortia
984 1367 1099 1426 oculum
1128 1365 1324 1427 immoderate
1354 1366 1548 1439 collustrent,
1584 1364 1694 1426 latebit

329 1457 456 1518 debilior
486 1457 675 1517 collustratio
700 1457 754 1516 sub
779 1476 825 1517 ea.
874 1454 969 1515 l'isus
998 1474 1069 1514 vero
1099 1456 1235 1533 sequitur
1263 1454 1503 1516 collustrationis
1531 1454 1692 1515 rationem.

417 1545 636 1623 Propositio
661 1545 718 1606 lv.
766 1544 957 1604 Tenebrae
987 1544 1075 1604 dant
1102 1543 1305 1622 hospitium
1337 1542 1508 1622 imagini,
1538 1543 1694 1604 oriente

329 1653 415 1696 vero
440 1654 481 1694 ex
510 1634 575 1695 illa
607 1634 781 1712 imaginis
813 1634 924 1711 plaga
959 1631 1108 1693 fortiori
1150 1633 1229 1693 luce
1273 1633 1376 1712 perit
1416 1633 1551 1711 imago.
1612 1631 1693 1694 Nan

331 1724 430 1800 imago
455 1731 503 1783 est
534 1723 644 1800 partim
679 1722 875 1784 intentionale
904 1741 976 1795 ens,
1010 1721 1092 1781 visus
1122 1739 1207 1799 opus.
1254 1722 1406 1783 Pereunte
1436 1721 1539 1799 itaque
1571 1719 1693 1781 videndi

330 1820 400 1874 actu
443 1811 523 1890 perit
556 1810 665 1889 imago.
726 1812 809 1872 Perit
839 1830 909 1871 cero
942 1819 1029 1870 actus
1062 1810 1180 1869 videndi
1212 1830 1277 1870 cum
1310 1810 1356 1870 his
1386 1809 1612 1870 conditionibus
1639 1826 1696 1888 per

332 1900 543 1981 praemissam.
582 1900 784 1971 Econtrario,
809 1919 874 1960 curn
899 1899 981 1959 locus
1000 1918 1053 1959 seu
1073 1898 1200 1959 materia
1220 1899 1382 1959 tenebrosa
1400 1907 1449 1959 est
1465 1898 1546 1959 circa
1569 1899 1695 1976 plagam

331 1989 482 2069 imaginis,
509 1988 613 2050 fortior
625 1989 725 2068 itaque
735 1989 785 2050 lux
797 1988 936 2066 imaginis
948 1990 1015 2065 (per
1030 1988 1242 2065 praemissam)
1256 1987 1373 2048 videndi
1385 1995 1485 2049 actum
1496 1996 1652 2047 causatur.
1661 1983 1696 2056 ⁸)

418 2078 648 2157 Propositio
673 2078 713 2139 V.
760 2079 859 2138 Ante
888 2077 1003 2155 pilam
1027 2094 1091 2136 seu
1122 2075 1266 2153 globum
1294 2094 1453 2155 aqueum
1482 2076 1610 2137 nullus
1634 2082 1697 2136 est

331 2168 435 2229 locus
466 2166 621 2245 imagini
660 2167 714 2227 rei
752 2174 835 2246 post
874 2164 985 2244 pilam
1027 2165 1233 2226 latitantis.
1289 2165 1488 2244 Experieutia
1523 2166 1695 2226 confirmat.

331 2254 534 2327 Quaerendae
559 2255 651 2333 igitur
675 2257 756 2316 fuere
781 2273 902 2315 causae.
941 2254 1019 2314 Nam
1040 2254 1096 2314 lrac
1120 2254 1323 2333 propositione
1348 2254 1468 2334 quidem
1493 2273 1552 2314 nou
1576 2263 1697 2314 tanturn

331 2345 501 2423 corrigitur,
527 2346 604 2424 quod
627 2343 658 2405 J.
684 2345 719 2406 B.
744 2344 839 2404 Porta
873 2343 948 2404 libro
977 2342 1024 2403 17.
1050 2361 1115 2422 cap.
1145 2341 1194 2404 13.
1218 2343 1394 2421 pollicetur,
1428 2353 1489 2421 pita
1525 2353 1697 2420 crystallina

333 2446 435 2506 facere,
457 2452 489 2497 ut
510 2444 634 2513 pendula
655 2443 747 2511 image
770 2444 796 2495 iu
818 2448 883 2495 aere
904 2443 1040 2504 rideatur,
1065 2433 1119 2492 sod
1141 2432 1234 2492 etiam
1252 2432 1450 2511 propositioni
1470 2432 1586 2509 primae
1607 2432 1698 2510 hujus

332 2524 504 2600 derogatur.
546 2524 640 2600 Igitur
665 2540 731 2581 curn
757 2523 837 2581 locus
863 2520 1002 2599 imaginis
1025 2539 1079 2599 per
1103 2520 1128 2582 1.
1153 2521 1241 2599 hujus
1265 2521 1307 2581 sit
1329 2521 1450 2600 propior
1474 2522 1582 2595 oculis,
1607 2539 1698 2601 quarn

331 2612 440 2691 globus
465 2630 599 2691 aqueus:
625 2628 697 2688 ergo
722 2629 774 2688 per
794 2607 824 2670 2.
850 2610 938 2687 hujus
963 2609 1112 2670 difficilius
1133 2610 1210 2670 oculi
1234 2611 1509 2689 contorquebuntur
1533 2610 1572 2670 ad
1598 2611 1712 2686 locum,

331 2700 487 2779 imaginis,
522 2719 610 2780 qrmm
639 2700 678 2758 ad
708 2699 839 2777 globum.
887 2698 929 2757 Et
951 2716 1005 2775 per
1027 2694 1058 2757 3.
1090 2698 1178 2776 hujus
1210 2698 1363 2775 rapientur
1395 2697 1473 2759 oculi
1497 2698 1537 2758 ad
1561 2698 1695 2776 globum,

332 2790 417 2869 cujus
443 2789 492 2848 lux
518 2797 567 2848 est
596 2787 701 2848 l'ortior
725 2797 757 2847 et
780 2788 963 2858 evidentior,
993 2805 1082 2865 quarn
1110 2787 1185 2847 radii
1215 2787 1256 2847 rei
1284 2804 1339 2865 per
1365 2787 1459 2864 pilam
1482 2787 1520 2847 ad
1550 2796 1697 2864 punctum

331 2897 386 2938 seu
413 2878 508 2937 locum
534 2875 672 2954 irrraginis
697 2876 915 2956 pertingentes.
964 2875 1021 2936 Per
1044 2872 1075 2936 l.
1101 2876 1191 2954 igitur
1215 2875 1321 2954 hujus:
1351 2876 1400 2936 lux
1425 2896 1444 2935 a
1467 2874 1558 2954 globo
1588 2893 1697 2954 nqueo,

333 2967 491 3028 illustrans
515 2966 611 3026 locum
636 2964 776 3043 imaginis
800 2964 1024 3042 interpositum,
1054 2965 1188 3047 dispellit
1216 2965 1376 3043 imaginem
1401 2982 1478 3024 novo
1501 2964 1549 3025 sui
1576 2963 1697 3024 uidendi

334 3063 403 3115 actu
429 3054 540 3114 elicito.
591 3053 665 3113 llinc
689 3053 783 3114 Porta
816 3053 968 3113 titubans:
998 3064 1026 3117 si
1049 3065 1165 3124 visibile,
1188 3054 1292 3131 inquit,
1318 3063 1400 3116 tuerit
1427 3063 1546 3116 maricae
1577 3062 1697 3124 risibile,

332 3165 365 3207 ut
387 3154 458 3224 ignis
481 3154 524 3205 rel
548 3154 671 3216 candela,
695 3171 738 3205 res
760 3154 818 3206 sine
841 3154 1005 3206 difficultate
1027 3163 1056 3204 et
1076 3153 1177 3204 clarior
1198 3152 1343 3205 ridebitur.
1404 3142 1486 3219 Ergo
1520 3161 1599 3220 quac
1639 3162 1697 3202 nrm

335 3241 407 3294 sunt
431 3231 523 3310 ignis,
548 3232 740 3302 difficillime,
776 3233 890 3293 latente
914 3231 1023 3304 l’orta,
1058 3232 1085 3290 in
1110 3232 1223 3291 usitato
1257 3231 1397 3310 imaginis
1422 3233 1488 3291 loco
1518 3243 1695 3293 cernuntur.

335 3319 415 3391 Quid
440 3320 565 3381 multis?
598 3319 664 3380 llac
689 3330 760 3380 sont
783 3322 949 3399 opticorum
973 3319 1179 3380 conclusiones
1203 3339 1240 3379 err
1269 3320 1459 3380 insullicienti
1484 3328 1516 3380 et
1541 3338 1600 3381 non
1626 3320 1697 3380 uui-

334 3409 444 3470 versali
481 3409 737 3469 demonstratione
773 3410 809 3469 de
846 3410 910 3469 loco
942 3409 1080 3485 imaginis
1111 3410 1276 3487 protectae.
1324 3407 1475 3478 Quorsum
1507 3409 1643 3487 pertinet
1667 3418 1699 3468 et

334 3498 395 3570 illa,
422 3517 497 3576 quae
522 3498 616 3558 Porta
640 3498 739 3576 capite
771 3498 816 3559 ro.
842 3497 1034 3575 praecedenti
1060 3497 1222 3557 docuerat:
1253 3510 1328 3561 lento
1365 3508 1533 3577 crystallina
1570 3523 1700 3561 conr-era

335 3598 483 3669 imaginem
507 3600 533 3651 in
556 3605 621 3651 acre
647 3599 796 3668 pendulam
819 3596 919 3647 vidore.
984 3585 1076 3645 Ratio
1114 3586 1193 3647 eninr
1234 3588 1447 3665 propemodum
1486 3595 1535 3646 est
1576 3587 1698 3647 eadem.

333 3677 499 3755 Propterea
523 3677 628 3737 addit:
654 3689 681 3742 Si
705 3702 840 3757 papyrum
870 3684 996 3750 objicies,
1020 3685 1094 3737 clarc
1121 3686 1238 3748 ridebis,
1268 3695 1299 3738 ut
1327 3685 1445 3738 candela
1470 3701 1593 3739 accensa
1614 3701 1701 3755 super

334 3793 470 3846 papyrum
494 3780 590 3829 ardere
613 3778 748 3829 vittantur.
795 3766 909 3841 Nerupe
941 3765 1071 3837 maligne
1099 3774 1129 3822 et
1162 3764 1210 3823 rix
1244 3764 1393 3824 videbitur
1426 3764 1544 3843 imago,
1580 3767 1700 3826 l'atcntc

334 3856 441 3925 l'orta,
468 3856 494 3913 iu
521 3858 585 3931 ipso
611 3857 688 3914 nudo
713 3862 793 3914 aire.
841 3854 886 3912 At
914 3853 940 3912 si
970 3871 1113 3931 papyrum
1142 3852 1282 3928 objicias,
1311 3854 1337 3913 ei
1366 3853 1486 3932 inquam
1518 3853 1700 3933 interponas

334 3961 479 4021 papyrum
506 3944 583 4002 inter
613 3944 724 4003 lentem
750 3952 780 4001 et
811 3940 906 4000 visum
932 3942 1014 4009 (uam
1040 3940 1086 3998 hic
1112 3942 1206 4000 Porta
1229 3959 1342 4001 mecum
1376 3942 1474 4001 adhuc
1499 3941 1537 4001 de
1566 3943 1699 4019 imagine

335 4030 473 4108 loquitur,
501 4032 629 4090 uomlunr
655 4032 691 4090 de
716 4030 841 4108 pictura,
867 4028 903 4086 de
928 4046 1111 4106 quercuum
1135 4029 1191 4089 hoc
1215 4042 1276 4104 est,
1301 4040 1334 4091 ut
1357 4031 1436 4090 inira
1459 4030 1611 4108 patebit),
1632 4032 1698 4109 jam

335 4138 392 4180 nou
422 4120 553 4197 pendula
578 4121 605 4178 in
637 4126 724 4191 acre,
758 4118 810 4177 sed
836 4117 895 4174 fixa
920 4116 948 4175 in
979 4133 1091 4195 papyro
1120 4118 1269 4180 videbitur
1298 4119 1405 4198 imago.
1453 4119 1595 4199 l’apyrus
1619 4120 1699 4179 enirn

336 4207 505 4268 evidentius
540 4208 648 4267 l'erieus
683 4208 786 4267 oculos
817 4203 935 4264 stabilit
967 4204 1035 4263 illos
1059 4204 1088 4264 in
1118 4207 1182 4266 loco
1207 4208 1363 4284 imaginis,
1387 4215 1421 4268 ut
1444 4209 1638 4288 contorqueri
1663 4225 1699 4267 eo

334 4296 463 4374 possint.
512 4296 552 4355 Et
576 4305 676 4355 tamen
702 4295 772 4372 quia
795 4302 857 4351 turn
886 4309 1017 4371 papyrus
1045 4293 1153 4355 clarior
1185 4295 1332 4375 imagine,
1367 4315 1500 4376 papyrus
1532 4298 1699 4376 praecipue

336 4383 499 4456 ridebitur,
534 4384 633 4461 imago
667 4381 853 4442 secundarie.
902 4382 968 4439 hon
1001 4381 1079 4441 enirn
1107 4384 1189 4443 solae
1223 4385 1456 4446 mathematicae
1490 4386 1700 4447 dimensiones

336 4471 495 4548 imaginem
520 4481 640 4543 creant,
670 4471 722 4530 sed
748 4470 839 4530 etiam
864 4477 896 4527 et
919 4470 1012 4528 nmlto
1040 4472 1137 4548 magis
1167 4474 1283 4534 colores
1307 4486 1398 4554 atque
1423 4475 1534 4536 lumina
1559 4489 1592 4536 et
1616 4476 1699 4555 phy·-

335 4560 416 4620 sicae
447 4579 575 4632 causae,
609 4560 645 4620 de
679 4558 784 4638 qutom
809 4555 839 4616 2.
866 4557 895 4615 tl.
922 4554 952 4618 «l.
987 4577 1030 4634 pr.
1064 4559 1151 4637 liujus
1180 4581 1244 4640 cap.
1297 4561 1330 4623 Si
1362 4582 1511 4624 convoces
1541 4565 1698 4626 oculorum

424 4773 449 4828 ‘l
473 4771 550 4823 llaec
571 4785 656 4823 causa
677 4781 729 4833 est,
752 4785 799 4821 cur
821 4768 939 4836 speculis·
963 4769 1057 4824 vitreis
1081 4774 1200 4827 materia
1228 4775 1315 4829 licens
1338 4784 1366 4829 ct
1388 4793 1474 4847 prope
1496 4780 1610 4832 decolor
1632 4781 1699 4833 sub·

336 4851 460 4911 ducatur,
483 4850 623 4902 metallica
645 4867 709 4903 rero
731 4849 900 4918 potissimum
916 4867 950 4901 ex
973 4850 1092 4920 chalybe
1114 4863 1162 4907 aut
1183 4855 1238 4906 aliu
1261 4857 1378 4910 materia
1400 4858 1484 4927 nigra
1505 4861 1697 4914 conficiantur.

336 4928 407 4983 une
428 4929 512 4983 etiam
533 4945 593 4981 curn
615 4930 752 4981 fenestras
774 4927 877 4980 vitreae
894 4929 959 4981 loris
980 4934 1114 4986 tenebrae
1134 4935 1269 4994 obsident,
1292 4945 1373 4990 noctu
1396 4953 1495 5006 nempe
1509 4939 1545 4991 ad
1567 4939 1697 4995 incensu

337 5007 426 5078 raus,
448 5007 523 5066 vitra
543 5008 728 5062 mmmmm
749 5007 827 5062 nobis
848 5010 1021 5076 speculorum
1042 5014 1127 5067 ricem
1148 5023 1303 5083 praestant.
