3692 5842
358 528 421 598 w
817 498 1008 562 Paralipcmsna
1026 500 1051 547 in
1071 497 1238 549 Vitellicnenr.

355 701 413 766 prr,
437 701 577 772 pensum
602 686 629 742 :l
654 695 707 757 per
730 674 800 748 AG,
827 674 897 745 GH,
923 677 979 735 llll
1009 676 1105 736 lineas
1135 676 1303 736 lateraliter
1329 675 1496 754 ingreditur
1519 674 1546 735 B
1570 674 1708 735 oculum:

350 789 463 850 qm.»
495 793 564 834 sera
597 777 663 828 erat
694 762 912 843 ingressumO
944 765 1071 825 oculnrn.
1118 763 1221 835 Quare
1253 763 1360 826 videns
1392 763 1476 826 visus
1508 773 1656 844 punctum
1680 765 1708 823 Δ

349 875 444 936 ,qma
468 862 553 923 iunio
577 858 708 926 directe,
744 853 842 913 altero
867 853 1033 920 indirecte,
1064 854 1131 932 jure
1156 853 1321 927 existimat,
1346 871 1380 915 se
1408 852 1513 915 videre
1547 854 1626 913 duas
1649 870 1707 914 res.

348 952 464 1032 quidsi
487 948 569 1008 risus
593 963 648 1004 nec
671 942 700 1002 in
725 942 751 1002 F
774 961 828 1002 nec
858 942 886 1001 in
912 944 939 1001 H
974 942 1135 1020 dirigatur,
1168 942 1284 1003 scilicet
1306 942 1335 1004 in
1360 943 1457 1003 locum
1484 941 1709 1008 intermedium,

347 1059 417 1112 egra·
442 1041 467 1102 is
490 1034 572 1116 globi
597 1034 680 1094 locus
706 1030 820 1091 directe
853 1030 973 1109 quidem
1006 1031 1173 1105 videbitur,
1208 1032 1348 1111 utrinque
1376 1048 1448 1092 vero
1476 1031 1580 1111 imago
1610 1031 1710 1109 aliqua

367 1132 501 1195 udimcte.

347 1135 366 1198 h
435 1214 491 1275 llic
525 1215 649 1288 propter
689 1206 854 1268 schematis
894 1208 1150 1284 opportunitatem
1188 1206 1323 1287 quamvis
1361 1214 1448 1268 extra
1481 1208 1567 1269 oleas
1601 1206 1710 1287 adjicio

344 1299 630 1370 donnonstrationem
656 1296 730 1374 ejus,
757 1296 835 1375 quod
861 1297 1045 1356 Aristoteles
1069 1297 1202 1356 sectione
1227 1293 1277 1358 31.
1306 1296 1495 1375 problemate
1523 1296 1574 1359 ll.
1600 1306 1633 1356 et
1658 1295 1708 1356 17.

345 1389 481 1476 quaerit:
516 1398 668 1468 quomodo,
701 1413 760 1448 cnm
788 1402 905 1463 uterque
936 1395 1030 1447 oculus
1052 1396 1088 1448 ah
1116 1396 1210 1447 eodem
1240 1394 1373 1465 principio
1394 1394 1432 1448 sit
1452 1402 1584 1465 aptatus,
1616 1400 1710 1448 tamen

346 1481 413 1538 insit
433 1477 519 1532 oculis
541 1477 673 1536 facultas,
695 1491 778 1527 unam
792 1490 848 1526 rem
865 1491 913 1541 pro
935 1476 1048 1544 gemina
1068 1475 1247 1529 aestimandi:
1269 1476 1342 1528 citra
1360 1474 1445 1528 etiarn
1459 1474 1710 1529 considentium

344 1559 422 1634 globi
446 1557 527 1627 aquei
550 1564 600 1609 aut
621 1556 727 1624 speculi
749 1555 829 1607 cavi?
862 1552 1059 1630 Respondeo,
1092 1572 1267 1614 concurrere
1297 1553 1476 1614 dualitatem
1500 1555 1657 1615 oculorum
1679 1564 1712 1614 et

345 1644 571 1710 distinctionem
595 1642 728 1703 directae
757 1641 881 1702 visionis
907 1642 944 1701 ab
968 1642 1103 1720 obliqua,
1135 1660 1186 1701 seu
1218 1642 1404 1721 obliquamm
1433 1643 1474 1702 ab
1501 1642 1634 1705 invicem
1656 1660 1711 1721 per

344 1736 482 1797 diversas
506 1730 673 1811 superficiei
697 1738 811 1809 partes.
851 1730 899 1790 Sit
922 1730 950 1789 iu
971 1731 1066 1808 ligura
1081 1726 1133 1791 76.
1154 1731 1177 1790 F
1179 1731 1208 1790 H
1230 1732 1341 1809 paries,
1366 1730 1444 1791 oculi
1459 1731 1495 1805 B,
1517 1728 1554 1799 G,
1580 1748 1708 1810 quornm

343 1825 424 1886 acies
448 1822 478 1882 in
501 1839 591 1881 unum
614 1819 742 1898 parietis
765 1827 910 1897 punctum
935 1818 1112 1897 dirigantur,
1138 1820 1168 1878 id
1194 1820 1272 1879 sitF
1284 1838 1292 1891 ;
1316 1820 1494 1880 intermedio
1520 1821 1588 1880 loco
1611 1820 1709 1881 collo·

343 1921 428 1974 cetur
457 1909 594 1980 visibile,
620 1908 705 1985 cujus
734 1908 851 1986 species
875 1916 923 1967 est
953 1908 1143 1983 geminanda,
1169 1907 1198 1967 id
1223 1908 1264 1969 sit
1286 1908 1324 1968 D.
1373 1905 1448 1967 Cum
1473 1908 1568 1987 igitur
1591 1907 1646 1970 FC
1669 1908 1712 1968 ait

344 2000 411 2062 axis
435 1997 514 2059 oculi
538 1995 563 2058 G
589 1997 791 2068 continuatus,
817 1996 845 2056 D
869 1996 1029 2074 apparebit
1055 1997 1141 2057 oculo
1166 1994 1191 2058 C
1216 1996 1245 2056 in
1270 1997 1351 2057 linea
1374 1998 1450 2057 axis.
1498 1997 1634 2058 Etcum
1658 1996 1710 2058 FB

346 2089 389 2151 sit
413 2088 479 2148 axis
504 2086 620 2147 oculiB
645 2085 848 2155 continuatus,
874 2085 930 2144 BD
945 2102 1014 2145 vero
1039 2084 1080 2145 sit
1104 2084 1183 2144 linea
1206 2085 1266 2145 alia
1289 2103 1378 2164 qnam
1401 2086 1478 2157 axis,
1503 2086 1533 2146 D
1547 2086 1711 2167 apparebit

346 2178 432 2238 oculo
457 2176 482 2236 B
508 2183 594 2235 entra
618 2174 727 2233 lineam
757 2173 822 2232 asia
847 2173 875 2233 in
900 2174 961 2233 alia
989 2183 1075 2251 parte
1100 2173 1282 2251 superficiei,
1312 2173 1356 2233 ita
1379 2192 1433 2252 pro
1461 2174 1588 2235 diversa
1610 2175 1709 2236 collo·

344 2265 465 2326 catione
489 2264 519 2323 in
544 2263 638 2323 oculis
663 2261 801 2323 diversae
826 2260 942 2340 species
967 2261 1165 2340 apparebunt.
1207 2261 1343 2323 Ebriosis
1366 2262 1470 2342 itaque
1495 2273 1528 2324 et
1551 2263 1709 2333 morbidis,

347 2363 380 2415 et
404 2351 505 2431 pueris
529 2350 719 2429 senibusque,
745 2360 776 2410 et
795 2368 917 2428 qnorum
936 2350 1098 2410 voluntarii
1122 2357 1220 2410 motus
1240 2350 1377 2428 impediti
1397 2360 1478 2420 sunt,
1504 2352 1560 2412 hoc
1584 2352 1708 2414 accidit.

563 2483 615 2546 mg.
638 2478 679 2527 77.
903 2438 1709 2606 puuclidoinocsdirizanliiilliltldiisitssbtiaalffl

905 2633 1141 2695 quaecunque
1156 2624 1293 2694 puncta
1312 2617 1414 2696 globi
1430 2618 1538 2697 aquei
1554 2617 1708 2698 allapsi,

905 2705 1130 2765 refractione
1161 2705 1309 2783 gemina
1342 2707 1449 2767 lacta
1476 2716 1709 2770 concurrunt

904 2812 982 2854 curn
1007 2812 1086 2865 axe,
1119 2793 1186 2853 hoc
1214 2804 1272 2854 est
1301 2812 1376 2856 cum
1404 2796 1518 2869 linea,
1549 2813 1642 2875 quae
1666 2812 1708 2855 ex

904 2890 1036 2959 puncto
1076 2882 1249 2942 radiante
1287 2901 1352 2961 per
1390 2894 1561 2946 centrum
1604 2884 1707 2959 globi

905 2971 1064 3032 ducitur.
1112 2969 1160 3032 Sit
1184 2972 1213 3031 Α
1245 2980 1382 3035 centrum
1405 2971 1459 3035 BG
1490 2974 1575 3053 globi
1608 2974 1708 3053 aquei,

904 3060 970 3118 axis
994 3059 1089 3120 DAF.
1137 3059 1187 3120 Sit
1214 3070 1356 3137 punctum
1385 3062 1508 3122 radians
1537 3062 1707 3133 verensi),

904 3146 1068 3208 distantiae
1099 3149 1137 3207 ad
1166 3149 1288 3225 globum
1320 3150 1577 3229 incomparabilis.
1625 3151 1708 3226 Ergo

905 3236 1002 3295 lineae
1027 3256 1046 3295 a
1068 3245 1179 3313 puncto
1204 3238 1254 3298 illo
1279 3239 1318 3299 ad
1343 3240 1538 3320 quodcunque
1562 3252 1707 3318 punctum

905 3324 1051 3403 sphaerae
1090 3325 1198 3386 ductae
1238 3328 1454 3389 insensibiliter
1493 3329 1636 3389 different
1670 3327 1708 3387 ab

905 3413 1176 3491 aequidistantibus
1206 3416 1255 3475 axi
1285 3416 1379 3477 DAF.
1427 3414 1496 3477 Sint
1527 3428 1644 3497 puncta
1673 3417 1707 3488 B,

683 3493 854 3572 *Α
906 3502 951 3573 G,
987 3503 1082 3561 lineae
1114 3504 1281 3580 parallelae
1314 3504 1363 3565 ani
1396 3504 1468 3578 KB,
1502 3505 1572 3567 LG.
1633 3506 1709 3567 Dico

905 3608 1102 3651 concursuras
1126 3609 1192 3652 cum
1216 3611 1272 3653 axe
1298 3594 1391 3654 DAF.
1439 3594 1520 3656 Nam
1544 3594 1618 3674 qnia
1640 3594 1707 3664 KB,

813 3661 829 3746 s
905 3676 964 3739 LG
987 3678 1017 3738 in
1041 3680 1200 3757 sphaeram
1221 3682 1390 3743 densiorem
1414 3683 1536 3763 oblique
1560 3684 1707 3754 incidunt,

793 3747 813 3818 s
905 3766 1106 3842 refringantur
1142 3787 1213 3846 ergo
1251 3770 1290 3830 ad
1326 3772 1597 3850 perpendiculares
1639 3772 1707 3842 BA,

650 3823 793 4013 J
906 3853 977 3927 Gn,
992 3862 1024 3915 et
1038 3854 1135 3927 KBC,
1158 3855 1242 3917 LGH
1262 3860 1338 3919 liunt
1352 3860 1440 3920 binae
1461 3861 1560 3923 lineae
1579 3862 1709 3941 auffllos

906 3946 935 4005 io
968 3944 1003 4016 B,
1035 3942 1072 4015 G,
1109 3946 1262 4008 facientes.
1315 3948 1396 4026 Ergo
1430 3947 1483 4011 CB
1519 3960 1610 4012 secat
1640 3949 1708 4021 BR,

906 4051 998 4111 quare
1023 4040 1053 4093 et
1076 4033 1141 4110 ejus
1164 4037 1342 4112 parallelum
1366 4037 1426 4098 DA
1449 4039 1611 4118 producta.
1657 4038 1710 4100 Sic

906 4120 965 4181 HG
991 4133 1077 4181 secat
1092 4121 1158 4194 GL,
1183 4142 1274 4201 quare
1297 4135 1327 4185 et
1351 4126 1417 4205 ejus
1441 4129 1623 4207 parallelum
1638 4129 1709 4190 DA.

905 4210 948 4270 Et
970 4210 1040 4287 quia
1062 4208 1126 4283 BC,
1151 4208 1212 4272 GH
1235 4232 1435 4276 concursuras
1459 4234 1527 4278 cnrn
1551 4219 1611 4281 AF
1632 4236 1709 4279 exe·

342 4315 396 4368 unt
427 4309 454 4367 in
490 4305 619 4366 medium
653 4305 767 4374 rarius,
802 4303 1006 4381 refringeotur
1038 4298 1129 4376 igitur
1156 4320 1175 4359 a
1206 4304 1507 4381 perpendicularibus
1540 4305 1617 4381 AC,
1650 4307 1708 4367 All

342 4397 460 4456 ratione
484 4395 652 4467 contraria,
684 4392 803 4471 angulis
826 4411 897 4453 cero
923 4387 1044 4454 iisdem,
1074 4396 1107 4448 ut
1131 4389 1193 4450 sint
1216 4393 1360 4471 aequales
1385 4392 1481 4465 KBC,
1507 4393 1606 4469 Boe,
1631 4396 1711 4458 sicut

343 4482 440 4552 LGH,
467 4481 559 4552 GIH,
595 4483 666 4561 quia
697 4481 880 4543 incidentiae
904 4481 930 4541 B
955 4474 1035 4537 etc
1066 4479 1208 4556 aequales
1239 4490 1328 4554 sunt,
1358 4493 1392 4543 ut
1416 4492 1448 4544 et
1472 4481 1512 4557 G,
1538 4485 1578 4546 Η.
1629 4484 1710 4547 Vide

341 4568 382 4643 Χ,
406 4569 435 4634 9.
462 4569 648 4630 Vitellianis.
687 4569 749 4630 Sed
773 4567 827 4630 BG
848 4570 917 4648 ipsa
941 4576 974 4627 ut
998 4574 1029 4626 et
1052 4563 1110 4625 GH
1136 4576 1275 4629 secturae
1299 4581 1388 4631 erant
1404 4572 1469 4640 AF,
1494 4574 1592 4635 multo
1616 4575 1711 4654 igitur

343 4659 438 4737 magis
464 4657 524 4730 CF,
551 4658 596 4719 ΙΙΙ
621 4659 768 4719 secabunt
788 4657 842 4719 Al*
866 4660 894 4719 in
919 4657 944 4717 F
967 4663 998 4716 et
1022 4654 1046 4725 Ι,
1070 4656 1139 4734 qnia
1163 4658 1231 4734 plns
1254 4659 1282 4718 in
1309 4660 1382 4720 illud
1406 4661 1488 4721 latus
1512 4662 1709 4725 inclinantur.

430 4748 580 4808 Lemma
604 4748 642 4806 ad
666 4746 901 4824 propositionem
924 4744 978 4803 lX.
1005 4753 1191 4821 sequentem.
1232 4744 1308 4807 Cum
1333 4748 1371 4810 ab
1396 4750 1579 4829 aequalibus
1603 4752 1709 4815 circuli

342 4834 470 4895 arcubus
493 4842 596 4894 rectae
619 4835 766 4895 ducuntur
789 4834 827 4894 ad
852 4840 997 4912 punctum
1018 4842 1105 4892 extra
1128 4834 1280 4908 circulum,
1307 4838 1485 4917 inaequales
1508 4850 1582 4903 sunt
1605 4841 1710 4921 anguli

342 4922 382 4981 ad
404 4930 546 4999 punctum
571 4921 611 4981 ab
634 4921 808 5000 aequalibus
833 4922 963 4982 arcubus
983 4921 1131 4995 subtensi,
1156 4930 1188 4982 et
1205 4924 1348 5002 majores,
1373 4943 1499 5006 qnomm
1524 4948 1618 4993 arcus
1636 4939 1710 4992 sunt

341 5006 489 5072 dimetro
513 5026 569 5089 pur
590 5016 733 5088 punctum
758 5008 928 5070 viciniores.

803 4177 825 4223 1.
