3692 5842
247 465 313 532 616
857 465 997 518 minemo.

246 643 428 707 astronomis
452 640 683 722 perplexissima
711 648 742 701 et
773 640 856 702 varie
888 642 1034 720 impedita
1057 641 1214 721 occupatio
1237 642 1267 703 in
1290 639 1424 720 planetis
1447 658 1588 719 eorumque

244 734 337 794 variis
362 742 393 794 et
416 730 650 794 intricatissimis
673 729 834 791 erroribus.
881 728 1139 800 Quemadmodum
1162 748 1233 792 vero
1257 747 1360 791 mense
1383 725 1509 790 Octobri
1529 729 1588 790 anui

247 816 334 885 1604
357 828 479 899 praeter
503 826 678 881 consuetum
702 819 820 878 hostem
844 837 940 879 novae
964 818 993 879 in
1017 818 1152 897 Ungaria
1174 819 1282 880 turbae
1304 816 1502 888 exstiterunt,
1524 835 1587 895 quse

244 910 372 971 animum
397 917 428 968 et
451 926 540 968 ouras
564 905 596 968 S.
621 903 711 985 Caes.
735 906 857 984 Majest.
883 906 960 981 Vm,
986 906 1015 967 in
1040 907 1146 967 Turcis
1168 914 1350 986 occupatas,
1379 903 1514 967 nonnihil
1532 913 1586 965 tur·

244 1000 355 1060 barunt
377 1005 409 1057 et
432 994 462 1055 in
486 1014 554 1056 sese
578 995 811 1056 transtulerunt:
845 994 888 1055 sic
912 995 1017 1056 eodem
1041 1014 1142 1056 mense
1174 1005 1281 1057 exorta
1304 993 1395 1056 Nova
1417 993 1492 1054 haec
1512 992 1587 1054 stella

244 1105 352 1150 novum
376 1084 404 1145 in
429 1083 614 1145 astronomia
636 1082 754 1161 peperit
777 1081 909 1144 laborem
944 1091 976 1145 et
1007 1084 1105 1162 ipsum
1135 1102 1190 1162 per
1222 1104 1255 1144 se
1284 1083 1399 1144 lentum
1434 1080 1474 1143 ob
1495 1080 1584 1142 stellae

243 1173 487 1246 diuturnitatem
512 1180 544 1233 et
567 1191 624 1251 qno
640 1170 833 1248 investigatio
847 1180 982 1233 motuum
996 1170 1228 1251 planetariorum
1244 1172 1393 1232 hactenus
1412 1169 1584 1231 vehementer

243 1263 392 1342 impedita
415 1261 480 1322 luit.
528 1260 675 1333 Rursum,
708 1278 764 1339 quo
789 1261 918 1321 maxime
942 1271 1075 1339 tempore
1099 1258 1133 1322 S.
1158 1259 1194 1323 C.
1219 1262 1286 1322 Mt·
1317 1260 1364 1319 V·
1396 1257 1583 1337 compositioni

245 1370 344 1413 rerum
366 1349 585 1428 Ungaricarum
610 1367 731 1427 operam
755 1347 853 1423 dedit,
886 1349 1037 1428 expeditis
1069 1357 1102 1411 et
1131 1349 1293 1429 pensitatis
1326 1346 1437 1410 mediis
1468 1347 1532 1410 buit
1550 1347 1581 1406 rei

244 1439 445 1500 salutaribus:
479 1438 583 1497 eodem
614 1439 676 1497 lere
708 1437 853 1515 temporis
876 1444 975 1499 tractu
1004 1437 1169 1500 astronomi
1198 1437 1227 1500 in
1259 1435 1465 1519 descriptione
1486 1432 1581 1497 Stellae

243 1530 402 1598 sudarunt,
446 1544 560 1603 egoque
597 1524 741 1603 plurimus
782 1524 823 1586 lui
855 1523 885 1586 in
919 1526 1092 1588 adornando
1126 1534 1158 1587 et
1194 1525 1368 1588 excudendo
1403 1524 1461 1585 boc
1490 1523 1580 1584 libello

243 1616 389 1694 Adeoque
422 1615 518 1675 multa
550 1613 696 1675 hactenus
728 1613 922 1692 particularia
955 1634 989 1675 se
1019 1615 1297 1689 accommodarunt,
1330 1623 1366 1675 ut
1398 1612 1515 1692 quoties
1535 1612 1580 1673 iere

244 1702 408 1765 turbulenti
429 1720 564 1764 rumores
589 1702 626 1762 ad
650 1721 705 1762 nos
729 1721 767 1762 ex
789 1701 924 1781 Ungaria
956 1702 1080 1783 perlati,
1114 1703 1205 1767 toties
1238 1722 1317 1765 nova
1350 1702 1454 1781 aliqua
1482 1718 1580 1764 remon

242 1792 310 1854 huic
334 1790 534 1852 editiunculae
557 1790 767 1851 interveniret:
800 1792 919 1868 pacatis
948 1810 1018 1852 vero
1050 1792 1110 1854 illis
1148 1801 1180 1855 et
1202 1793 1264 1854 ista
1287 1791 1499 1853 succederent:
1525 1807 1580 1868 per·

243 1900 382 1942 sonarum
406 1879 532 1959 denique
556 1886 587 1939 et
611 1878 764 1957 qualitatis
789 1898 886 1940 rerum
909 1881 1015 1941 crebra
1038 1890 1122 1942 esset
1144 1881 1261 1943 allusio.
1271 1878 1295 1953 ¹)

229 2011 233 2018 -
330 1969 400 2031 Non
424 1968 501 2048 quod
532 1968 663 2028 animum
689 1967 747 2028 hac
775 1968 989 2047 superstitione
1018 1976 1137 2032 teneam
1170 1970 1372 2050 inquinatum,
1409 1976 1444 2028 ut
1470 1965 1583 2036 creden,

242 2057 318 2119 haec
353 2056 397 2117 sio
429 2055 517 2116 fatali
549 2056 616 2134 lege
648 2055 823 2129 cohaerere,
858 2058 908 2136 qui
940 2077 977 2119 ne
1010 2056 1085 2119 coeli
1118 2058 1235 2139 quidem
1258 2055 1443 2137 perennibus
1465 2054 1582 2118 cursibus

243 2165 338 2208 rerum
363 2145 557 2206 humanarum
582 2151 708 2205 eventus
732 2163 864 2205 annexos
888 2165 956 2206 esse
980 2145 1129 2207 concedo:
1153 2146 1207 2208 sed
1223 2145 1292 2225 qnia
1308 2145 1412 2207 nescio
1427 2151 1583 2225 quopecto,

242 2241 276 2296 nt
299 2235 328 2294 in
353 2233 505 2294 fossilibus
528 2231 696 2294 rudimenta
719 2233 866 2311 quaedam
889 2235 1089 2312 perfectarum
1113 2234 1272 2315 figurarum
1295 2252 1408 2314 magna
1431 2251 1497 2310 corp
1518 2230 1584 2293 bila·

241 2323 334 2384 ritate
357 2322 514 2394 iutuemur,
538 2320 617 2381 inter
639 2322 773 2399 pretiosa
797 2342 999 2399 asservamus,
1023 2324 1165 2402 caeloque
1189 2332 1220 2385 et
1241 2323 1385 2403 penicillo
1410 2322 1584 2401 adjuvamus,

241 2418 275 2471 ut
298 2411 328 2471 id
351 2410 398 2471 cui
423 2410 538 2470 eminus
562 2408 767 2471 assimilantur
789 2412 954 2489 perfectius
978 2413 1163 2491 exprimant:
1188 2411 1233 2474 sic
1256 2411 1285 2472 in
1305 2411 1353 2473 his
1374 2410 1470 2472 etiam
1493 2425 1585 2490 quam-

241 2517 355 2579 cunque
379 2517 468 2559 casos
492 2497 741 2576 pulchritudinem
765 2507 796 2559 et
819 2500 1052 2562 concinnitatem
1075 2519 1211 2561 amamus
1234 2507 1266 2561 et
1279 2499 1489 2562 collaudamus
1502 2497 1585 2558 unior.

249 2619 259 2638 ·
330 2585 508 2666 Quanquam
532 2585 558 2647 si
583 2586 652 2666 quid
680 2586 771 2647 etiam
804 2587 973 2667 hujusmodi
1006 2590 1064 2650 sert
1096 2598 1221 2651 naturae
1250 2587 1339 2659 ordo,
1371 2596 1408 2650 ut
1429 2585 1588 2666 Principum

243 2694 390 2757 prospera
413 2683 444 2736 et
467 2675 596 2736 adversa
619 2674 719 2735 omnia
741 2677 995 2738 communicentur
1019 2697 1084 2739 cnm
1108 2677 1253 2741 ministris
1268 2678 1423 2738 literarum
1442 2683 1475 2737 et
1493 2672 1589 2736 anion

241 2765 415 2836 cultoribus,
438 2763 599 2843 horumque
623 2764 689 2823 iata
713 2765 930 2843 quodammodo
954 2767 1156 2844 gubernentur
1175 2767 1305 2828 abillis:
1331 2765 1446 2826 nulium
1468 2763 1587 2824 dedecus

241 2853 332 2916 luerit
355 2854 417 2913 ista
439 2870 680 2925 commemorare,
705 2851 766 2913 illis
790 2872 857 2915 sese
876 2855 996 2933 jactare
1018 2854 1146 2933 publice.
1186 2852 1381 2934 conspiratio
1398 2852 1479 2914 enim
1493 2849 1588 2929 bojas·

241 2941 320 3002 modi
344 2941 372 3001 in
397 2949 522 3020 utraque
547 2940 667 3001 fortuna
690 2959 747 3020 quo
772 2943 948 3020 exquisitior
972 2943 1070 3017 tuerit,
1094 2943 1151 3004 hoc
1172 2944 1285 3005 certius
1300 2943 1328 3003 in
1346 2960 1380 3004 se
1394 2938 1588 3004 testimonias

241 3030 333 3090 habet
355 3029 510 3089 fidelitatis
536 3029 563 3088 in
589 3029 717 3089 subdito.
1204 3085 1209 3096 ,

330 3115 430 3186 Quare
456 3136 473 3177 o
497 3136 634 3195 magnum
652 3118 744 3194 pacis
769 3124 801 3178 et
824 3136 898 3195 quas
923 3118 996 3178 lioec
1021 3118 1130 3178 educat
1154 3120 1261 3180 artium
1286 3118 1474 3197 Augurium,
1499 3116 1590 3194 Impe-

242 3214 326 3267 rator
358 3206 597 3283 Angustissime,
630 3206 707 3265 liunc
742 3206 888 3275 libellum,
915 3207 990 3267 liano
1014 3227 1081 3266 curn
1114 3207 1211 3268 Stella
1243 3209 1333 3270 Nova
1367 3206 1589 3268 transactionem

240 3293 450 3365 novissimam,
484 3312 542 3372 qua
574 3312 619 3352 me
653 3294 756 3354 labore
788 3296 842 3354 hoc
876 3295 1115 3356 extraordinario
1148 3297 1271 3357 exsolvo
1305 3296 1451 3374 denique,
1487 3294 1590 3354 tamtus

241 3383 361 3461 excipe3
385 3383 415 3442 id
441 3382 576 3461 quamvis
600 3400 682 3451 sero,
716 3391 749 3441 at
772 3402 886 3443 rursum
912 3393 1094 3461 opportune,
1126 3385 1261 3447 nimirum
1287 3385 1342 3446 lroc
1366 3384 1434 3463 ipso
1457 3391 1590 3460 tempore,

244 3490 301 3552 quo
316 3470 481 3549 Ungariam
497 3472 590 3531 Tuam
610 3470 761 3530 mitissimi
783 3471 883 3531 Patris
907 3472 1005 3532 instar
1028 3474 1201 3552 complexus
1226 3474 1263 3534 ad
1288 3474 1464 3553 patefactus
1487 3469 1591 3549 gratiae

241 3562 321 3621 fores
345 3560 495 3633 admittis,
526 3578 619 3637 eaque
643 3577 695 3636 spe
721 3559 850 3619 omnium
874 3560 990 3620 animos
1015 3570 1047 3621 et
1071 3570 1143 3621 vota
1167 3562 1339 3640 implevisti.

330 3647 426 3708 Deum
451 3646 523 3725 Opt.
549 3649 631 3707 Μαι.
656 3648 802 3724 precabor
826 3649 961 3726 supplex,
993 3658 1025 3709 ut
1048 3648 1082 3710 S.
1108 3648 1144 3711 Ο.
1169 3650 1221 3710 Mo
1253 3651 1323 3709 vm
1352 3648 1460 3716 vitam,
1483 3645 1591 3706 valeto·

241 3736 341 3797 dinem
365 3736 618 3813 foelicitatemque
642 3735 809 3796 diutissime
834 3746 985 3813 proroget,
1012 3756 1173 3816 omnesque
1187 3738 1263 3818 Ejus
1288 3738 1426 3799 actiones
1449 3743 1481 3796 et
1502 3734 1590 3812 Impe-

240 3824 287 3883 ria
311 3822 351 3884 ad
374 3823 419 3884 sui
434 3824 571 3885 Nominis
586 3824 722 3901 gloriam,
747 3823 866 3884 humani
892 3825 1011 3902 generis
1034 3827 1164 3887 salntem
1188 3829 1288 3907 reique
1309 3826 1392 3905 publ.
1410 3821 1592 3887 christinae

241 3911 445 3971 defensionem
469 3920 595 3990 paterne
621 3910 742 3990 dirigat,
767 3912 900 3991 adeoque
916 3923 1083 3992 prosperet,
1109 3923 1142 3974 ut
1161 3935 1198 3975 ex
1217 3935 1255 3976 ea
1268 3914 1474 3995 prosperitate
1488 3923 1591 3972 rursu!

244 4008 275 4058 et
294 4000 457 4060 astronomi
482 4001 518 4060 de
552 3999 660 4060 studiis
691 4001 753 4060 suis
782 4000 856 4060 bene
888 4002 1013 4061 ominari
1037 4004 1184 4063 audeant:
1218 4005 1402 4081 tandemque
1433 3999 1484 4062 nbi
1507 3997 1539 4059 S.
1561 3992 1590 4055 G.

242 4088 309 4147 Me·
344 4087 400 4145 Ψ·
435 4087 545 4148 bellum
570 4089 626 4147 hoc
650 4087 818 4148 diuturnum
850 4108 914 4149 cum
947 4090 1117 4150 infidelibus
1151 4092 1299 4153 foeliciter
1326 4089 1507 4158 coniecerim
1537 4084 1592 4162 ipse

242 4193 359 4254 quoque
383 4176 421 4236 de
445 4195 512 4236 meo
543 4176 646 4236 labore
677 4176 893 4250 astronomica,
927 4178 973 4238 cui
997 4199 1016 4238 a
1039 4176 1071 4239 S.
1096 4176 1132 4241 C.
1156 4180 1213 4241 Me·
1240 4180 1297 4239 V¹⁸
1322 4170 1388 4241 su'm
1420 4173 1591 4257 praetecta.

241 4264 278 4323 de
301 4264 491 4341 planetarum
516 4265 580 4325 scil.
606 4264 806 4339 restitutione,
827 4265 969 4343 Ejusdem
993 4263 1054 4326 M¹¹⁸
1079 4267 1147 4326 vm
1175 4267 1320 4330 subsidiis
1347 4265 1471 4346 adjutus
1494 4262 1590 4324 trium

240 4352 333 4429 phare
358 4352 484 4431 denique
508 4352 630 4431 possim.

331 4439 364 4499 S.
399 4439 489 4501 Caes.
523 4440 575 4501 M‘i
618 4440 685 4499 vm
723 4460 769 4500 me
802 4441 1024 4520 subjectissime
1058 4445 1241 4507 commendo.
1291 4447 1426 4524 Pragae,
1458 4432 1591 4521 parendi·

242 4526 347 4586 Nonas
379 4527 590 4606 Septembres,
629 4548 706 4588 anno
740 4549 758 4588 a
791 4539 862 4589 nato
896 4529 1018 4591 Christo
1052 4533 1230 4604 (secundum
1262 4536 1409 4596 usitatum
1442 4525 1591 4592 cdcotool

242 4615 401 4676 millesimo
424 4618 642 4678 sexcentesimo
666 4625 764 4678 sexto.

683 4741 687 4748 -
753 4703 786 4766 S.
813 4703 848 4767 c.
874 4706 997 4785 Majest.
1023 4706 1079 4765 v··

1010 4794 1251 4873 subjectissimus
1275 4796 1509 4865 Mathematicus

1084 4884 1227 4950 Ioannes
1243 4887 1437 4972 Kepplmrs.
