3692 5842
763 273 846 338 capae
861 274 928 325 m.
1456 268 1519 339 tut

158 444 251 527 plane
273 444 373 510 nullas
395 446 510 510 invenit
530 455 742 530 praeterquam
765 451 904 515 hescote
919 448 1101 531 globulosin
1116 448 1269 531 ipsissimo
1289 456 1322 511 et
1332 449 1522 530 penitissime

159 534 326 599 vacuitatis
349 536 436 617 hujus
460 544 574 601 centro.

250 623 299 687 Ex
322 624 412 688 dictis
433 635 530 705 petet,
557 636 813 708 quantumcunque
838 629 904 709 quis
928 627 1067 691 mnndum
1083 634 1228 698 assumat,
1252 645 1318 688 eam
1334 634 1436 689 tamen
1453 645 1521 689 esse

157 713 308 777 rationem
332 713 538 796 dispositionis
562 717 686 781 lixarum
709 717 775 778 visu
800 726 902 780 nostro
927 716 1040 791 iudice,
1069 724 1103 778 nt
1129 715 1177 777 hic
1201 723 1303 778 noster
1332 717 1416 779 locus
1444 716 1523 778 inter

156 803 237 867 lixas
258 802 329 865 illas
352 804 503 884 peculiare
528 806 598 886 quid
621 806 759 869 obtineat
782 807 972 887 evidentique
1005 815 1077 868 nota
1107 807 1199 885 (quae
1223 813 1272 867 est
1294 827 1313 867 a
1332 805 1430 867 stellis
1454 805 1521 867 fixis

156 892 263 974 ampla
285 893 437 967 vacuitas)
461 893 503 957 sit
526 895 650 973 aleco,
673 914 728 975 per
751 915 838 976 quem
862 896 934 958 illae
958 895 1173 957 disseminatae
1197 902 1280 965 eunt,
1304 892 1476 957 distinctus.

156 1055 162 1070 ‚
246 981 307 1044 Est
336 981 430 1062 igitur
461 992 592 1061 certum,
625 985 786 1048 introrsum
818 1004 923 1047 versus
948 982 1049 1047 Solem
1073 994 1105 1045 et
1136 983 1276 1064 planetas
1309 985 1425 1046 finitum
1454 1003 1521 1046 esse

155 1071 298 1134 mundum
330 1080 362 1133 et
394 1073 610 1152 quodammodo
643 1084 832 1137 excavatum.
898 1073 987 1145 Quod
1027 1072 1171 1154 reliquum
1211 1080 1275 1148 εει,
1313 1072 1522 1154 metaphysica

154 1166 359 1242 superstruat.
404 1160 485 1224 Nam
508 1161 535 1223 si
558 1162 631 1227 talis
654 1175 703 1226 eet
725 1164 809 1226 locus
829 1163 860 1225 in
875 1163 989 1226 inlinitu
1013 1163 1123 1244 aliquo,
1149 1162 1227 1243 quod
1251 1161 1359 1236 femnt,
1384 1180 1519 1241 corpore,

155 1248 274 1312 medius
298 1248 389 1330 igitur
413 1250 471 1312 erit
494 1249 588 1314 totius
612 1252 761 1333 corporis,
793 1261 824 1315 et
854 1273 931 1334 qnae
955 1252 1152 1315 circumstant
1174 1251 1251 1313 fixae
1285 1270 1343 1314 non
1366 1249 1521 1314 habebunt

154 1337 283 1401 eandem
307 1338 469 1413 rationem,
504 1340 547 1402 sic
571 1349 605 1404 ut
627 1341 742 1423 passim
766 1343 846 1405 tales
870 1343 932 1404 sint
955 1341 1072 1413 mundi,
1106 1340 1204 1421 qualis
1237 1348 1285 1403 εει
1316 1340 1364 1403 hic
1398 1350 1519 1416 noster3

152 1428 210 1492 sed
233 1426 460 1490 circumdabunt
483 1428 552 1491 illae
575 1431 652 1494 hunc
676 1432 774 1494 lucum
798 1431 828 1494 in
853 1432 951 1493 forma
984 1429 1157 1511 sphaerica,
1194 1429 1224 1491 in
1257 1450 1325 1491 sese
1358 1438 1518 1492 coeuntes:

151 1515 285 1580 muime
307 1525 340 1578 et
363 1516 609 1582 manifestissime
633 1520 683 1582 via
707 1521 807 1582 lactea
830 1520 909 1583 inter
922 1520 1006 1601 ipsas
1027 1519 1154 1593 consita,
1180 1538 1257 1600 quae
1275 1538 1333 1581 non
1347 1518 1518 1599 interrupto

150 1606 266 1669 circulo
288 1605 417 1667 medium
440 1606 565 1671 fixarum
588 1611 690 1672 orbern
713 1618 858 1690 permeat,
884 1610 982 1672 medio
1002 1628 1056 1671 nos
1071 1605 1228 1687 complexu
1246 1615 1362 1670 tenens.
1410 1608 1518 1688 Itaque

150 1694 284 1758 ethaeo
307 1703 339 1756 ει
360 1695 438 1757 linae
462 1696 608 1761 rationem
632 1699 833 1763 extremitatis
856 1698 980 1761 habent.
1027 1697 1202 1760 Termiuant
1216 1696 1292 1758 enirn
1308 1696 1365 1758 hoc
1380 1704 1516 1759 nostrum

150 1783 286 1866 spatium
319 1792 351 1845 et
382 1782 412 1845 in
443 1785 508 1862 ejus
541 1796 646 1851 exortu
678 1787 811 1850 vicissim
842 1788 1051 1850 terminantur.
1099 1787 1148 1849 Au
1177 1784 1269 1865 igitur
1297 1785 1439 1848 credibile
1464 1783 1515 1860 sit,

150 1873 223 1937 illas
246 1872 317 1936 hinc
340 1872 518 1937 terminatas
542 1876 610 1939 iude
633 1896 807 1957 procurrere
831 1877 860 1940 in
885 1876 1051 1939 infinitum?
1088 1874 1244 1947 Quomodo
1268 1883 1369 1936 autem
1392 1874 1421 1935 in
1447 1873 1516 1935 inli-

150 1962 219 2026 nito
242 1961 373 2024 medium
397 1960 576 2041 inveniatur,
602 1966 680 2047 qood
704 1965 803 2028 estin
828 1966 943 2028 infinito
968 1964 1096 2045 ubique?
1134 1962 1339 2044 Quodcunque
1363 1964 1443 2025 enim
1467 1963 1516 2024 in-

153 2050 233 2114 liniti
257 2060 398 2131 punctum
422 2063 593 2132 susceptum
618 2056 655 2117 ab
679 2055 835 2122 extremis,
861 2075 937 2136 quae
960 2054 1075 2116 infinite
1099 2053 1229 2126 distant,
1259 2053 1435 2134 aequaliter,
1460 2052 1517 2115 huc

151 2149 203 2204 est
225 2139 340 2203 infinite
364 2140 462 2202 abest.
503 2143 589 2206 Unde
604 2145 760 2215 efficietur,
784 2153 818 2207 ut
831 2144 909 2206 idern
934 2152 965 2205 et
989 2143 1030 2204 sit
1049 2142 1178 2204 medium
1202 2149 1235 2203 et
1249 2161 1306 2203 non
1320 2141 1362 2203 sit
1375 2141 1514 2219 medium,

149 2238 184 2292 et
206 2230 303 2292 multa
326 2228 387 2291 elia
410 2231 654 2309 contradictoria,
679 2253 755 2315 quae
778 2232 948 2298 rectissime
963 2232 1029 2314 quis
1049 2229 1219 2308 evitaverit,
1244 2230 1280 2306 si,
1305 2238 1339 2292 ut
1352 2230 1433 2292 intus
1449 2240 1514 2293 ter·

149 2312 296 2381 minatum
320 2318 436 2381 invenit
460 2322 576 2385 coelum
599 2324 741 2396 lixarum,
765 2322 809 2385 sio
833 2323 906 2385 loris
930 2322 1022 2384 etiam
1046 2320 1195 2384 terminet.
1336 2320 1341 2331 “

242 2407 327 2487 Cape
359 2426 430 2470 vero
463 2419 495 2471 et
528 2409 584 2473 hoc
617 2419 826 2491 argumentum
861 2412 899 2474 ab
932 2418 1058 2495 aspectu
1091 2410 1223 2472 ductum.
1270 2406 1304 2470 Si
1327 2414 1377 2471 est
1399 2407 1516 2471 inlinita

147 2496 300 2578 sphaerae
323 2497 448 2559 fixarum
471 2499 613 2577 altitudo,
646 2501 676 2562 id
701 2509 748 2564 est
771 2501 797 2564 si
820 2501 897 2563 fixae
921 2500 1039 2582 aliquae
1064 2506 1135 2561 suut
1157 2497 1271 2559 inlinite
1295 2496 1394 2571 altae,
1427 2504 1515 2561 erunt

148 2587 237 2667 ipsae
260 2585 290 2648 iu
315 2605 347 2647 se
371 2584 445 2667 ipsis
469 2588 583 2651 inlicita
607 2590 698 2653 etiam
722 2591 798 2654 mole
823 2609 991 2672 corporum.
1037 2589 1132 2667 Finge
1156 2605 1284 2669 namque
1308 2587 1430 2649 stellam
1453 2587 1513 2650 ali-

149 2694 259 2757 quam,
291 2694 367 2755 quae
401 2675 521 2738 videtur
548 2687 631 2741 certo
662 2680 717 2743 sub
742 2679 865 2760 angulo,
889 2688 965 2759 pnta
987 2674 1030 2751 l‘,
1054 2676 1222 2758 hujusmodi
1246 2675 1380 2757 corporis
1404 2676 1513 2757 ampli·

148 2764 223 2827 tudo
247 2782 367 2843 semper
389 2772 438 2826 est
460 2764 619 2829 millesima
642 2768 823 2837 distantiae,
858 2769 936 2850 quod
969 2767 1169 2831 certissimum
1202 2774 1250 2827 est
1274 2784 1311 2827 ex
1334 2766 1512 2847 geometria.

147 2851 234 2934 Ergo
258 2852 286 2916 si
309 2852 456 2914 distantia
480 2863 527 2915 est
551 2856 676 2933 infinita,
701 2858 847 2920 diameter
869 2858 962 2938 igitur
985 2858 1093 2919 stellae
1117 2864 1165 2917 εει
1189 2854 1294 2917 infiniti
1316 2872 1387 2933 pars
1412 2854 1512 2917 mille·

147 2941 237 3006 sima.
285 2942 330 3004 At
353 2960 457 3003 omnes
480 2941 586 3005 infiniti
609 2955 712 3025 partes
736 2946 887 3027 aliquotae
911 2947 1045 3009 infinitae
1069 2954 1101 3009 et
1122 2944 1207 3026 ipsae
1236 2951 1307 3005 sunt
1329 2943 1511 3007 necessario.

148 3030 252 3095 Stella
275 3029 368 3110 igitur
390 3028 559 3111 hujusmodi
584 3034 642 3096 erit
665 3035 790 3097 infinita.
837 3037 883 3097 At
910 3035 998 3098 simul
1027 3041 1060 3096 et
1087 3034 1186 3108 linita,
1212 3033 1282 3113 quia
1304 3033 1447 3113 figurata,
1481 3041 1514 3096 et

146 3119 248 3183 ornnis
271 3120 366 3200 ligura
388 3119 495 3182 linibus
519 3121 695 3202 quibusdam
720 3133 768 3186 est
791 3122 1034 3203 circumscripta,
1065 3123 1120 3184 hoc
1145 3130 1193 3183 eet
1215 3121 1299 3183 linita
1322 3122 1371 3183 vel
1393 3123 1510 3186 liniens.

144 3209 292 3291 Figuram
315 3216 416 3270 autem
438 3209 466 3271 ei
489 3209 634 3289 dedimus,
660 3213 729 3275 dum
744 3211 893 3276 visibilem
913 3212 1066 3293 posuimus
1085 3219 1168 3273 certo
1184 3211 1304 3291 angulo.
1336 3211 1380 3272 At
1398 3211 1511 3290 quidsi

146 3297 278 3380 inquies,
302 3296 398 3359 minor
420 3298 462 3360 sit
485 3318 572 3378 qnam
596 3308 630 3363 ut
652 3302 746 3365 videri
770 3302 887 3383 possit?
920 3302 1055 3383 lnqna'm‚
1075 3320 1124 3362 res
1139 3300 1244 3361 eodem
1261 3299 1347 3361 redit.
1386 3300 1509 3363 Partem

145 3388 230 3452 euim
253 3386 419 3468 aliquotam
443 3388 700 3453 circumferentiae
728 3400 855 3473 occupet
882 3410 1006 3454 necesse
1037 3398 1085 3451 est
1116 3407 1170 3468 per
1193 3408 1226 3450 εε
1250 3387 1418 3452 traductae.
1465 3389 1510 3451 Λι

145 3475 407 3550 circumferentia,
439 3477 524 3557 cujus
547 3487 596 3542 est
618 3479 735 3544 infinita
758 3482 939 3556 diametros,
972 3477 1089 3543 infinita
1112 3485 1144 3539 et
1166 3477 1234 3557 ipsa
1259 3484 1315 3539 est.
1362 3478 1411 3539 Ita
1434 3495 1508 3538 con-

145 3564 294 3650 sequitur,
311 3565 431 3628 'uullam
455 3569 590 3646 stellam,
615 3590 670 3632 sen
692 3570 830 3635 videatur
853 3590 905 3632 sen
930 3570 968 3632 ob
993 3566 1161 3631 exilitatem
1183 3572 1355 3641 evanescat,
1381 3586 1400 3627 a
1423 3565 1508 3629 nobie
1626 3597 1629 3602 ·

146 3654 265 3721 infinito
288 3653 448 3718 intervallo
472 3658 591 3719 abesse.

237 3743 330 3821 Esto,
364 3752 398 3807 ut
430 3746 526 3808 locum
549 3746 614 3809 sine
638 3749 737 3812 stellis
760 3749 790 3810 iu
814 3747 959 3810 infinitum
983 3744 1145 3817 extendas,
1177 3753 1259 3808 certe
1287 3741 1454 3826 ubicunque
1477 3745 1508 3809 iu

145 3854 183 3898 eo
209 3834 331 3896 stellam
355 3834 501 3913 posueris,
526 3855 655 3916 eousque
679 3847 710 3899 et
732 3837 845 3900 finitum
870 3845 919 3898 est
941 3834 1142 3905 intervallum,
1166 3842 1198 3894 et
1217 3852 1271 3914 per
1286 3833 1408 3896 stellam
1423 3834 1509 3898 linita
1592 3851 1596 3862 ¹

144 3923 408 3988 circumferentia:
441 3932 476 3985 ut
507 3928 678 4005 oppositum
710 3927 793 3988 dicat
815 3925 845 3986 in
869 3926 1002 4007 adjecto,
1034 3923 1084 4004 qui
1107 3924 1232 3985 lixarum
1255 3923 1415 4003 sphaeram
1439 3923 1506 3985 iuli·
1534 3926 1538 3932 '

144 4015 246 4078 uitam
268 4011 352 4075 dicit.
400 4010 481 4075 Saue
506 4033 542 4075 ue
566 4014 749 4095 cogitatione
773 4015 891 4097 quidem
915 4011 1125 4093 cumprehendi
1148 4018 1250 4093 potest
1273 4011 1420 4074 inlinitum
1436 4032 1506 4074 cor·
1556 4039 1562 4053 ·

143 4123 215 4185 pne.
261 4101 341 4166 Nam
363 4112 526 4183 conceptus
548 4103 657 4165 mentis
679 4104 716 4165 de
740 4104 854 4168 infinito
878 4114 932 4166 eut
954 4111 1026 4165 snut
1048 4101 1085 4163 de
1108 4102 1192 4163 vocis
1220 4100 1326 4163 infiniti
1350 4100 1505 4181 significa-

143 4193 242 4266 tione,
265 4201 318 4253 aut
341 4192 378 4253 de
402 4212 455 4264 eo,
479 4193 557 4272 quud
580 4212 750 4256 mensuram
773 4213 889 4257 omnem
912 4191 1077 4273 cogitatam
1100 4190 1227 4265 numeri,
1261 4198 1361 4252 tactus
1384 4189 1504 4253 visnsve

144 4280 284 4346 excedit:
309 4281 388 4362 qnod
411 4300 469 4344 nou
492 4281 597 4345 statim
620 4290 652 4344 et
674 4290 744 4346 astu
767 4282 912 4346 inlinitum
936 4291 998 4354 εει,
1022 4280 1093 4362 quia
1115 4278 1231 4343 infinita
1255 4298 1395 4342 mensura
1417 4279 1504 4359 cogi·

125 4375 233 4436 'tatur
255 4390 415 4452 nunquam.
