3692 5842
684 474 941 525 cxxxvn-cxnr.
1424 473 1488 541 567

133 654 246 709 coeunt
268 667 355 727 quem
380 655 449 727 post
472 658 534 710 tres
559 650 808 721 semidiametro,
833 653 951 712 scilicet
973 653 1003 711 in
1028 650 1060 711 S.
1108 651 1150 710 Et
1173 650 1247 710 baec
1272 650 1490 714 demonstratio

134 736 248 797 evincit
271 737 300 796 in
324 755 433 815 genere
458 740 652 817 propositum.
699 741 821 801 Interim
845 743 972 820 parvula
996 749 1044 798 est
1073 739 1248 806 diversitas.
1283 740 1368 817 cnjus
1399 761 1493 802 causa

135 844 196 887 non
221 825 309 886 datur
333 835 476 887 accurata
500 827 726 889 demonstratio.
774 829 882 890 Potest
913 839 1013 889 autem
1042 828 1089 906 qni
1120 827 1184 888 vult
1215 829 1258 888 uti
1290 830 1418 889 numeris
1452 831 1490 890 nd

135 913 353 993 explorandam
378 915 718 990 insensibilitatem-uti
742 938 834 996 snpra
857 938 942 996 prop.
967 917 1121 978 XXXIV.
1147 925 1178 977 et
1203 916 1264 994 ipse
1291 917 1356 978 leci.

227 1000 409 1065 CXXXIX.
457 1004 662 1066 Problemn.
710 1006 752 1066 Ut
775 1007 883 1067 vitrum
909 1015 1062 1083 utrumque
1089 1006 1128 1064 sit
1152 1024 1257 1065 cavum
1288 1016 1319 1066 et
1352 1006 1428 1085 quod
1454 1006 1492 1065 ad

135 1091 255 1151 oculum
279 1101 310 1151 et
334 1092 411 1170 qnod
436 1093 473 1153 nd
498 1093 616 1154 visibile
640 1095 747 1171 vergit,
774 1106 805 1155 ot
829 1104 931 1155 tannen
956 1098 1079 1154 etl'ectns
1103 1104 1256 1171 sequatur.

227 1179 291 1240 Aut
314 1198 390 1257 pone
416 1180 487 1241 loris
512 1201 616 1243 vcrsns
641 1182 757 1242 visibile
781 1203 834 1261 pro
854 1203 987 1244 convexo
1004 1183 1138 1242 solitario
1156 1183 1183 1241 in
1200 1191 1361 1261 conspectu
1378 1201 1492 1254 cavum,

134 1269 184 1328 cni
211 1269 290 1328 intns
322 1269 486 1330 adbaerent
520 1273 634 1332 occulte
666 1291 829 1331 convexum
864 1281 949 1333 tanto
983 1270 1166 1344 angustioris
1200 1271 1318 1342 circuli,
1355 1280 1384 1332 ut
1409 1290 1492 1350 prop.

133 1355 351 1429 CXXXVll.;
376 1368 429 1418 aut
452 1358 492 1419 ibi
516 1360 608 1423 mixto
633 1371 737 1434 utere,
760 1370 793 1421 ut
816 1380 900 1440 prop.
927 1359 1124 1423 CXXXVII.
1158 1359 1242 1438 cnjus
1274 1380 1379 1420 onum
1412 1360 1493 1418 foras

132 1454 283 1506 vertatur.
329 1446 408 1506 Nam
432 1467 485 1525 por
509 1445 720 1510 CXXXVIII.
746 1450 868 1526 perinde
892 1459 939 1509 ost
963 1459 1111 1527 utcunque
1135 1458 1247 1508 vertas.

230 1531 324 1595 CXL.
371 1535 573 1598 Problema.
630 1538 742 1597 Tnbnni
776 1557 972 1617 praeparare,
1007 1537 1090 1616 cnjus
1124 1537 1231 1596 vitrum
1264 1543 1419 1615 utrumque
1453 1535 1494 1595 sit

134 1641 321 1696 convexum,
347 1633 377 1684 et
402 1626 479 1704 qnod
504 1626 542 1686 nd
567 1627 683 1687 ocnluni
709 1635 738 1686 et
772 1627 850 1705 quod
874 1627 912 1687 nd
938 1627 1054 1687 visibile
1090 1627 1205 1703 vergit,
1240 1634 1273 1685 ut
1304 1623 1493 1685 nihilominus

134 1713 263 1774 effectus
288 1723 439 1790 sequatur.

228 1800 318 1878 Apud
343 1803 458 1863 oculum
483 1820 535 1881 pro
562 1822 617 1861 nno
643 1821 717 1862 cavo
742 1821 883 1879 compono
908 1821 1072 1862 convexum
1097 1820 1162 1861 curn
1187 1820 1261 1860 cavo
1287 1799 1408 1862 minoris
1432 1801 1493 1861 cir-

134 1889 208 1960 culi,
243 1897 275 1949 et
298 1889 346 1950 fac
378 1910 541 1952 convexum
575 1891 675 1968 rnngni
709 1890 810 1951 circuli
845 1891 916 1952 lovis
946 1891 1024 1969 apud
1059 1891 1174 1951 ocnlnnr
1208 1890 1358 1969 spectari,
1390 1908 1496 1950 cavum

136 1980 222 2040 intus
246 1977 341 2038 intere
365 1997 417 2058 pcr
434 1978 611 2042 CXXXIV.
654 1980 709 2040 Vol
735 1980 812 2058 opnol
837 1980 954 2041 ocnlnm
975 1988 1058 2040 utor-o
1082 1978 1185 2053 rninto,
1211 1979 1295 2057 cujus
1320 1978 1497 2039 convexitas

137 2084 250 2147 magno
274 2067 384 2128 circulo
410 2070 492 2130 foras
517 2070 694 2147 prominent,
719 2067 836 2128 cavitas
860 2088 953 2147 parvo
978 2078 1008 2127 ct
1033 2075 1118 2128 tanto
1143 2067 1249 2128 minori
1272 2066 1382 2128 circulo
1406 2067 1496 2140 intro,

136 2176 194 2237 per
217 2152 399 2220 CXXXIII.

230 2242 342 2307 CXLI.
390 2245 600 2306 Problema.
647 2244 762 2305 'Inbnm
786 2263 981 2325 praeparare,
1006 2243 1091 2320 cujus
1119 2243 1227 2303 vitrum
1252 2243 1290 2304 nd
1316 2242 1431 2304 oculum
1456 2240 1498 2302 sit

137 2353 316 2410 convexum,
343 2335 380 2394 nd
406 2334 536 2394 visibilia
559 2353 675 2394 cnvurn.

229 2422 287 2484 Est
311 2423 486 2502 compositio
512 2441 549 2482 ex
573 2419 750 2484 CXXXIX.
771 2430 801 2481 et
822 2418 915 2483 CXL.
954 2419 1039 2491 Quae
1064 2420 1141 2480 enirn
1171 2420 1210 2480 ibi
1235 2420 1348 2481 fiebant
1371 2419 1497 2481 seorsim

138 2514 169 2575 in
195 2514 291 2574 attero
317 2513 404 2583 vitro,
430 2512 477 2571 hie
501 2511 563 2571 fieri
589 2510 699 2571 debent
719 2510 846 2588 junctim
871 2511 899 2570 in
926 2521 1060 2587 utroque.
