3692 5842
978 317 989 350 Ι

232 474 313 544 ,536
860 479 989 544 Dioptrlee

246 675 360 739 papyro
390 653 525 716 omnibus
559 654 651 715 radiis
684 655 789 733 quibus
824 655 853 716 iu
886 654 997 717 lentem
1027 655 1146 728 radiat,
1180 673 1296 717 rursum
1328 655 1359 716 in
1390 655 1503 718 unicum
1527 659 1572 720 iere

247 755 388 825 punctum
414 744 572 822 colligitur.
614 742 764 804 Constant
788 763 860 804 rere
884 745 1016 806 visibilia
1039 745 1159 824 punctis
1188 742 1322 805 infinitis.
1362 744 1482 806 Infinita
1506 747 1573 826 igitur

248 836 322 896 talia
346 847 457 912 puncta
480 833 640 912 pingentur
664 852 753 910 super
778 852 901 913 papyro,
927 834 957 894 id
981 842 1030 894 est
1054 844 1120 894 tota
1143 835 1186 894 rei
1210 831 1339 894 risibilis
1362 835 1532 914 superficies.

335 923 450 984 XLIV.
498 921 731 1000 Propositio.
778 922 901 983 Pictura
926 923 1016 983 lentis
1040 924 1160 986 inversa
1183 930 1241 984 est.

335 1013 414 1073 Nam
440 1012 503 1071 lens
528 1021 575 1072 est
602 1010 685 1070 basis
709 1011 737 1070 in
763 1030 851 1088 quarn
865 1011 1009 1072 insistunt
1032 1012 1092 1074 bini
1116 1013 1264 1091 utrimque
1288 1011 1366 1082 coni,
1391 1011 1572 1072 alterinsrer·

247 1109 298 1162 tex
323 1108 371 1161 est
395 1101 422 1159 iu
449 1109 558 1178 puncto
583 1099 703 1166 risibili,
729 1100 853 1160 alterius
878 1109 982 1160 vertex
1007 1102 1034 1161 in
1058 1113 1169 1178 puncto
1192 1101 1332 1179 picturae
1366 1118 1458 1178 supet
1479 1119 1573 1181 papyro.

335 1189 435 1250 XLl'.
473 1187 670 1248 Definitio.
718 1188 859 1249 Dicamus
884 1190 977 1250 taleur
997 1190 1098 1269 bigam
1122 1191 1277 1250 doctrinae
1300 1209 1396 1250 eausa
1420 1189 1573 1268 penicillum.

334 1277 404 1339 Jam
429 1297 498 1338 rem
523 1276 653 1356 penicilli
678 1295 779 1337 omues
804 1277 934 1339 omniunt
962 1289 1138 1355 punctorum
1171 1279 1200 1338 in
1235 1279 1316 1340 lente
1352 1279 1436 1340 reiut
1465 1279 1492 1340 iu
1512 1295 1573 1339 eom·

248 1367 327 1429 tnuui
351 1367 417 1428 basi
442 1386 582 1427 cenorum
606 1376 786 1426 concurrunt
809 1378 838 1426 et
864 1368 994 1426 transita
1018 1368 1098 1429 lente
1122 1387 1239 1428 rursum
1263 1367 1444 1446 dirergunt:
1468 1369 1575 1428 sortiun-

249 1467 354 1536 turque
387 1458 495 1535 plagas
528 1455 704 1516 contrarias.
753 1457 786 1516 ln
817 1456 972 1516 schemate
996 1455 1050 1518 27.
1075 1457 1206 1536 penicilli
1238 1471 1301 1517 tres
1331 1465 1405 1516 sunt
1436 1457 1508 1526 AB,
1535 1455 1575 1518 tlt

245 1555 277 1606 et
302 1545 354 1606 EF
377 1557 587 1606 concurrentes
612 1545 640 1604 in
665 1544 745 1604 lente
769 1564 903 1605 contexa
929 1543 999 1618 Gll,
1024 1546 1117 1606 reluti
1141 1545 1171 1604 in
1195 1545 1261 1606 basi
1285 1545 1446 1607 communi.

334 1633 450 1695 XLl'I.
498 1633 724 1713 Propositio.
780 1633 868 1695 Sicut
904 1653 937 1694 se
976 1634 1069 1696 babet
1105 1633 1253 1696 diameter
1288 1634 1427 1712 picturae
1463 1635 1502 1696 ad
1528 1634 1578 1712 ejus

247 1724 423 1784 distantiam
448 1742 466 1781 a
491 1723 585 1795 lente,
618 1723 660 1782 sic
685 1742 716 1782 se
740 1723 833 1783 lrabet
856 1723 1004 1783 diameter
1034 1723 1076 1784 rei
1102 1724 1185 1783 risae
1210 1723 1248 1783 ad
1272 1723 1339 1801 ejus
1364 1723 1459 1784 etiam
1480 1723 1579 1784 dietan-

246 1812 320 1873 tiam
343 1833 362 1872 a
386 1813 465 1872 lente
491 1812 562 1871 fere.
609 1811 693 1872 Nam.
714 1831 786 1872 ares
811 1812 1016 1890 penicillnrum
1040 1812 1157 1883 (rectae
1191 1813 1300 1872 ductae
1330 1831 1350 1871 a
1383 1821 1494 1890 puncto
1521 1811 1579 1870 risi·

247 1901 299 1961 bili
328 1901 365 1961 ad
399 1909 539 1979 punctum
567 1899 701 1977 picturae
727 1902 924 1978 respondens)
959 1913 1064 1961 secant
1092 1920 1160 1962 sese
1194 1911 1296 1961 mutuo
1329 1919 1435 1960 omues
1463 1919 1533 1980 pene
1558 1901 1584 1960 in

248 2009 305 2050 uuo
328 2000 448 2069 puncto,
474 1988 552 2069 qnod
577 2000 625 2048 est
648 1989 781 2067 proxime
812 2005 945 2050 centrum
971 1991 1070 2050 lentis.
1116 1991 1198 2068 Ergo
1229 1989 1330 2068 anguli
1365 2012 1442 2050 κιιιιι
1473 2009 1586 2068 ropeqtv

246 2079 388 2158 aequales
425 2078 524 2150 (Eucl.
551 2077 574 2148 l,
603 2075 672 2150 15),
707 2077 819 2138 liabent
852 2080 943 2139 etiam
977 2078 1066 2140 bases
1088 2079 1225 2140 eruribus
1249 2079 1397 2158 utrimque
1430 2079 1587 2158 proportio-

246 2168 331 2229 nales
355 2167 455 2238 (Eucl.
481 2166 538 2238 l'l,
562 2162 609 2238 i).

333 2256 466 2317 XLl'lI.
512 2255 716 2317 Problema.
765 2252 1029 2317 Semidiarnetrnm
1048 2255 1250 2316 convexitatis
1275 2255 1488 2338 compendiose
1510 2255 1591 2317 inda-

244 2366 327 2426 gare,
352 2345 378 2406 si
403 2345 443 2405 sit
467 2346 531 2404 lens
556 2345 703 2423 utrimque
732 2363 866 2404 contexa
890 2345 1009 2424 aequali
1033 2346 1235 2406 convexitate.

333 2435 485 2515 Papyrnm
510 2433 637 2512 applica,
664 2433 712 2493 ubi
737 2453 785 2493 res
812 2433 990 2512 longinquae
1014 2433 1176 2512 pinguntur
1205 2433 1438 2518 distinctissime
1461 2429 1592 2496 omniunt.

243 2524 322 2585 Nam
347 2525 415 2602 (per
433 2523 568 2595 XLllI.)
592 2541 723 2603 papyrus
749 2522 805 2581 erit
829 2523 858 2582 in
882 2533 994 2601 puncto
1017 2541 1187 2584 correursns.
1235 2523 1317 2602 Ergo
1342 2525 1413 2602 (per
1435 2522 1594 2594 xxxix)

245 2613 344 2675 aberit
367 2612 591 2673 semidiametro
616 2611 816 2672 contexitatis
840 2633 857 2670 a
882 2612 973 2672 lente.

331 2701 478 2763 XLl'Ill.
504 2700 708 2762 l’roblema.
735 2701 816 2761 ldetn
831 2701 985 2779 indagare,
1001 2701 1027 2761 si
1044 2703 1106 2760 lens
1118 2702 1159 2762 sit
1173 2700 1240 2761 hinc
1256 2719 1402 2774 conrexa,
1420 2701 1591 2780 indeplana.

332 2789 483 2852 Conterte
508 2790 631 2867 planutn
655 2791 744 2852 lentis
770 2809 874 2850 tersus
905 2791 1022 2851 risibile
1052 2790 1242 2869 longinquum
1276 2790 1366 2868 idque
1400 2789 1591 2869 perpendicu-

242 2879 365 2953 lariter3
390 2887 421 2938 ut
447 2879 489 2938 sic
516 2879 592 2939 radii
618 2880 645 2939 iu
671 2879 807 2957 ingressu
832 2881 1007 2957 reetangulo
1036 2879 1110 2939 nilril
1142 2880 1332 2956 frangantur.
1381 2879 1424 2939 Et
1455 2893 1591 2960 paprmnt

240 2968 281 3029 ibi
306 2969 435 3047 applica,
461 2967 508 3028 ubi
534 2967 666 3046 pingitur
690 2968 806 3029 risibile
832 2968 984 3028 distincte.
1030 2967 1112 3046 Ergo
1136 2975 1206 3046 (per
1228 2967 1362 3038 XLlll.)
1385 2987 1519 3050 papyrus
1540 2965 1592 3026 erit

241 3058 269 3117 in
295 3067 406 3135 puncto
431 3075 610 3128 concursus,
644 3069 674 3117 et
699 3055 768 3136 (per
792 3056 945 3122 XXXV.)
978 3056 1124 3118 diametro
1155 3059 1218 3117 fere
1253 3059 1373 3135 integra
1396 3053 1589 3118 convexitatis

242 3146 339 3206 aberit
363 3160 432 3223 pust
457 3146 577 3206 lentem.

330 3234 445 3295 XLlX.
496 3234 695 3294 Problerna.
743 3233 869 3293 Lentem
903 3235 1040 3312 aequalis
1071 3233 1218 3313 utrimque
1251 3235 1457 3295 convexitatis
1490 3231 1585 3294 risibili

240 3325 405 3403 propinquo
430 3323 538 3396 metiri,
565 3335 706 3402 quantam
731 3321 842 3381 lrabeat
869 3322 1047 3383 diametrum
1071 3324 1258 3383 cortrexitas.

331 3413 410 3473 Tene
437 3413 545 3472 lentem
570 3411 667 3471 medio
694 3411 757 3469 loco
782 3411 859 3469 inter
888 3431 1032 3491 papyrum
1062 3423 1092 3471 et
1121 3411 1248 3476 risibile.
1280 3412 1368 3490 itique
1396 3413 1585 3492 perpendi-rn-

241 3503 345 3564 lariter
370 3516 399 3561 tt
425 3501 575 3580 praecise:
602 3500 776 3559 distantiam
802 3519 872 3558 tero
898 3501 1051 3578 utriusque
1076 3521 1094 3560 a
1118 3501 1197 3560 lente
1213 3501 1389 3581 aequalibus
1407 3501 1585 3564 incrementis

240 3611 316 3671 auge
342 3593 388 3651 rel
414 3591 509 3650 minue
535 3590 631 3668 quoad
657 3589 773 3670 pictura
800 3588 826 3646 in
852 3608 966 3669 papyro
992 3593 1044 3649 liat
1068 3589 1310 3650 distinctissime.

329 3681 407 3741 Natu
433 3679 502 3758 quia
525 3679 641 3738 risibile
667 3698 756 3755 super
779 3696 892 3757 papyro
921 3677 1066 3756 pingitur,
1090 3698 1222 3757 papyrus
1247 3679 1339 3758 igitur
1363 3690 1411 3739 est
1437 3681 1465 3740 in
1488 3693 1585 3760 puncto

241 3789 402 3830 concursus
428 3768 577 3827 radiorum
602 3789 619 3825 a
644 3781 752 3844 puncto
778 3769 819 3825 rei
847 3767 973 3827 risibilis
997 3777 1066 3846 (per
1090 3768 1234 3834 xLlltjt.
1283 3769 1364 3836 Quia
1388 3789 1459 3830 rere
1484 3791 1583 3848 aequa-

242 3859 310 3918 liter
334 3859 443 3917 absunt
469 3855 585 3914 risibile
611 3869 641 3914 et
664 3874 794 3935 papyrus
820 3876 837 3914 a
863 3857 959 3928 lente;
986 3857 1135 3917 radiorum
1160 3857 1252 3935 igitur
1266 3871 1372 3936 partes
1389 3859 1470 3919 intra
1492 3877 1584 3938 corpus

240 3946 329 4006 lentis
346 3958 429 4006 erunt
446 3944 619 4023 parallelae.
660 3945 692 4003 Si
713 3964 741 4002 n.
764 3965 819 4003 non
841 3961 941 4005 esseut
957 3946 1132 4025 parallelae.
1159 3947 1268 4008 nullius
1284 3947 1361 4007 radii
1377 3968 1449 4026 pars
1464 3953 1584 4028 (praeter

239 4034 335 4095 intitul
360 4053 412 4112 per
438 4035 525 4094 lentis·
553 4033 721 4092 umbilicum
746 4034 1033 4110 1·erpendirularitet
1057 4037 1154 4096 ductii
1185 4036 1212 4095 in
1247 4044 1405 4116 utramque
1429 4038 1581 4118 aequalium

240 4125 461 4202 strperticierum
489 4123 606 4200 aequali
632 4122 822 4181 inclinatione
848 4123 1024 4194 incurreret,
1055 4147 1151 4204 neque
1180 4125 1272 4204 igitur
1296 4125 1466 4208 aequaliter
1488 4125 1579 4186 retrin-

239 4222 359 4292 geretur
379 4211 546 4282 tXl'lll.l;
573 4231 662 4288 quare
680 4231 774 4289 neque
799 4213 914 4288 aequali
941 4215 1087 4291 utrimque
1113 4215 1273 4274 interr-atto
1297 4235 1316 4274 a
1341 4215 1422 4274 lente
1446 4233 1579 4292 cumpet-

239 4301 421 4380 pendiculari
457 4312 655 4360 concurreret.
705 4303 781 4360 t'trrn
815 4300 904 4374 igitur
937 4303 999 4362 sint
1023 4302 1161 4380 paralleli
1187 4303 1412 4382 intracorpus.
1437 4319 1581 4364 concutere

240 4391 385 4451 tliatnetro
411 4390 500 4449 lentis·
525 4389 622 4448 aberit
647 4388 823 4456 lxxxix.

330 4480 365 4540 l..
413 4479 619 4539 l'robletua.
670 4478 760 4536 lente
790 4477 934 4556 utrimque
959 4480 1125 4557 aequaliter
1149 4497 1284 4539 contexa
1309 4481 1476 4542 incendere.

331 4567 393 4628 Soli
420 4567 707 4645 perpcndicnlariter
732 4567 827 4642 objice
853 4567 973 4630 lrnteut.
998 4570 1087 4628 ustile
1113 4569 1232 4646 applica
1252 4570 1280 4628 in
1296 4581 1407 4647 ptrncto
1422 4583 1574 4632 concursus

239 4657 317 4733 quod
342 4657 438 4716 aberit
454 4656 677 4714 semidiametro
702 4655 914 4726 eternitatis,
940 4657 1010 4734 quia
1034 4659 1109 4717 radii
1133 4657 1228 4718 centri
1244 4659 1327 4719 Solis
1351 4659 1482 4736 paralleli
1500 4665 1566 4714 suut.

327 4745 378 4804 Ll.
427 4745 628 4804 l‘reblerna.
678 4744 758 4804 ltletn
784 4759 939 4820 praestare
964 4765 1017 4822 per
1042 4747 1152 4806 leuteut
1178 4745 1348 4825 altrobique
1376 4748 1494 4826 planam.

327 4834 376 4892 l‘it
400 4833 544 4894 diametro
570 4833 631 4892 l'ere
657 4833 857 4893 corrrexitatis
881 4846 951 4911 post
975 4833 1085 4894 lenti-tu
1110 4851 1179 4912 tper
1201 4834 1365 4898 miza

328 4922 393 4982 Lll.
443 4922 646 4981 Probleura.
695 4923 788 4980 Lente
818 4941 951 4981 contexa
975 4922 1012 4980 de
1037 4939 1124 4983 troc-te
1150 4919 1548 4994 liter-asiltustrareadprae

240 5008 366 5069 sentiant
392 5011 476 5070 unius
500 5009 600 5069 clarae
625 5011 743 5082 stellae,
768 5025 798 5070 nt
825 5011 883 5088 legi
907 5011 1034 5086 possint.
