3692 5842
387 463 449 536 118
850 463 1040 534 unornane
1060 469 1086 520 n
1107 467 1273 520 armoniam.

384 647 539 720 trahimus,
564 666 622 727 qno
644 646 745 727 pisces
769 644 894 706 trahunt
917 663 1036 723 aquam·
1074 643 1244 706 Statuisset
1271 644 1372 723 itaque
1396 643 1498 724 Tycha
1527 661 1587 703 non
1610 661 1738 704 succes-

383 737 494 797 soriam
518 737 757 798 attenuationem
780 732 859 794 aeris
884 733 913 793 in
938 735 1091 795 aetherem
1116 741 1147 793 et
1169 732 1410 795 obliterationem
1438 730 1600 792 densitatis
1623 731 1737 802 atriae,

382 824 436 885 sed
460 824 652 885 manifestum
677 829 709 883 et
731 821 855 883 evidens
879 821 1052 896 discrimen,
1086 821 1164 900 quod
1189 821 1305 901 siquis
1333 840 1426 900 supra
1447 818 1646 894 consisteret,
1678 837 1737 881 nos

381 912 478 973 minus
501 912 559 992 ipsi
584 912 613 973 in
642 910 744 973 oculos
774 917 857 970 esset
884 910 1084 984 incursurum,
1117 928 1152 971 ac
1176 911 1242 989 jam
1266 910 1447 988 superficies,
1470 926 1548 991 quae
1570 915 1676 971 aerem
1699 907 1738 969 ab

382 1020 461 1080 aqua
492 1009 633 1081 separat,
663 1002 691 1061 in
717 999 820 1059 oculos
843 997 977 1061 incurrit.
1024 997 1236 1060 Rothmannus
1268 1006 1375 1060 contra
1405 1018 1463 1060 nou
1495 997 1676 1078 impegisset
1707 996 1736 1058 iu

380 1088 527 1171 principia
550 1090 660 1168 optioa,
687 1086 768 1149 feriri
783 1106 802 1147 a
816 1086 881 1146 luce
905 1087 1091 1167 superficiem
1115 1086 1263 1148 densioris
1286 1087 1386 1162 medii,
1411 1105 1465 1149 nec
1478 1094 1581 1149 tamen
1601 1093 1736 1147 mutuum

380 1177 537 1258 quicquam
559 1178 625 1257 pati
649 1195 703 1239 nec
731 1173 873 1253 refringi:
905 1175 1042 1255 quodque
1066 1194 1125 1235 non
1149 1175 1250 1236 estin
1274 1175 1402 1254 singulis
1429 1174 1581 1255 partibus,
1606 1174 1636 1236 in
1659 1191 1735 1236 con·

380 1266 541 1345 duplicatis
555 1266 673 1338 inesse;
698 1271 730 1325 et
747 1263 953 1343 profunditate
973 1264 1137 1325 mediorum
1151 1263 1275 1343 refringi
1293 1263 1405 1337 radios,
1428 1283 1486 1326 nou
1504 1261 1734 1345 superficiebus:

380 1373 456 1435 quse
480 1354 579 1416 omnia
602 1353 733 1415 absurda
756 1359 835 1413 sunt.

423 1492 455 1557 2.
492 1494 598 1556 Varii
621 1493 802 1555 variorum
826 1491 919 1553 modi
943 1490 1204 1554 metiendarum
1233 1492 1495 1556 refractionnm
1522 1489 1691 1555 refutati.

467 1618 579 1697 Magno
612 1617 749 1678 constitit
780 1616 829 1677 vel
863 1617 945 1678 solus
977 1616 1082 1676 modus
1114 1634 1313 1696 mensuraque
1343 1617 1572 1690 refractionem,
1606 1635 1663 1679 uec
1690 1616 1732 1676 sic

379 1708 497 1788 impunc
521 1705 725 1767 admittendus
749 1703 783 1766 e's
806 1704 917 1775 lector,
950 1703 1018 1784 quio
1041 1722 1096 1782 per
1119 1705 1224 1766 eadem
1247 1706 1330 1784 prius
1363 1706 1486 1768 dumeta
1507 1704 1732 1785 inquisitione·

379 1794 558 1868 traducaris,
582 1812 659 1873 quae
684 1793 748 1871 ipse
771 1792 962 1872 perreptavi;
987 1799 1021 1851 ut
1044 1792 1113 1870 qnia
1141 1794 1269 1855 fructum
1298 1813 1482 1856 communem
1504 1813 1540 1855 es
1563 1793 1730 1866 habiturus,

378 1884 511 1946 laborem
535 1900 650 1963 quoque
679 1881 839 1961 praelibes.
887 1879 1033 1951 Quamuis
1056 1880 1085 1940 iu
1108 1889 1190 1942 tuam
1218 1883 1382 1944 utilitatem
1405 1884 1461 1945 hoc
1485 1882 1579 1957 cedit,
1605 1889 1640 1944 ut
1663 1881 1732 1961 quis

379 1972 510 2034 nondum
533 1971 607 2032 nihil
640 1978 796 2048 superest,
827 1970 904 2049 quod
935 1968 963 2028 in
997 1968 1207 2031 refractionum
1239 1990 1332 2032 causa
1359 1972 1528 2043 desideres,
1561 1989 1730 2034 mensurato

377 2069 477 2123 tamen
501 2068 583 2121 certo
607 2059 688 2120 scias
711 2058 822 2119 nullam
847 2075 1005 2136 superesse
1029 2056 1135 2131 aliam,
1166 2059 1358 2137 perlustratis
1388 2060 1525 2122 omnibns
1547 2059 1728 2132 recessibus,

376 2149 550 2228 hebenoque
583 2146 744 2227 quaerendi
778 2146 950 2206 methodum
983 2144 1022 2206 ob
1052 2146 1173 2221 oculos,
1206 2148 1291 2225 cnjus
1318 2148 1412 2209 solius
1446 2148 1572 2210 intuitus
1608 2146 1728 2210 maximi

376 2236 544 2317 argumenti
566 2236 633 2296 loco
648 2243 705 2306 est,
729 2253 786 2295 non
802 2254 840 2294 ex
859 2233 983 2295 arbitrio
1007 2243 1178 2313 susceptum
1201 2235 1279 2297 hunc
1302 2237 1445 2298 metiendi
1468 2238 1600 2299 modurn.
1633 2237 1728 2316 Ejus·

375 2326 455 2387 modi
478 2342 604 2405 namque
627 2331 689 2396 est,
723 2329 756 2382 ut
779 2324 955 2395 affectatus,
990 2340 1048 2384 non
1072 2341 1088 2382 e
1113 2341 1211 2384 rerum
1244 2333 1352 2386 natura
1384 2326 1505 2388 oblatus
1533 2345 1604 2387 essa
1633 2323 1728 2387 uideri

376 2413 483 2494 possit.
508 2413 565 2473 nisi
588 2411 748 2472 monearis.

462 2501 593 2563 Primum
617 2499 725 2560 hocin
753 2516 862 2578 genere
896 2496 985 2558 facile
1017 2507 1139 2559 constat
1162 2520 1181 2560 a
1208 2501 1275 2562 sola
1305 2502 1509 2581 experientia,
1542 2502 1726 2565 densitatem

373 2589 514 2669 pellucidi
537 2607 605 2650 esse
629 2587 658 2648 in
683 2606 776 2648 causa
798 2585 1022 2660 refractionum,
1047 2587 1124 2666 quod
1149 2607 1241 2668 supra
1264 2590 1355 2652 etiam
1379 2590 1508 2670 apriori
1532 2590 1726 2655 demonstra·

372 2678 468 2740 vimus
493 2675 583 2757 (Cap.
608 2677 631 2751 l,
660 2672 726 2747 14).

461 2766 578 2828 Deinde
602 2776 634 2825 et
657 2764 713 2824 hoc
736 2770 861 2834 certum,
885 2760 912 2820 si
936 2760 986 2821 lux
1009 2763 1299 2841 perpendiculariter
1326 2765 1441 2828 incidat
1464 2766 1493 2828 iu
1525 2765 1724 2846 superficiem,
1763 2765 1768 2780 '

372 2875 439 2918 earn
467 2872 527 2915 nou
557 2853 694 2931 refringi,
725 2860 757 2911 at
786 2857 873 2911 tauto
900 2848 1070 2911 evidentius
1103 2852 1244 2931 refringi,
1280 2863 1392 2933 quanto
1424 2855 1530 2917 incidit
1564 2856 1723 2936 obliquius.

371 2944 468 3022 Igitur
492 2949 523 3002 et
546 2940 710 3002 incidentia
732 2935 881 3000 concurrit
904 2936 943 2996 ad
967 2956 1104 3012 causam,
1130 2941 1208 3020 quod
1232 2959 1324 3020 supra
1354 2961 1469 3023 quoque
1498 2941 1591 3024 (Cap.
1614 2945 1642 3019 Ι,
1666 2941 1724 3013 20)

372 3052 392 3093 a
416 3030 516 3110 priore
541 3029 688 3091 deducere
712 3046 777 3089 sum
800 3032 938 3086 conatus.

459 3119 551 3180 Patet
574 3117 673 3197 igitur,
697 3113 870 3197 permisceri
894 3121 1050 3191 utramque
1074 3133 1211 3189 causam,
1237 3115 1280 3177 sic
1305 3125 1338 3178 ut
1361 3119 1433 3180 nihil
1455 3129 1595 3199 praestet
1617 3119 1721 3183 densi·

370 3216 433 3283 tas,
464 3207 490 3268 si
514 3216 612 3269 mente
641 3223 797 3268 removeas
829 3200 1043 3273 incidentiam3
1076 3203 1146 3280 quie
1169 3204 1287 3282 species
1311 3206 1508 3281 incidentiae,
1534 3228 1572 3270 ea
1594 3207 1720 3282 scilicet,

365 3316 443 3379 qnae
467 3297 505 3357 ad
531 3296 657 3374 angulos
681 3301 780 3356 rectos
804 3291 846 3358 tit,
871 3289 1052 3351 refractione
1077 3289 1202 3352 deusuru
1224 3293 1315 3371 plane
1338 3295 1460 3374 spoliat
1502 3297 1721 3376 Argumentum

365 3386 490 3449 evidens
513 3384 588 3464 ejus,
614 3383 693 3464 quod
716 3399 807 3459 supra
831 3377 923 3457 (Cap.
950 3378 974 3449 I,
1003 3374 1052 3438 10.
1072 3373 1126 3450 lt)
1151 3399 1170 3439 a
1193 3380 1282 3458 priori
1307 3381 1427 3452 deduxi,
1452 3402 1510 3446 non
1534 3385 1602 3465 pati
1626 3386 1720 3447 lucen

364 3496 384 3537 a
397 3474 483 3537 densi
508 3491 641 3551 corpore,
666 3471 721 3532 sed
736 3489 755 3529 a
769 3468 834 3528 sola
858 3465 1034 3545 superficie:
1061 3466 1225 3529 incidentia
1248 3469 1327 3531 enim
1342 3480 1392 3532 est
1413 3472 1586 3534 terminatio
1611 3482 1718 3548 motus,

362 3562 514 3628 motusin
539 3569 713 3623 recteest:
745 3564 846 3619 rectae
870 3552 990 3615 termini
1022 3564 1134 3631 puncta
1156 3564 1189 3617 et
1212 3556 1391 3621 infinitarum
1420 3562 1629 3640 contiguarum
1653 3571 1716 3624 ter·

361 3654 456 3715 minus
480 3658 529 3712 est
551 3649 723 3730 superficies
747 3647 838 3724 (quae
862 3642 955 3704 habet
978 3641 1095 3704 infinita
1117 3643 1294 3708 continuata
1313 3650 1453 3728 puncta),
1477 3668 1536 3711 non
1556 3669 1629 3713 vero
1648 3669 1716 3713 cor·

382 3740 507 3803 uleutia.

361 3762 381 3821 p
451 3825 552 3897 Quare
577 3845 635 3886 non
660 3824 689 3885 in
714 3818 901 3902 corpulentia
923 3817 1019 3891 densi,
1044 3818 1151 3880 sedin
1175 3821 1331 3901 superficie
1361 3825 1504 3888 consistit
1525 3826 1715 3890 retractionis

540 3950 591 4015 rig.
617 3945 659 3995 60·
839 3926 942 3967 cansa.
980 3906 1065 4006 Haec
1085 3908 1148 3968 sint
1166 3910 1253 3971 nobis
1272 3922 1356 3972 certa
1374 3912 1608 3991 judicandarum
1630 3934 1714 3979 men·

839 4013 975 4056 surarum
999 3996 1155 4075 principia

775 4101 796 4150 r
904 4083 972 4143 Non
996 4090 1047 4142 est
1069 4083 1160 4162 igitur
1185 4085 1258 4146 haec
1278 4087 1366 4165 justa
1389 4090 1605 4154 refractionum
1630 4110 1713 4154 rnen·

743 4184 754 4213 -’
835 4189 926 4243 eura,
962 4189 1038 4250 quae
1072 4171 1249 4234 alterutram
1284 4175 1388 4238 harum
1426 4197 1585 4246 causarum
1618 4181 1713 4242 solen

716 4283 723 4306 ι·
834 4259 982 4338 seqrritur.

698 4358 701 4367 ’
900 4346 1003 4407 Prima
1037 4346 1085 4407 hic
1123 4347 1260 4427 impingit
1296 4369 1399 4413 eorum
1432 4354 1604 4431 sententia,
1638 4375 1712 4438 quse

834 4453 1005 4496 mensuram
1021 4435 1141 4513 quaerit
1154 4436 1182 4497 in
1198 4439 1278 4498 nuda
1298 4440 1474 4517 prolixitate
1493 4445 1643 4508 transitus
1659 4461 1713 4524 per

758 4601 762 4606 ,
833 4522 966 4584 medium
986 4523 1118 4584 densius.
1156 4525 1317 4604 Multiplex
1336 4547 1428 4590 error.
1470 4529 1520 4593 Sit
1536 4532 1711 4613 superficies

769 4591 792 4694 ,ς
833 4610 918 4671 densi
944 4608 1007 4684 CB,
1034 4611 1141 4671 fundus
1166 4612 1231 4685 BD,
1256 4614 1307 4675 lux
1330 4617 1452 4679 radians
1475 4621 1515 4693 A,
1541 4621 1620 4683 radii
1640 4620 1709 4692 An,

832 4697 898 4758 ΑΕ.
946 4698 1029 4759 Dicit
1053 4699 1128 4759 haec
1157 4700 1271 4779 opinio,
1303 4705 1348 4765 sic
1371 4724 1441 4767 esse
1464 4707 1504 4769 ad
1527 4728 1561 4770 se
1583 4709 1710 4772 inviam

777 4776 793 4816 Β
832 4785 1045 4847 refractionum
1078 4789 1223 4866 angulos,
1257 4799 1290 4851 nt
1320 4801 1393 4854 sunt
1423 4804 1527 4873 partes
1552 4796 1709 4860 radin·

831 4871 1012 4935 directorum
1036 4875 1092 4935 suh
1119 4876 1211 4938 denso
1235 4878 1291 4938 BD
1314 4881 1354 4941 ad
1374 4879 1438 4944 GE.
1486 4884 1619 4948 Primum
1641 4895 1709 4947 eta·

836 4967 939 5022 tuetur
962 4962 992 5023 in
1016 4970 1101 5024 recta
1123 4964 1287 5029 incidentia
1313 4968 1416 5050 aliqua
1440 4971 1600 5052 refractis,
1632 4971 1710 5058 qnod
