3692 5842
742 477 825 544 caput
842 479 886 532 tv,
912 476 953 529 lb.
1462 483 1521 552 ῃ]

174 648 362 727 Gnilielmus,
388 651 416 713 io
442 651 496 714 illa
521 672 577 714 sua
605 652 760 715 recondita
789 653 938 733 magnetis
968 655 1229 733 contemplatione,
1259 659 1388 720 concisis
1420 662 1522 724 verbis

173 739 221 804 hb.
246 740 302 802 VI.
327 759 393 820 cap.
418 735 450 802 2.
497 740 556 803 Vir
578 742 716 821 equidem
739 742 819 816 talis,
854 742 939 820 cujus
968 742 1076 804 divinis
1101 744 1235 814 ‚inventis
1266 767 1369 808 omnes
1394 757 1521 812 naturae

172 827 322 891 studiosos
345 828 501 909 plurimum
525 830 671 892 delectari
694 830 842 908 convenit.
874 828 968 910 Cujus
994 832 1237 908 familiaritatem,
1262 836 1319 896 nisi
1344 838 1415 899 mihi
1434 858 1522 919 pom-

171 936 245 998 posa
266 917 322 980 illa
344 918 647 1001 Tethys'invideret,
673 920 805 982 discendi
830 920 936 981 ardore
969 940 1015 981 me
1039 922 1185 983 demereri
1209 924 1273 984 sine
1301 944 1411 1006 magna
1439 927 1520 989 diiii-

172 1006 281 1068 cultata
305 1026 406 1087 posse,
431 1015 544 1069 utnon
569 1017 617 1069 est
640 1009 770 1089 superba
793 1009 994 1087 philosophia,
1019 1011 1213 1089 speraverim.
1233 1009 1274 1085 ⁸⁰)

257 1093 344 1167 Quae
368 1115 406 1158 ex
428 1096 536 1157 Proclo
561 1096 650 1158 attuli
680 1097 723 1159 eis
753 1097 864 1158 similia
887 1117 924 1157 ex
949 1095 1110 1160 Cleomede
1141 1101 1262 1180 adjungi
1296 1108 1433 1180 possunt,
1471 1104 1521 1185 qni

171 1203 206 1245 ea
227 1202 316 1265 porro
341 1203 378 1246 ex
401 1184 563 1246 Posidonio
587 1186 718 1260 adducit,
750 1186 804 1247 sed
828 1194 859 1246 et
882 1185 920 1245 ab
951 1186 1056 1248 eodem
1080 1188 1187 1251 Proclo
1221 1189 1250 1251 in
1284 1191 1340 1250 line
1365 1189 1520 1270 Sphaerae

171 1275 356 1336 referuntur:
381 1273 511 1355 itemque
535 1282 568 1335 et
590 1295 609 1335 a
632 1274 718 1336 Plino
743 1274 792 1337 lib.
810 1275 850 1335 ΙΙ.
878 1272 1032 1353 Canopum
1057 1276 1087 1337 in
1100 1278 1240 1359 Aegypto
1266 1278 1293 1339 in
1309 1279 1432 1340 meridie
1447 1281 1520 1342 alti-

171 1361 302 1423 tudinem
332 1357 392 1439 ῚἾ,
428 1363 574 1447 gradrmm
602 1364 762 1442 praeferre,
797 1363 826 1423 in
854 1362 964 1424 Rhodo
995 1364 1180 1426 horizontem
1209 1367 1366 1445 stringere,
1403 1367 1430 1427 in
1463 1388 1522 1448 qua

170 1451 265 1513 insula
289 1451 387 1513 noctis
411 1451 548 1513 aestivae
581 1453 619 1513 ad
644 1451 723 1513 diem
745 1451 899 1530 proportio
923 1452 1053 1513 traditur
1077 1474 1121 1524 ea,
1157 1465 1305 1534 quaeest
1341 1454 1376 1518 19
1401 1457 1439 1517 ad
1464 1453 1518 1520 29.

171 1537 242 1602 Cum
267 1539 345 1601 enim
370 1539 439 1602 hinc
463 1541 576 1622 existat
599 1541 727 1602 altitudo
750 1541 935 1602 Rhodiorum
960 1541 1093 1603 civitatis
1117 1538 1192 1617 36⁰,
1218 1544 1424 1605 Alexandriae
1448 1565 1519 1607 vero

169 1628 208 1690 sit
230 1623 301 1704 31⁰,
327 1630 474 1709 quomodo
498 1627 649 1709 Canopus,
676 1630 724 1709 qui
749 1629 777 1690 in
801 1629 908 1690 Rhodo
932 1630 982 1689 vix
1007 1651 1025 1691 a
1049 1631 1170 1692 summis
1195 1634 1346 1693 montibus
1371 1642 1419 1693 est
1442 1654 1516 1695 con-

169 1716 286 1798 spicuos
309 1726 390 1779 teste
413 1718 531 1787 Proclo,
557 1719 635 1780 idem
657 1718 688 1779 in
713 1718 855 1800 Aegypto
881 1713 966 1796 772⁰
988 1739 1040 1779 seu
1065 1730 1172 1799 quarta
1195 1731 1281 1798 parte
1306 1721 1384 1800 signi
1413 1733 1518 1784 extare

168 1806 291 1886 potest?
336 1806 425 1868 Hauc
448 1807 527 1869 enim
552 1807 740 1869 altitudinem
764 1816 940 1868 constanter
963 1817 994 1868 et
1017 1808 1122 1869 iisdem
1156 1809 1256 1870 verbis
1284 1811 1416 1889 produnt
1438 1811 1517 1872 Pro-

167 1895 229 1957 clos
252 1903 286 1957 et
309 1893 488 1958 Cleomedes
512 1905 543 1957 et
561 1897 686 1970 Plinius,
712 1895 896 1976 astipulante
921 1896 1014 1957 etiam
1039 1896 1222 1971 Ptolemaeo,
1252 1900 1301 1977 qui
1327 1899 1517 1962 latitudinem

167 1985 192 2046 ei
215 1984 326 2046 stellae
349 1985 456 2046 tribuit
478 1980 548 2048 75⁰.
596 1985 660 2046 Aut
688 1984 779 2064 igitur
804 1984 981 2045 hallucinari
1011 2004 1134 2046 necesse
1167 1997 1215 2047 est
1242 2005 1345 2047 omnes
1379 1996 1517 2050 auctores

166 2091 223 2134 uuo
246 2092 309 2148 ore,
336 2081 389 2135 aut
412 2073 441 2135 in
466 2074 608 2155 Aegypto
631 2091 736 2134 versus
761 2074 858 2135 fontes
882 2073 954 2147 h'iii,
989 2092 1094 2135 versus
1118 2083 1234 2136 montes
1258 2076 1363 2137 Lunae
1393 2085 1425 2137 et
1447 2077 1517 2138 illas

165 2162 314 2242 regiones,
339 2181 415 2242 quae
439 2163 587 2225 continuis
601 2162 710 2242 pluviis
730 2162 859 2223 infestae
883 2171 962 2235 sunt,
988 2182 1112 2223 necesse
1136 2174 1185 2224 est
1204 2162 1292 2243 objici
1310 2166 1517 2244 spectantibus

164 2251 192 2313 io
208 2252 398 2314 Alexandria
421 2257 531 2320 adrem,
556 2252 605 2331 qui
618 2250 821 2331 prodigiosam
845 2250 960 2331 aliquot
974 2252 1119 2330 graduum
1133 2263 1273 2314 causetur
1288 2254 1515 2316 refractionem:
1627 2253 1631 2260 '

163 2340 212 2421 qui
237 2359 294 2402 uon
320 2339 362 2402 sit
384 2341 428 2401 ita
451 2341 588 2420 praecise
612 2341 727 2401 insulae
750 2339 852 2402 Rhodi
880 2340 917 2400 ad
946 2341 1108 2415 meridiem,
1140 2342 1182 2402 uti
1216 2361 1289 2403 sane
1321 2352 1374 2403 est
1391 2343 1517 2406 Rhodus

163 2429 279 2510 aliquot
302 2429 445 2508 gradibus
469 2429 685 2491 occidentaliur
707 2428 903 2491 Alexandria.

251 2518 354 2580 Minos
387 2519 519 2580 fortasse
549 2518 700 2579 tinnitatis
732 2517 857 2592 obtinet,
897 2517 975 2596 quod
1009 2516 1086 2578 idem
1116 2515 1295 2579 Cleomedes
1334 2520 1517 2582 confidenter

160 2607 303 2682 affirmat,
329 2607 404 2669 duas
428 2626 495 2669 esse
519 2608 626 2669 stellas
650 2608 798 2668 diametro
823 2608 983 2675 distantes,
1009 2607 1126 2668 oculum
1142 2607 1231 2668 Tauri
1257 2616 1288 2669 et
1311 2627 1362 2669 cor
1385 2606 1515 2688 Scorpii

159 2716 288 2778 quarum
311 2715 503 2778 quaecunque
528 2696 655 2770 oriatur,
688 2695 804 2776 reliqna
832 2696 952 2757 occidat
975 2696 1121 2774 simulque
1146 2696 1173 2756 in
1206 2696 1358 2758 horizonte
1390 2697 1513 2777 conspi-
1543 2733 1550 2742 =

157 2787 286 2849 ciautur.
333 2776 368 2847 Si
391 2785 447 2847 hoc
471 2804 540 2848 vere
569 2786 725 2865 quisquam
758 2804 887 2865 unquam
912 2783 997 2856 vidit,
1025 2802 1080 2862 per
1109 2785 1320 2846 refractionem
1358 2794 1516 2867 utramque

157 2893 253 2956 sopra
277 2873 463 2936 hoiizoutem
486 2876 636 2936 elevatam
660 2873 753 2936 luisse
767 2893 892 2935 necesse
918 2885 975 2947 est,
1000 2892 1065 2934 cum
1091 2892 1123 2935 re
1142 2893 1214 2934 vera
1233 2894 1289 2935 non
1305 2875 1404 2953 possit
1426 2876 1516 2938 aliter

157 2963 238 3040 lieri,
264 2965 333 3045 quin
359 2963 388 3025 in
412 2964 469 3025 hac
492 2962 721 3042 septentrionali
746 2963 846 3024 mundi
869 2967 1028 3042 parte'aut
1052 2962 1148 3022 altera
1172 2971 1225 3023 aut
1247 2971 1372 3042 utraque
1396 2982 1515 3043 semper

156 3052 236 3116 inira
260 3052 444 3114 horizontem
469 3052 518 3114 sit.
547 3053 626 3114 Nam
650 3051 770 3113 etiamsi
795 3052 942 3114 diametro
967 3051 1084 3112 distant
1105 3051 1242 3131 praecise
1267 3052 1363 3131 quoad
1379 3053 1514 3133 longitu-

155 3142 275 3204 dinem:
301 3151 427 3222 utraqne
450 3150 551 3203 tamen
575 3142 604 3202 io
620 3141 725 3202 eodem
744 3141 871 3202 australi
886 3139 1105 3219 hemisphaerio
1130 3149 1185 3214 est,
1211 3141 1309 3201 altera
1323 3141 1515 3203 latitudinem

156 3231 273 3294 habens
297 3225 337 3293 5⁰
359 3229 423 3306 31‘,
448 3230 546 3292 altera
567 3227 607 3291 4⁰
629 3228 693 3292 27‘.

243 3320 313 3382 Hoc
336 3320 448 3400 aliquid
472 3320 609 3401 quamvis
632 3319 790 3382 obscurum
813 3337 851 3378 ex
875 3317 976 3379 Procli
999 3316 1146 3379 Diadochi
1176 3316 1250 3378 libro
1274 3318 1512 3400 Hypotyposeou

153 3408 427 3472 astronomicarum
461 3417 493 3469 et
522 3409 594 3489 ejus
624 3408 804 3470 mirabilium
838 3406 1005 3487 quaestion.
1030 3405 1061 3469 8.
1087 3405 1190 3468 referri
1227 3407 1339 3484 possit:
1373 3408 1510 3487 quamvis

153 3498 274 3561 interim
298 3505 330 3559 et
352 3497 408 3560 boc
428 3497 555 3573 videtur,
580 3497 659 3577 loqui
679 3497 762 3559 ssluru
786 3496 822 3558 de
839 3515 965 3558 excessu
985 3495 1055 3555 anui
1074 3504 1144 3555 tunc
1160 3494 1265 3556 crediti
1289 3514 1381 3576 supra
1397 3495 1512 3574 justum

153 3587 316 3650 modulum.
364 3585 469 3647 Verba
491 3594 591 3648 tamen
616 3586 681 3664 ejus
705 3606 743 3647 ex
772 3583 1021 3666 interpretatione
1046 3583 1156 3644 Vallae
1185 3582 1230 3642 ita
1262 3591 1382 3656 sonant,
1420 3604 1456 3645 ae
1485 3584 1511 3646 si

152 3676 315 3740 miraretur
339 3674 453 3755 aliquid
466 3676 679 3737 retractionum
700 3673 858 3736 occasione
883 3674 911 3734 in
928 3672 1008 3734 Solis
1032 3679 1115 3733 motu
1135 3688 1299 3751 apparens3
1314 3683 1406 3735 Solem
1421 3683 1512 3752 ample

153 3777 285 3848 spectari,
309 3781 453 3846 ortumque
474 3775 567 3828 facere
588 3782 721 3847 tanquam
743 3772 937 3827 considentem.
974 3761 1054 3824 Nam
1079 3760 1185 3822 iisdem
1209 3779 1284 3841 pene
1309 3762 1408 3822 verbis
1440 3781 1513 3824 usus

152 3863 202 3918 est
224 3853 406 3918 Wilhelmus
424 3853 555 3914 Hassiae
571 3851 791 3954 Landqravius,
817 3851 848 3912 in
871 3850 969 3928 prima
991 3870 1047 3911 sua
1070 3850 1106 3911 de
1131 3851 1220 3911 rebus
1244 3851 1452 3912 astronomicis
1472 3851 1511 3912 ad

152 3944 326 4027 Tychonem
350 3941 481 4024 epistola
503 3941 694 4003 retractionis
719 3939 948 4001 animadversae
973 3939 1147 4023 occasiones
1171 3939 1336 4018 explicans.
1380 3939 1426 4001 Ac
1450 3939 1510 4001 etsi

152 4052 229 4116 qnae
254 4031 296 4094 ibi
321 4032 447 4094 Procius
471 4031 605 4106 miratur,
639 4029 677 4091 ob
700 4029 805 4091 vitium
830 4027 939 4089 calculi
970 4037 1040 4090 tunc
1064 4027 1170 4090 usitati
1203 4028 1341 4089 accidere
1364 4036 1509 4108 potuere:

151 4122 198 4185 its
215 4130 320 4184 umen
344 4120 374 4185 in
398 4119 563 4183 rationibus
598 4138 698 4181 eorum
727 4115 887 4179 reddendis
910 4115 1036 4178 Procius
1066 4117 1213 4192 desudat,
1246 4126 1279 4177 ut
1311 4135 1368 4177 ηοη
1402 4117 1512 4197 injuria

91 4207 94 4212 ’
151 4210 329 4292 suspiceris,
364 4207 593 4272 retractionibus
621 4226 688 4269 sese
722 4204 959 4268 immisceutibus
989 4206 1141 4285 negotium
1174 4205 1323 4267 redditum
1347 4224 1415 4267 esse
1438 4224 1509 4284 per-

150 4301 285 4381 plexins;
310 4299 388 4380 quod
412 4298 491 4360 citra
513 4316 566 4357 eas
590 4297 634 4358 illi
660 4295 747 4357 facile
773 4293 882 4356 suisset
904 4294 1057 4373 expedire.

239 4386 361 4450 Clarius
376 4386 530 4468 aliquanto
545 4385 715 4447 Martianus
731 4382 868 4462 Capella,
891 4381 1155 4463 Encyclopaediae
1170 4381 1246 4443 libro
1262 4381 1350 4444 Vlll.
1370 4380 1454 4461 cujus
1470 4382 1506 4443 de

149 4478 267 4540 zodiaci
279 4476 439 4539 latitudine
449 4474 541 4536 verba
551 4474 625 4535 haec
636 4483 721 4535 sunt:
743 4483 791 4537 Sol
812 4481 882 4534 enim
903 4482 932 4535 in
952 4482 1057 4535 nullam
1077 4469 1222 4544 (zodiaci)
1237 4484 1373 4536 excedens
1388 4488 1504 4553 partem,

149 4569 177 4623 in
197 4569 286 4624 medio
307 4568 472 4622 libramento
493 4566 583 4619 fertur
605 4566 710 4633 absque
731 4563 790 4633 ipsu
806 4561 894 4615 librae
910 4562 1036 4616 confinio.
1072 4562 1143 4614 Nam
1164 4561 1201 4614 ibi
1224 4579 1253 4615 se
1275 4571 1326 4615 aut
1338 4561 1367 4615 in
1382 4570 1506 4616 anstrum

148 4661 342 4732 aquilonemre
363 4655 486 4710 deflectit
506 4656 540 4708 sd
561 4653 698 4707 dimidium
719 4652 777 4704 fere
798 4657 972 4705 momentum.
1023 4639 1107 4701 Satis
1145 4640 1316 4719 scrupulose
1357 4639 1507 4719 expressit

149 4737 362 4802 refractionem
388 4733 622 4796 horizontalem:
657 4750 748 4812 quare
782 4729 955 4791 absurditas
985 4737 1017 4790 et
1043 4727 1209 4789 insolentia
1237 4728 1393 4804 affirmati,
1428 4728 1505 4809 qnod

148 4827 202 4891 Sol
235 4824 325 4888 unico
358 4822 473 4886 zodiaci
505 4822 570 4884 loco
598 4820 628 4882 in
658 4818 849 4882 latitudinem
877 4817 994 4879 zodiaci
1023 4816 1168 4883 declinet,
1202 4817 1402 4898 suspicionem
1433 4817 1504 4880 mibi

148 4915 252 4997 injecit
283 4911 501 4994 hujuscemodi.
555 4912 635 4973 Dum
667 4907 865 4987 aequinoctia,
905 4905 1093 4985 potissimum
1128 4906 1310 4977 autumnale,
1343 4905 1505 4986 diligenter

148 5005 383 5068 observarentur
406 5009 439 5064 et
460 4998 579 5081 quidem
603 5000 631 5061 in
656 4994 820 5071 horizonte,
845 4993 918 5058 Sole
943 4993 1057 5056 oriente
1081 4994 1130 5056 vel
1154 4994 1319 5069 occidente,
1342 5005 1504 5078 propterea
