3692 5842
739 497 984 563 mmm·
1243 527 1246 534 ·
1495 493 1537 563 'fb

173 670 256 748 ginis
293 671 366 732 milri
401 670 555 750 negotium
594 672 769 735 facessebat
778 694 788 748 ;
822 674 889 736 vini.
937 674 1056 735 Natura
1083 672 1158 733 lucis
1189 672 1326 734 rimanda
1355 673 1430 747 fnit;
1460 673 1539 734 hauc

174 760 309 820 tractavi
333 759 532 822 mediocriter.
575 758 690 822 Oculus
713 762 863 823 secundus
887 772 974 835 orat;
999 761 1179 840 perlustravi
1204 769 1372 823 anatomos.
1407 760 1538 824 Retrac-

177 846 280 909 tiones
304 847 494 923 metiendae3
518 849 566 911 hie
590 850 711 912 haereo.
744 850 829 911 Deus
853 850 946 911 bonel
972 850 1071 921 Quem
1095 850 1215 912 occulta
1239 849 1334 912 ratio!
1359 851 1540 934 Devoranda

174 936 261 1017 prins
283 944 374 999 eraut
396 938 537 999 universa
559 939 714 1018 Apollonii
737 937 861 1012 Conica,
888 957 963 1018 qnae
983 941 1049 1018 jam
1073 957 1149 1018 pene
1174 938 1318 1002 absumsi.

266 1034 414 1085 Absolutum
433 1045 494 1099 oper
511 1036 643 1086 metat
660 1036 784 1100 [apteras
807 1037 877 1086 tutuo
897 1037 955 1087 Jsru
976 1035 1058 1086 1603:
1092 1029 1125 1087 ln
1158 1030 1233 1089 meis
1265 1026 1384 1108 Opticis
1416 1028 1538 1090 tandem

174 1116 245 1178 Deo
268 1117 371 1196 gratia
394 1115 433 1178 ad
446 1115 535 1178 finem
557 1116 681 1196 perveni
706 1124 853 1196 quatenus
877 1117 984 1178 titulus
999 1125 1085 1196 patet
1100 1116 1317 1179 Astronomiae'
1329 1136 1400 1196 pars
1417 1115 1537 1195 Optica.

175 1202 268 1276 Quae
291 1205 449 1267 additurus
472 1223 546 1280 sum,
571 1224 657 1267 usum
682 1205 711 1266 in
736 1206 920 1285 exquirenda
946 1224 1018 1267 vera
1041 1215 1172 1267 motuum
1192 1207 1354 1269 frumarium
1379 1206 1540 1288 hypothesi

173 1294 375 1373 patefacient.
423 1294 480 1355 illa
502 1312 574 1356 sero
597 1302 669 1357 sunt
700 1312 771 1372 pers
805 1313 916 1373 magna
950 1295 1151 1356 astronomiae
1184 1296 1399 1374 geometricae,
1433 1311 1539 1374 nempe

178 1383 232 1445 lib.
256 1383 418 1446 1V.-vr.
444 1381 554 1462 Operis
577 1381 681 1462 Magni
707 1381 885 1448 Ptolemaei.
931 1383 1001 1444 Jam
1025 1383 1116 1445 etde
1145 1384 1353 1446 occasionibus
1377 1383 1484 1444 edendi
1507 1390 1539 1444 et

176 1471 217 1533 dc
240 1472 447 1552 extorquendo
483 1472 596 1533 salano
620 1489 686 1533 mco
719 1472 820 1550 cogito
853 1472 941 1550 inque
966 1473 1012 1533 his
1043 1491 1108 1534 sum
1144 1482 1316 1553 occupatus.
1363 1474 1397 1533 lu
1422 1471 1539 1533 theoria

177 1561 291 1623 Martis
317 1569 419 1622 cetera
442 1569 513 1621 sunt
536 1561 686 1640 expedita,
712 1561 805 1621 rerba
828 1561 924 1621 adhuc
950 1562 1070 1623 desunt.
1546 1567 1555 1588 ¹

269 1682 328 1733 lam
346 1683 372 1732 ln
391 1684 565 1747 manuscriptis
583 1683 782 1746 Petmpolitanis,
803 1697 816 1732 e
835 1684 922 1749 quibus
943 1682 1011 1744 (Vol.
1030 1683 1086 1745 IX.)
1106 1686 1242 1748 praemissa
1259 1685 1428 1745 desnmsimus,
1449 1682 1540 1733 desunt

172 1754 273 1819 aliquot
289 1753 391 1818 Ksplsri
411 1755 539 1817 epistolae.
562 1755 604 1818 qni
620 1755 708 1803 murm
733 1756 870 1818 iterumque
886 1755 988 1804 rediisse
1014 1755 1109 1804 ridetur
1128 1756 1160 1804 ad
1185 1769 1260 1820 opera
1280 1770 1334 1812 sua,
1358 1769 1422 1820 qnae
1441 1753 1540 1804 edenda

174 1827 225 1876 siut
248 1832 417 1891 proposuerat
456 1825 485 1875 ln
509 1825 657 1875 bibliotheca
681 1827 752 1890 regia
770 1824 933 1875 Monachii
959 1839 1015 1875 raro
1036 1835 1181 1890 sequentem
1205 1825 1411 1889 deprehendimus
1436 1824 1539 1889 Koplari

175 1898 310 1961 epistolam
329 1898 362 1946 ad
381 1895 537 1946 Hernartnm
556 1900 622 1947 eirca
640 1912 750 1946 mensem
771 1896 920 1961 Septembris
939 1898 1034 1957 datum,
1056 1912 1129 1962 quam
1151 1901 1284 1963 integram,
1308 1901 1373 1947 sicut
1390 1898 1440 1946 illio
1462 1902 1539 1953 astat,

177 1969 370 2033 imprimendam
389 1982 534 2018 censemus:

608 2053 642 2118 S.
690 2056 724 2118 P.
770 2056 808 2117 D.

269 2162 430 2241 Magnifice
454 2167 486 2221 et
507 2160 703 2223 Nobilissime
729 2163 794 2233 Vir,
818 2164 932 2224 l'autor
955 2162 1088 2223 colende.

268 2251 388 2313 ldormit
411 2269 457 2312 me
481 2248 599 2311 Nobilis
623 2250 662 2312 D.
683 2252 797 2313 Matth.
818 2251 964 2313 Welser
988 2251 1122 2313 aerarius
1146 2249 1271 2328 imperii,
1296 2260 1328 2313 ut
1343 2250 1400 2312 sibi
1421 2251 1539 2312 domum

178 2340 349 2404 revertenti
372 2340 528 2401 literarum
552 2338 664 2419 aliquid
688 2341 727 2402 ad
749 2330 991 2419 Magnitudinem
1012 2342 1108 2401 Tuam
1136 2341 1383 2402 commendarem.
1421 2340 1538 2401 Huma-

180 2428 340 2492 nissimam
364 2429 441 2490 hanc
465 2427 675 2490 invitationem
695 2431 854 2509 superbum
875 2439 942 2490 erat
959 2424 1166 2501 contemnere,
1192 2448 1360 2509 quanquam
1381 2430 1454 2490 nihil
1474 2429 1539 2508 jam

178 2519 347 2598 scriptione
371 2518 492 2597 dignum
516 2517 646 2579 occurrit
668 2520 745 2599 quod
761 2526 857 2581 artem
881 2527 1016 2580 nostram
1040 2519 1180 2579 attineat.
1219 2517 1265 2578 De
1282 2518 1429 2597 Opticis
1444 2536 1538 2597 quae·

178 2628 238 2690 qua
261 2607 292 2670 in
316 2606 354 2669 iis
387 2604 591 2669 astronomica
622 2615 722 2669 tracto
756 2608 885 2670 nondum
915 2608 1071 2687 respondit
1094 2606 1220 2669 Caesar.
1268 2607 1411 2669 Differtur
1435 2607 1538 2668 editio.

176 2696 305 2760 Interim
330 2716 367 2757 ea
389 2696 470 2776 jam'
485 2706 621 2775 tempora
644 2697 799 2776 ingruunt,
825 2715 900 2776 quae
923 2706 994 2757 ante
1015 2716 1124 2757 aunum
1148 2695 1304 2775 providisti
1324 2700 1415 2768 (comp.
1443 2703 1499 2753 Vnt.
1517 2703 1539 2754 1.

178 2810 206 2860 p.
235 2789 309 2856 653).
359 2784 406 2846 De
430 2784 541 2846 salario
566 2784 652 2863 hujus
676 2785 759 2861 anni,
789 2786 828 2846 ad
857 2786 942 2863 cujus
971 2786 1058 2847 finem
1083 2785 1234 2846 trimestre
1258 2785 1417 2857 estnihil
1443 2785 1539 2846 adhuc

177 2873 295 2955 accepi.
343 2871 401 2936 Sat
424 2880 540 2936 mature
564 2873 715 2947 monuisti,
739 2874 766 2936 si
790 2881 841 2936 sat
863 2876 1003 2953 expedite
1027 2873 1184 2953 providere
1207 2874 1383 2953 potuissem.
1432 2874 1541 2935 Totum

177 2965 262 3027 huno
284 2981 395 3025 annum
417 2963 490 3025 nihil
522 2963 604 3025 alind
632 2982 705 3043 ago,
739 2962 795 3025 nisi
827 2970 861 3026 ut
893 2963 1089 3025 difficultates
1112 2962 1190 3025 istas
1217 2964 1361 3024 molliam.
1409 2964 1540 3025 Uxorem

179 3052 313 3115 nondum
342 3051 441 3132 recepi
450 3071 460 3127 ;
486 3049 627 3113 Casalius
651 3052 701 3113 diu
726 3051 851 3114 Graetio
880 3052 996 3126 abfuit;
1028 3052 1098 3113 nihil
1130 3072 1195 3115 cum
1220 3071 1255 3113 eo
1284 3071 1358 3113 uxor
1381 3071 1457 3126 rusca,
1482 3052 1540 3113 nisi

181 3140 265 3224 quod
287 3140 328 3201 ad
351 3140 449 3220 ipsum
472 3140 590 3221 scripsi.
629 3139 754 3203 Summa
777 3141 1004 3203 deliberationis
1028 3161 1112 3202 meae
1136 3142 1211 3203 haee
1236 3148 1291 3216 est,
1317 3150 1351 3202 ut
1373 3140 1540 3202 ainesare

179 3238 285 3310 petam
309 3240 363 3291 aut
386 3230 615 3291 translationem
639 3230 743 3291 salarii
766 3231 805 3291 ad
829 3228 989 3291 Cameram
1010 3230 1204 3292 bohemicam
1238 3241 1291 3292 ant
1321 3230 1360 3291 ad
1392 3230 1540 3292 aerarium

179 3317 315 3400 Imperii.
361 3320 438 3380 Illud
462 3318 601 3392 infidum,
634 3320 690 3381 hoo
713 3319 856 3381 insolens.
905 3318 1014 3398 Cogito
1039 3320 1130 3380 etde
1163 3320 1305 3381 missione
1328 3328 1360 3379 et
1388 3338 1540 3380 cornrrren-

179 3410 306 3471 datione
330 3408 368 3469 ad
391 3408 675 3485 wirtembergieum
708 3408 915 3488 impetranda:
950 3428 1017 3469 nnm
1042 3408 1070 3471 in
1099 3428 1137 3469 ea
1167 3409 1280 3470 ditione
1309 3408 1380 3469 mihi
1414 3409 1541 3486 paucula

180 3498 263 3560 bona
286 3504 320 3558 et
342 3506 441 3560 mater
464 3506 535 3559 sunt
558 3505 589 3558 et
615 3497 755 3577 princeps
784 3497 939 3560 nutricius.
985 3498 1101 3558 Forsan
1122 3506 1153 3558 et
1176 3498 1286 3558 absens
1319 3498 1438 3558 titulum
1463 3498 1540 3557 leuno

180 3605 248 3648 cnm
272 3586 385 3648 salerio
409 3585 438 3647 in
462 3586 665 3666 profectiones
688 3586 727 3647 ad
757 3586 856 3647 aulam
890 3586 1053 3665 impetrare
1077 3586 1199 3664 possim.
1246 3585 1408 3646 Barnitins
1437 3586 1540 3645 unicus

179 3675 254 3738 mihi
278 3684 312 3737 et
335 3674 414 3737 idern
445 3674 577 3754 optimus
609 3685 755 3754 patronus
779 3683 847 3737 est:
884 3673 1002 3737 Caesar
1031 3675 1122 3735 etiem
1151 3675 1299 3735 interdum
1328 3674 1441 3754 aliquid
1469 3672 1540 3734 mihi

180 3764 310 3827 modat
333 3763 534 3838 scribendum,
559 3783 648 3844 spero
672 3783 720 3825 rue
744 3764 846 3825 horum
871 3763 985 3844 aliquid
1009 3764 1247 3841 impetraturum.

271 3851 393 3932 Rogavi
417 3860 448 3914 et
471 3852 509 3914 D.
529 3853 701 3914 Welserum
725 3854 762 3913 de
786 3853 932 3914 consilio:
957 3853 1005 3932 qui
1030 3852 1090 3913 tuis
1115 3852 1374 3915 exhortationibus
1399 3852 1541 3915 fortassis

178 3942 241 4005 erit
264 3941 432 4005 facundior.
466 3939 597 4015 Quaero,
623 3941 733 4021 siquid
758 3941 868 4004 alicubi
893 3951 990 4015 vacet,
1014 3942 1099 4020 cujus
1122 3943 1238 4003 reditus
1263 3961 1408 4004 summam
1433 3949 1541 4022 aequet

180 4030 412 4113 quingentorum
445 4031 634 4093 florenorum.
681 4031 759 4092 Nam
792 4031 820 4091 in
852 4032 907 4092 hoc
939 4030 1030 4092 cardo
1062 4032 1205 4106 vertitur,
1240 4041 1272 4093 ut
1303 4038 1376 4112 apta
1399 4030 1541 4093 Barwitio

180 4121 237 4182 dat
259 4120 439 4200 propositio.

271 4209 320 4272 Ne
342 4208 432 4289 plane
460 4206 630 4287 jejunarit
660 4207 799 4287 epistola,
832 4207 990 4269 delineabo
1023 4208 1120 4287 ipsum
1144 4230 1178 4269 ro
1206 4211 1343 4270 cariscos
1366 4206 1542 4286 Opticorum

178 4297 475 4362 Astronomicornm.

271 4383 350 4466 Cap.
378 4384 406 4448 1.
452 4385 500 4447 De
524 4393 633 4447 natura
663 4385 749 4454 lucis,
774 4383 823 4446 nbi
848 4384 1066 4446 demonstratio
1095 4393 1230 4447 tentatur
1254 4404 1367 4459 eorum,
1391 4402 1467 4461 quae
1486 4383 1543 4445 alii

178 4476 230 4539 rel
254 4483 413 4538 assumunt
435 4474 484 4535 vel
507 4472 546 4534 ab
570 4473 758 4553 experientia
787 4481 971 4535 mutuantur.
1018 4472 1065 4534 De
1089 4474 1203 4553 origine
1234 4473 1308 4535 lucis
1338 4491 1541 4552 repercussae,

180 4566 344 4639 retractae,
369 4560 624 4626 communicatae:
659 4562 702 4623 sic
732 4562 851 4642 appello
876 4581 954 4637 earn,
991 4581 1048 4641 qua
1078 4564 1170 4624 nubes
1202 4572 1233 4623 et
1264 4562 1397 4642 parietes
1431 4561 1541 4634 lucent,

179 4674 261 4736 quae
285 4652 407 4715 diversa
431 4660 480 4714 est
502 4672 521 4712 a
544 4669 722 4732 repercussu
741 4660 773 4713 et
795 4650 987 4726 refractione,
1013 4650 1070 4712 nisi
1089 4652 1168 4731 quod
1187 4671 1225 4712 ex
1248 4661 1373 4730 utraque
1396 4657 1541 4731 tanquam

182 4761 222 4805 ex
245 4741 406 4806 elementis
429 4740 626 4822 componitur.

273 4829 351 4911 Cap.
377 4828 407 4892 2.
454 4830 502 4891 De
524 4828 702 4908 figuratione
735 4827 810 4889 luois
834 4834 867 4889 et
898 4826 1084 4901 umbrarum,
1116 4826 1166 4888 ubi
1199 4827 1383 4906 geonretrica
1416 4829 1542 4891 demon·

180 4919 292 4984 stratio
327 4919 410 4999 ejus,
446 4918 524 4997 qnod
557 4916 679 4997 eclipsis
715 4914 877 4993 imaginem
904 4914 935 4976 in
964 4915 1082 4995 pariete
1115 4917 1369 4996 conternplarnur3
1399 4925 1432 4979 et
1464 4918 1542 4998 qnod

180 5007 327 5092 quidquid
352 5006 426 5069 foris
450 5009 493 5082 lit,
517 5006 599 5069 intus
622 5007 683 5068 situ
708 5023 813 5067 everso
835 5011 1093 5083 repraesentatur.
