3692 5842
753 492 786 543 m
803 491 870 543 rava
888 492 1043 545 assuens·
1061 491 1107 545 as
1541 490 1608 558 475

253 664 359 745 possit.
406 663 474 737 Quo
499 666 692 729 fundamento
715 667 857 745 subruto,
882 670 983 732 omnia
1006 690 1083 751 quae
1107 678 1315 750 superstructa
1342 678 1426 745 sunt,
1452 669 1609 749 transponi

254 773 377 817 necesse
401 765 458 817 est.

340 844 407 906 Nec
431 845 527 906 ruinus
551 845 796 906 commendabilis
820 855 869 906 est
892 854 945 907 tua
967 848 1196 925 perseverantia
1220 848 1248 908 iu
1272 847 1452 927 indagandis
1476 845 1602 907 circuis·

253 942 348 995 torum
371 932 459 995 Jovis
489 932 631 1012 periodis.
679 934 725 994 De
753 953 965 1013 pene-summo
989 934 1250 1010 existimaveram,
1280 955 1327 997 me
1350 936 1440 1014 paulo
1464 935 1561 995 minus
1585 932 1606 996 8

252 1022 314 1083 dies
334 1021 485 1083 invenisse
507 1021 537 1082 in
562 1022 626 1101 ejus
648 1023 792 1100 periodo:
818 1031 850 1084 at
872 1024 1003 1085 rariores
1027 1024 1255 1085 observationes
1279 1025 1369 1086 habui
1393 1025 1430 1085 ob
1455 1025 1607 1085 oculorum

251 1118 281 1171 et
310 1110 504 1172 instrumenti
538 1111 698 1172 defectum.
746 1112 867 1173 Interim
902 1120 955 1181 tu,
993 1113 1062 1172 dnm
1096 1114 1134 1173 ad
1169 1112 1271 1175 Solem
1303 1113 1458 1193 regulares
1491 1112 1608 1172 invenis

250 1199 370 1260 illorum
384 1207 494 1272 motus,
519 1219 575 1260 nou
591 1200 631 1259 ad
646 1199 778 1273 Terram,
805 1220 861 1280 quo
876 1209 966 1279 pacto
982 1202 1070 1261 nrbes
1095 1202 1227 1280 ipsorum
1246 1202 1309 1280 jarn
1337 1201 1409 1262 lenti
1432 1201 1608 1262 incederent

245 1288 313 1367 jam
338 1287 460 1349 veloces
484 1296 585 1348 stante
609 1288 725 1349 Terra?
771 1287 849 1358 Quid
882 1290 962 1350 aliud
998 1309 1085 1370 quarn
1119 1309 1226 1352 novum
1251 1298 1458 1369 argumentum
1482 1289 1607 1350 exhibes

249 1377 407 1457 physicum
430 1395 485 1456 pro
508 1385 591 1438 motu
615 1377 724 1438 Terrae
753 1386 784 1437 et
817 1378 916 1457 quiete
941 1376 1047 1439 Solis?
1093 1380 1176 1439 Tunc
1209 1380 1286 1440 enim
1319 1379 1464 1439 velocitas
1492 1377 1607 1439 orbium

251 1465 360 1526 eadem
384 1473 528 1546 perpetuo
553 1485 620 1526 esse
643 1473 755 1544 potest.

340 1554 514 1615 Maculas
538 1553 636 1615 Solis
660 1554 729 1614 inde
753 1554 791 1614 ab
816 1573 894 1614 anno
914 1554 1073 1614 observavi
1087 1553 1299 1633 pulcherrime,
1324 1552 1380 1614 nisi
1396 1555 1485 1615 fallor
1500 1555 1605 1615 eodem

252 1661 311 1723 qun
336 1650 369 1703 tu
393 1643 491 1704 modo.
537 1643 603 1704 Nec
626 1643 703 1703 satis
728 1643 827 1703 mirari
854 1660 992 1720 possum,
1017 1663 1085 1722 esse
1110 1644 1256 1715 homines,
1281 1644 1328 1721 qui
1353 1645 1456 1704 oculos
1480 1662 1534 1721 per
1557 1643 1604 1703 iu-

249 1740 453 1794 strumentum
476 1732 508 1793 iu
531 1731 633 1793 Solem
657 1730 753 1809 ipsum
778 1732 909 1808 dirigant
932 1733 1107 1793 continuata
1130 1733 1355 1793 consuetudine.
1388 1763 1429 1774 -
1458 1731 1606 1792 Existimo

248 1840 319 1883 esse
342 1822 490 1899 analogon
515 1820 666 1899 quippiam
689 1819 810 1881 nubium
833 1820 1043 1894 Terrestrium,
1070 1823 1146 1899 quod
1163 1821 1244 1882 Solis
1264 1819 1369 1899 globus
1390 1829 1495 1900 suopte
1519 1831 1606 1880 aestu

248 1918 356 1972 coctus
390 1921 549 1982 excernat,
588 1909 746 1970 materiam
779 1909 854 1969 forte
887 1918 1090 1982 cometarum,
1126 1910 1174 1989 qui
1209 1909 1286 1969 forte
1310 1929 1329 1969 a
1351 1908 1424 1969 Sole
1448 1909 1604 1987 prodeunt.

249 1997 328 2061 Cum
353 2007 453 2061 autem
478 1995 531 2060 30.
550 1998 625 2076 Maji
641 1998 722 2059 Solis
747 1998 871 2075 eclipsin
897 1999 925 2058 iu
950 1998 1027 2058 huuc
1052 1997 1169 2058 modurn
1193 1999 1411 2069 observassem,
1435 1998 1512 2058 urira
1533 1997 1605 2058 mihi

247 2108 299 2150 res
324 2088 445 2161 accidit,
471 2105 547 2167 quae
572 2094 672 2146 tamen
697 2105 753 2147 non
778 2095 863 2147 caret
886 2106 941 2146 sua
965 2086 1229 2147 demonstratione.
1269 2087 1340 2146 Vidi
1355 2087 1430 2146 duos
1450 2086 1605 2146 colliculus

249 2178 280 2239 in
306 2176 442 2238 interiori
476 2175 588 2254 speciei
612 2173 729 2236 Solaris
762 2175 892 2249 circuio,
932 2193 1017 2253 quem
1051 2176 1202 2237 formabat
1225 2175 1313 2235 Luna
1344 2192 1479 2253 corpore.
1527 2173 1606 2236 Sunt

248 2266 344 2346 igitur
367 2266 460 2326 etiam
483 2264 512 2324 iu
537 2263 777 2325 circumferentia
800 2265 904 2325 Lunae
929 2272 1061 2337 montes,
1086 2265 1192 2344 quibus
1217 2282 1306 2342 aegre
1331 2281 1433 2323 carere
1457 2283 1490 2323 se
1515 2261 1602 2324 Gaii-

249 2357 336 2417 laeus
369 2353 448 2416 hand
482 2353 607 2415 obscure
641 2353 872 2430 significaverat.
919 2352 1074 2414 Diameter
1102 2354 1222 2424 Lunae,
1257 2352 1392 2431 quamuis
1424 2353 1606 2413 acutissimis

248 2443 450 2505 existentibus
474 2442 611 2503 cornibus
650 2441 760 2519 speciei
783 2441 899 2503 Solaris
924 2442 1018 2523 (quod
1042 2452 1090 2503 est
1118 2449 1223 2503 contra
1246 2460 1301 2517 ea,
1331 2460 1406 2521 quae
1431 2440 1459 2501 in
1484 2439 1605 2519 Opticis

247 2532 490 2605 demonstrari),
528 2530 670 2610 apparuit
698 2530 782 2609 justo
815 2531 918 2592 minor.
976 2529 1039 2591 Sed
1076 2532 1199 2592 foliacia
1231 2538 1280 2590 est
1310 2549 1363 2590 seu
1403 2529 1606 2608 discrepantia

247 2621 360 2702 speciei
380 2640 434 2700 per
447 2620 677 2682 instrumentum
697 2623 843 2680 formatae
867 2642 886 2680 a
909 2619 1008 2698 specie
1029 2621 1159 2698 genuina
1175 2618 1257 2680 Solis
1279 2620 1308 2679 in
1333 2620 1427 2679 coelo.
1470 2619 1606 2680 Demon-

247 2719 365 2773 stratur
403 2711 458 2770 hoc
491 2727 528 2769 ex
562 2708 796 2770 conformatione
829 2710 1029 2769 instrumenti.
1085 2711 1163 2770 liam
1200 2725 1285 2786 prop.
1322 2706 1394 2769 105.
1434 2707 1628 2785 Dioptrices.

247 2819 336 2862 meae
360 2800 585 2860 demonstratus
604 2805 690 2857 extat
707 2798 814 2859 modus
832 2798 920 2877 hujus
944 2797 1164 2858 observationis
1187 2796 1300 2875 ipsius;
1325 2795 1436 2857 ultimis
1452 2815 1523 2856 vero
1540 2797 1605 2876 ejus

246 2887 463 2970 propositionis
483 2887 601 2948 verbis:
628 2886 813 2960 „exteriores
833 2905 951 2966 semper
968 2886 1055 2964 plus“
1072 2895 1130 2948 etc.
1155 2904 1248 2947 causa
1267 2884 1435 2946 continetur
1455 2885 1603 2959 fallaciae,

246 2979 346 3059 quod,
376 2977 547 3057 priusquam
572 2975 759 3053 experientia
782 2976 850 3055 ipsa
873 2975 1135 3054 deprehenderem,
1161 2975 1248 3036 valde
1272 2992 1337 3035 sum
1366 2974 1513 3049 miratus3
1546 2973 1605 3037 etsi

246 3068 276 3130 iu
300 3065 459 3148 quadratis
483 3072 690 3143 argumentum
714 3072 781 3125 erat
803 3064 1015 3126 certissimum.

337 3154 400 3217 Sed
426 3154 530 3215 desino
555 3162 586 3215 et
617 3170 689 3228 rogo
720 3154 953 3214 dominationem
977 3154 1090 3225 Tuam,
1124 3151 1187 3213 ista
1219 3152 1289 3213 boni
1319 3152 1459 3213 consulat
1490 3152 1604 3232 sibique

246 3245 435 3326 persuadeat
457 3261 513 3322 pro
536 3250 636 3314 certo,
663 3241 736 3302 haec
760 3242 798 3302 ab
822 3242 936 3322 optimo
961 3242 1059 3300 auimo
1083 3241 1221 3319 profecta
1249 3259 1353 3320 meque
1377 3240 1604 3320 paratissimum

245 3334 286 3395 ad
310 3333 412 3394 omnia
435 3339 538 3393 mutua
561 3329 668 3391 officia.

336 3422 417 3483 Vale
441 3428 631 3498 mutuamque
656 3418 818 3479 amicitiam
843 3419 916 3479 cole.
964 3418 1083 3496 Pragae
1106 3436 1137 3477 x.
1153 3418 1230 3478 Nor.
1256 3417 1284 3478 in
1308 3415 1464 3497 procinctu
1487 3418 1602 3481 reditus

245 3510 385 3573 Lincium
410 3528 489 3571 anno
515 3503 609 3571 1612.
873 3594 902 3654 H
940 3594 965 3654 Τ

1138 3679 1227 3742 Offic.
1251 3681 1305 3743 Jo.
1329 3681 1497 3765 Keplerus.

336 3830 438 3888 Pauca,
463 3844 528 3895 quae
552 3828 583 3879 de
602 3824 804 3890 Ephemeridibus
830 3839 885 3874 curn
903 3821 1007 3889 Magius
1033 3822 1135 3874 edendis
1154 3822 1192 3873 his
1218 3823 1314 3875 addidit
1331 3824 1467 3889 Keplerus,
1492 3826 1607 3894 leguntur

245 3906 271 3956 iu
290 3903 433 3954 Commsut.
454 3900 484 3951 de
502 3900 609 3950 motibus
626 3896 722 3946 Martis.

336 3974 463 4025 Marius
489 3972 616 4036 respondit
633 3969 657 4017 d.
676 3965 718 4016 26.
739 3968 803 4031 Aug·
832 3962 919 4022 1613,
947 3966 1087 4031 gratissime
1116 3966 1241 4029 accipiens
1268 3967 1370 4033 Keplsri
1398 3972 1604 4035 explanationem.

222 4050 226 4059 '
245 4048 359 4098 liscum
377 4061 417 4103 se,
436 4044 501 4108 quod
518 4059 569 4094 neu
587 4055 631 4106 per
649 4041 733 4089 omnis
752 4039 784 4088 sd
801 4037 904 4101 Kepleri
921 4038 1006 4087 literas
1030 4037 1193 4100 respoudeat,
1213 4053 1312 4096 „rerum
1330 4042 1389 4093 illae
1407 4056 1424 4092 s
1441 4060 1493 4104 me,
1517 4047 1605 4110 inquit,

245 4127 305 4169 sunt
324 4118 389 4168 adso
406 4116 471 4166 bene
501 4115 650 4168 custoditae,
678 4116 706 4160 ut
725 4123 768 4160 eas
784 4112 837 4171 jam
862 4111 969 4173 reperire
995 4122 1125 4172 nequeam.
1162 4108 1219 4158 Non
1240 4119 1299 4161 sunt
1317 4114 1423 4164 amissae
1441 4117 1486 4166 sed
1504 4120 1607 4168 seorsim

244 4189 367 4255 singulari
385 4187 466 4237 studio
484 4189 624 4251 sepositae.
652 4196 683 4232 ne
702 4183 767 4231 iuter
784 4180 890 4243 reliquas
913 4180 999 4228 literas
1026 4179 1130 4229 forsitan
1158 4182 1337 4233 emitterentur.
1375 4184 1501 4245 Quantum
1510 4197 1605 4241 ,autem

244 4260 375 4317 recordor,
401 4259 467 4322 prior
483 4264 510 4307 et
527 4259 636 4307 maxima
659 4266 716 4316 pars
739 4252 836 4300 illarum
865 4252 976 4300 continet
1003 4250 1188 4300 exeusationem
1208 4258 1233 4301 et
1252 4255 1440 4318 explicationem
1467 4258 1605 4309 uberiorem

245 4347 339 4394 sorum,
357 4341 423 4395 quas
441 4329 474 4379 sd
492 4330 629 4393 marginem
647 4324 672 4372 iu
691 4330 736 4372 tus
754 4322 880 4385 Dioptrice
899 4327 971 4371 erant
990 4321 1110 4384 apposita.
1148 4323 1286 4386 Aequiesco
1305 4328 1410 4375 sanein
1429 4326 1485 4387 illis,
1504 4342 1569 4393 quae
1588 4343 1605 4379 s

243 4410 272 4453 ts
283 4409 344 4452 sunt
357 4401 462 4451 allata.u
489 4399 562 4461 Quae
580 4398 756 4461 reliquerunt,
776 4393 866 4442 nulllus
878 4399 937 4442 suut
954 4393 1081 4449 momenti,
1100 4392 1217 4456 leguntur
1235 4397 1300 4460 spud
1313 4396 1467 4447 Hauschium
1478 4414 1502 4462 p.
1517 4397 1569 4449 553
1582 4414 1602 4450 s.

243 4474 300 4524 Hoc
318 4479 419 4523 tautum
431 4478 555 4527 nutamus.
567 4470 676 4519 Marium
688 4468 807 4515 memoria
821 4465 874 4512 falli
892 4464 1050 4519 scribentem,
1069 4463 1154 4511 literas
1167 4464 1231 4523 illas,
1250 4482 1312 4530 quas
1324 4468 1447 4531 Keplerus
1459 4469 1604 4534 Dicptrieae

243 4543 361 4611 praefixit
379 4542 413 4606 (r.
433 4558 451 4592 s.
474 4558 530 4608 pag.
552 4538 626 4600 167),
646 4539 719 4588 datas
737 4551 791 4585 esse
811 4536 843 4585 ad
857 4534 998 4592 Odontium,
1019 4549 1075 4584 cum
1089 4532 1223 4584 Viekenius
1243 4552 1355 4601 expresse
1373 4541 1474 4599 scribat,
1494 4540 1605 4602 ,Marius

243 4615 323 4667 milri
348 4614 499 4680 καρπῶν
520 4612 676 4664 concludens
702 4621 770 4672 spem
788 4606 834 4655 sibi
862 4605 980 4670 edixlgcre
1009 4605 1083 4660 dicit,
1107 4604 1242 4667 Keplerum
1268 4607 1473 4675 Norimbergam,
1500 4627 1547 4679 quo
1573 4614 1604 4663 ob

243 4695 343 4753 pestem
360 4686 516 4737 listisbonae
534 4691 691 4753 grusancem
719 4678 820 4728 comitia
846 4676 1019 4726 transferenda
1047 4677 1112 4735 sint,
1141 4684 1271 4728 venturum
1296 4686 1322 4731 et
1344 4695 1372 4731 ss
1399 4682 1449 4733 illle
1467 4685 1604 4748 Keplernur

243 4760 285 4809 rel
310 4758 380 4810 hunc
404 4758 484 4821 ipsum
502 4758 625 4809 Ouoldise
651 4751 813 4804 visitaturum.
850 4748 923 4799 Haec
941 4763 997 4812 spes
1015 4747 1112 4811 quidem
1130 4747 1212 4799 inanis
1230 4751 1284 4808 fuit,
1301 4751 1456 4805 Ratisbouss
1474 4769 1530 4805 reru
1547 4771 1604 4805 cum

242 4830 356 4895 Keplero
381 4831 497 4879 convenit
515 4828 628 4892 (Octobri
653 4824 713 4879 anni
733 4818 827 4882 1⁸¹3).
855 4827 883 4870 111
905 4821 958 4883 ipse
977 4818 1071 4868 Marius
1098 4818 1174 4867 refert
1198 4823 1224 4871 in
1248 4822 1343 4873 Mundo
1360 4823 1458 4875 Jorlsii.
1497 4826 1604 4877 Posthac

243 4916 303 4952 mo
328 4900 398 4951 nulla
424 4900 563 4950 intercessit
588 4893 740 4951 consuetudo
763 4892 828 4941 inter
850 4898 995 4955 utrumque,
1024 4904 1056 4939 ue
1074 4903 1119 4952 per
1140 4888 1225 4942 literas
1248 4893 1363 4959 quidem3
1391 4910 1481 4947 nomen
1505 4896 1604 4962 quidem

243 4969 321 5023 m
338 4970 446 5022 omre
462 4971 488 5019 tn
501 4969 604 5035 Kaprai
622 4964 717 5032 seriptis
736 4977 825 5011 rarum.
857 4962 887 5011 In
908 4957 1142 5023 ¹,Ephemeridibus“
1162 4965 1222 5013 annl
1237 4961 1312 5015 1817.
1325 4963 1392 5029 (ride
1409 4964 1496 5030 infra).
1514 4967 1604 5019 deiude

242 5041 272 5095 h
289 5039 438 5108 m·
457 5040 562 5106 sanique
579 5041 606 5091 ln
624 5033 729 5107 warois
746 5034 771 5083 d.
790 5030 832 5080 ³1.
851 5034 918 5098 Aug.
941 5027 1008 5082 titi
1027 5031 1060 5084 sd
1077 5030 1102 5083 J.
1121 5028 1254 5087 Remum
1271 5034 1333 5088 dats
1349 5034 1398 5089 lsec
1414 5037 1463 5090 lert
1480 5037 1605 5106 Keplerus
