3692 5842
349 485 410 554 l98
489 466 492 476 Ι
812 490 1004 553 Paralipomena
1023 492 1048 541 in
1067 491 1234 542 Vitellionem.
1312 479 1318 488 “

345 664 599 741 evidentissimae,
626 666 859 745 promtissimmu
883 674 933 728 est
955 670 1103 748 experiri:
1129 669 1157 730 in
1183 676 1253 731 a'e're
1273 665 1374 748 Tycho
1392 665 1531 729 Braheos
1554 669 1704 746 expertus

345 763 408 829 est,
437 755 569 815 inventis
598 755 705 816 iisdem
736 757 969 819 retractionibus
993 758 1075 820 Solis
1104 766 1136 819 et
1159 759 1278 830 Lunae,
1310 775 1431 835 quorum
1462 756 1513 818 ille
1541 753 1705 836 rigecuplo

345 844 432 923 hnjus
455 844 553 904 abest.
602 844 772 915 (Retractio
801 846 917 906 Lunam
947 848 1054 908 stellae
1079 867 1137 909 non
1166 847 1357 927 conjunctam
1384 842 1648 924 repraesentabit,
1677 843 1705 904 si

344 932 421 995 citra
443 932 655 993 retractionem
684 933 851 1011 disjunctae
881 936 1001 996 luerunt
1028 936 1249 1015 appariturae.)
1295 933 1342 995 nc
1374 933 1433 995 etsi
1456 934 1486 995 in
1519 932 1588 994 finis
1622 949 1705 1012 pan-

344 1021 413 1082 cula
436 1021 552 1081 minuta
575 1023 699 1090 desunt,
728 1042 849 1083 causam
874 1030 973 1084 tamen
1004 1044 1089 1086 nemo
1120 1044 1212 1086 sanus
1236 1025 1265 1085 in
1294 1021 1471 1084 distantiam
1496 1039 1601 1083 earum
1625 1037 1705 1082 eon-

342 1109 460 1190 jecerit,
486 1110 534 1187 qui
558 1110 759 1189 perpenderit,
785 1112 851 1172 fixis
871 1120 902 1173 et
920 1113 1062 1189 planetis,
1089 1132 1211 1194 quorum
1236 1111 1328 1192 aliqui
1344 1111 1416 1173 Sole
1439 1105 1602 1191 propiores
1619 1117 1705 1180 sont,

345 1221 364 1260 a
396 1198 537 1279 Tychone
575 1200 697 1260 easdem
736 1200 854 1261 ascribi.
913 1200 1044 1263 Causam
1084 1203 1175 1280 igitur
1212 1201 1300 1280 hujus
1337 1199 1380 1262 rei
1417 1199 1496 1261 intra
1533 1197 1706 1260 ventilabo.

345 1288 473 1348 Frustra
505 1286 596 1363 igitur
629 1297 676 1348 est
705 1288 954 1364 Rothomanuus,
989 1292 1082 1352 Tomo
1116 1289 1141 1352 l.
1193 1290 1397 1370 Epistularum
1431 1285 1707 1350 astronomicarum

345 1374 496 1455 Tyehonis
521 1376 570 1437 tol.
600 1372 671 1437 tat.
698 1377 886 1452 existimans,
913 1379 970 1439 nisi
995 1399 1087 1440 eausa
1110 1378 1299 1441 retractionis
1324 1378 1351 1438 in
1376 1378 1532 1439 tortoitum
1556 1393 1708 1456 vaporem

346 1461 533 1540 conjiciatur,
559 1465 609 1543 qui
634 1464 795 1526 verticibus
820 1467 1043 1529 observantium
1062 1488 1120 1529 non
1145 1466 1397 1545 superimmineat,
1422 1466 1485 1527 tore
1505 1473 1539 1527 ut
1561 1465 1708 1527 diversae

344 1551 471 1611 fixarum
503 1550 616 1613 aSole
649 1562 679 1614 et
707 1554 838 1631 planetis
867 1556 1045 1635 contingant
1074 1555 1282 1618 retractiones.
1329 1555 1371 1617 Et
1398 1554 1536 1635 quamvis
1563 1551 1709 1614 Braheus

345 1638 375 1700 in
400 1639 679 1719 Progymnasrnatis
704 1643 754 1703 tol.
780 1640 855 1705 280.
881 1645 986 1705 Lunae
1010 1645 1206 1707 retractiones
1230 1644 1400 1723 suspicatus
1423 1651 1473 1704 est
1501 1643 1636 1722 majores
1666 1641 1709 1701 ob

345 1726 555 1800 vicinitatem,
590 1737 689 1791 tamen
722 1733 771 1791 tol.
801 1728 870 1794 tet.
903 1753 979 1812 quae
1008 1735 1158 1815 posterius
1182 1734 1319 1813 scripsit,
1343 1731 1558 1802 retractiones,
1582 1739 1619 1791 ut
1638 1729 1709 1808 jam

347 1816 419 1890 dixi,
444 1816 565 1876 easdem
590 1837 656 1878 cum
680 1819 836 1881 Solaribus
860 1821 983 1883 invenit.

432 1904 652 1983 Propositio
691 1908 730 1968 V.
790 1909 1058 1972 Retractiones
1099 1917 1274 1971 crescunt
1315 1909 1419 1970 cirea
1461 1908 1708 1970 horizontem

344 1992 619 2073 praecipitatis
658 1995 967 2059 incrementorum
1004 2000 1326 2080 proportionibus.
1388 1996 1468 2068 Quia
1506 1994 1585 2058 enirn
1626 1995 1708 2056 dnae

344 2100 455 2143 causae
487 2082 569 2142 solae
601 2095 795 2160 concurrunt,
828 2088 919 2148 tertia
944 2090 1013 2167 (per
1035 2088 1248 2167 praemissam)
1277 2088 1359 2148 nulla
1387 2093 1444 2147 est.
1492 2085 1574 2162 Ergo
1605 2084 1710 2145 altera

344 2178 508 2231 causaest
531 2171 775 2235 inclinationibus
799 2177 1043 2254 proportionalis,
1069 2177 1167 2237 altera
1190 2175 1301 2238 crescit
1323 2194 1390 2236 cunr
1414 2173 1589 2236 secantibus
1615 2171 1708 2234 incli-

306 2297 311 2304 -
345 2257 511 2318 nationum.
559 2259 638 2320 Nam
672 2262 742 2340 quia
774 2282 864 2343 supra
892 2265 981 2325 BLM
1014 2276 1114 2327 rectus
1147 2273 1179 2326 ut
1207 2273 1240 2325 et
1268 2262 1368 2336 BOA,
1402 2271 1434 2324 et
1462 2262 1552 2324 LBM
1582 2260 1709 2340 utrique

345 2344 497 2423 triangulo
527 2350 708 2422 eommunis,
737 2361 823 2414 erunt
854 2352 964 2414 similia
987 2354 1152 2433 triangula,
1182 2373 1252 2434 ergo
1277 2362 1310 2414 ut
1334 2351 1391 2414 CA
1414 2352 1452 2413 ad
1478 2351 1549 2425 AB,
1573 2350 1619 2412 sie
1645 2349 1709 2412 ΒΜ

345 2433 385 2494 ad
408 2434 489 2508 ΜΒ;
513 2436 567 2496 sed
591 2438 647 2498 AB
671 2447 743 2499 eunt
765 2450 906 2502 secantes
935 2442 1160 2504 inclinationum
1184 2441 1284 2516 ABG,
1310 2441 1358 2521 qui
1383 2441 1412 2501 in
1437 2441 1495 2501 fine
1524 2437 1709 2521 quadrantis

345 2521 446 2582 subito
479 2534 635 2597 creseunt,
668 2546 739 2607 ergo
769 2537 801 2589 et
822 2529 891 2591 ΒΜ.
938 2533 983 2592 At
1006 2532 1035 2592 in
1059 2530 1120 2591 ΒΜ
1147 2532 1184 2591 ad
1216 2532 1276 2592 ML
1309 2529 1502 2610 proportione
1532 2526 1579 2589 vel
1616 2526 1708 2608 qnasi

345 2608 474 2672 diximus
511 2613 709 2676 retractiones
737 2636 886 2694 crescere,
922 2629 1134 2698 praeterquam
1165 2620 1242 2700 quod
1267 2617 1536 2697 proportionaliter
1564 2625 1711 2677 crescunt

345 2699 422 2782 ipsis
447 2699 700 2776 inclinationibus,
726 2715 865 2767 crescunt
890 2708 981 2786 igitur
1004 2717 1035 2767 et
1059 2707 1256 2769 retractiones
1280 2706 1391 2767 subito.

436 2789 657 2868 Propositio
682 2792 737 2854 Vl.
777 2793 852 2856 Curn
876 2805 976 2857 autern
1001 2797 1061 2857 ΒΜ
1085 2797 1114 2856 in
1139 2795 1250 2874 duplici
1271 2797 1311 2856 sit
1336 2793 1590 2865 consideratione,
1615 2801 1709 2870 prout

346 2897 412 2941 curn
438 2875 531 2937 radiis
565 2880 776 2942 retractionem
809 2883 910 2961 passis
939 2886 1040 2947 celin
1074 2883 1177 2945 rariori
1206 2885 1254 2945 rel
1279 2884 1307 2944 in
1333 2882 1463 2944 densiori
1497 2879 1597 2943 rnedio
1628 2879 1709 2942 alios

346 2975 436 3047 atque
462 2966 537 3026 alios
561 2968 688 3047 angulos
713 2971 796 3044 tacit,
821 2972 974 3034 sciendum
999 2973 1104 3052 igitur,
1136 2991 1255 3034 eorum
1285 2972 1506 3050 angulorum
1535 2968 1708 3031 inciden-

345 3055 422 3117 tiae
451 3064 626 3116 secantes
656 3076 881 3121 concnrrere
906 3063 949 3123 ad
980 3080 1183 3122 mensuram
1214 3060 1502 3132 retractionurn,
1533 3057 1597 3137 qui
1622 3076 1709 3118 con·

346 3142 561 3205 stituuntur
584 3145 625 3205 ad
651 3149 891 3225 supertieienr
915 3150 949 3210 in
975 3150 1091 3211 medio
1117 3150 1292 3211 densiori.
1331 3149 1367 3209 Id
1388 3149 1426 3209 ab
1451 3146 1583 3207 absurdo
1607 3153 1709 3225 patet.

347 3231 424 3295 Cum
448 3231 527 3292 enirn
556 3250 663 3295 secans
694 3236 775 3296 cirea
808 3238 993 3299 horizontem
1018 3240 1070 3299 liat
1099 3238 1244 3310 infinitus,
1280 3239 1304 3298 si
1333 3237 1544 3298 consideretur
1576 3233 1711 3295 medinm

346 3320 461 3392 rarius,
487 3328 642 3398 oporteret
667 3324 804 3385 ellectum
830 3327 896 3403 ejus
920 3346 1036 3406 qnoque
1061 3328 1205 3387 inlinitum
1229 3346 1296 3387 esse
1318 3335 1349 3388 et
1372 3343 1476 3385 omnes
1500 3321 1711 3383 horizontalea

346 3408 534 3471 radiationes
560 3408 673 3471 infinito
702 3412 812 3491 angulo
842 3416 974 3493 retringi.
1023 3415 1110 3485 Quod
1140 3416 1300 3476 absurdum
1326 3425 1373 3475 est
1402 3414 1492 3473 dictu.
1540 3412 1611 3472 Non
1636 3427 1712 3488 ergo

347 3505 489 3559 secantes
522 3498 697 3576 angulorum
721 3501 749 3560 iu
779 3504 876 3563 medio
909 3505 1013 3564 rariori
1045 3513 1114 3563 snut
1145 3504 1307 3564 adhibendi
1338 3504 1403 3563 loco
1436 3519 1615 3572 rnensurae,
1650 3517 1712 3559 non

348 3587 466 3649 seilicet
490 3587 644 3664 proportio
669 3590 729 3650 ΒΜ
754 3591 791 3650 ad
817 3592 892 3664 ML,
918 3593 971 3652 sed
1003 3593 1154 3671 proportio
1178 3592 1238 3651 ΒΜ
1263 3593 1301 3652 ad
1326 3592 1392 3652 BR.
1441 3591 1625 3662 Praeterea,
1650 3587 1713 3648 etsi

346 3685 464 3738 tantum
497 3684 598 3735 rectus
632 3677 748 3756 integer
782 3687 854 3750 (non
889 3681 971 3759 plus)
1005 3700 1058 3759 per
1091 3689 1244 3741 secantem
1279 3680 1424 3740 inlinitum
1461 3678 1713 3740 constitueretur.

348 3764 452 3825 unicus
476 3762 578 3822 radius
602 3784 638 3823 ex
663 3787 759 3845 aquae
789 3770 836 3828 ret
866 3771 1065 3848 cujuscunque
1096 3769 1183 3828 medii
1215 3769 1363 3847 profundo
1394 3765 1658 3846 perpendicularis
1680 3765 1714 3826 in

349 3852 467 3912 unicum
499 3852 666 3929 superficiei
700 3865 840 3933 punctum
871 3876 1012 3935 egressus
1045 3865 1239 3936 spargeretur
1263 3857 1292 3917 in
1321 3857 1415 3918 libero
1447 3861 1518 3916 atre
1548 3856 1578 3915 in
1609 3853 1712 3916 herni-

348 3938 521 4018 splraeriunr
556 3957 651 4002 omne.
699 3943 777 4003 Nam
811 3945 888 4006 idern
920 3947 979 4006 iter
1007 3953 1054 4005 est
1086 3946 1267 4023 ingredienti
1298 3953 1329 4005 et
1362 3942 1540 4022 egredienti.
1590 3944 1637 4005 Aa
1664 3941 1714 4004 hic

348 4026 546 4105 ingredientis
563 4026 620 4086 duo
641 4040 821 4106 ponerentur
836 4034 953 4109 itinera,
979 4035 1106 4095 alterum
1123 4034 1367 4113 aperpendiculo
1382 4034 1511 4093 alterum
1529 4030 1714 4110 parallelum

349 4116 516 4194 superficiei
541 4135 647 4194 aquae,
674 4117 761 4198 idque
786 4120 989 4183 circumcirca.
1031 4123 1064 4182 Iu
1090 4122 1218 4198 genuina
1242 4122 1330 4199 hujus
1354 4122 1397 4181 rei
1422 4139 1517 4182 eausa
1541 4119 1659 4182 directe
1682 4131 1716 4179 et

348 4225 368 4265 a
390 4204 481 4283 priori
507 4206 744 4268 demonstranda
768 4209 888 4272 haereo.
936 4213 1051 4273 Forsan
1076 4211 1148 4270 haec
1173 4218 1234 4284 est,
1265 4210 1342 4289 quod
1368 4229 1434 4270 curn
1463 4208 1569 4288 anguli
1593 4208 1714 4270 retrac-

350 4291 441 4353 tionis
466 4294 578 4352 sintin
604 4294 700 4356 densa
729 4298 883 4376 superlicio
912 4307 943 4359 et
971 4318 1063 4359 causa
1092 4315 1206 4376 quoque
1236 4298 1383 4359 resistens
1412 4297 1594 4377 dispersioni
1624 4295 1713 4366 lucis,

351 4400 519 4441 mensuram
546 4403 662 4461 quoque
686 4403 742 4462 par
766 4386 808 4445 sit
831 4385 910 4448 intus
935 4406 1087 4467 quaerere.
1133 4395 1308 4459 lanugine:
1331 4397 1383 4450 Dic
1404 4397 1503 4467 quibus
1519 4396 1547 4449 in
1569 4397 1663 4460 terris,
1684 4407 1714 4447 er

350 4472 405 4524 eris
426 4472 491 4523 mihi
513 4488 631 4542 maguus
654 4475 826 4541 Apollonius.

441 4558 662 4637 l‘ropositio
690 4560 759 4621 Vll.
810 4564 847 4622 ln
881 4565 999 4623 medio
1033 4562 1259 4623 densissimo
1292 4583 1418 4623 omnes
1453 4561 1715 4624 retractiones

352 4643 446 4704 tinnt
470 4647 512 4705 ad
537 4647 639 4724 ipsas
663 4650 1013 4726 perpendiculares,
1039 4661 1199 4728 siluitque
1230 4645 1413 4729 aequales
1438 4648 1714 4713 inclinationi·

352 4732 429 4792 bus.
479 4736 517 4794 lu
543 4735 679 4795 mediis
703 4738 818 4796 minus
847 4739 988 4811 densis,
1019 4759 1111 4818 quae
1137 4739 1311 4799 minorem
1341 4739 1477 4800 habent
1505 4737 1715 4800 retractio·

353 4837 444 4893 nem,
482 4822 600 4901 magis
642 4825 900 4903 praecipitant
940 4827 1042 4887 illam
1081 4845 1209 4886 rersus
1248 4828 1475 4890 horizontem
1513 4833 1550 4888 et
1590 4825 1716 4887 serius

354 4905 541 4988 incipiunt
565 4911 710 4973 sentiri.
749 4912 828 4975 Nam
852 4932 967 4975 surrrma
990 4914 1124 4976 densitas
1148 4915 1266 4976 ratione
1291 4917 1448 4978 infinitatis
1472 4937 1546 4977 suae
1571 4922 1716 4976 causatur
