3692 5842
814 471 845 527 de
864 473 944 528 Stella
960 473 1042 526 Nora.
1543 475 1609 544 585

337 647 435 729 Atqui
458 668 517 710 non
541 657 659 714 tantum
691 651 821 714 ecclesia
853 654 881 714 in
916 671 1042 731 genere,
1075 651 1129 712 sed
1163 651 1254 714 etiam
1284 652 1312 714 in
1346 653 1447 732 specie
1470 653 1610 719 Romana

244 737 380 800 ecclesia
402 757 420 798 a
444 739 528 799 coelo
553 740 739 817 significatur
761 760 798 801 ex
821 741 962 802 instituto
982 740 1056 813 Dei,
1081 742 1211 802 volentis
1236 742 1314 821 loqui
1338 761 1406 804 cum
1429 742 1609 807 hominibus.

242 825 369 890 Etenim
396 826 421 888 si
446 826 503 888 boc
525 828 724 907 probabiliter
756 831 901 903 concessi,
928 848 985 889 non
1011 848 1078 889 esso
1103 830 1280 903 absurdum,
1306 841 1340 891 ut
1363 831 1502 912 loquatur
1526 833 1608 894 Deus

243 933 313 977 cum
356 924 446 993 gente
485 917 703 994 astrologorum
746 917 866 978 minime
906 935 1084 992 numerosa,
1127 927 1159 978 et
1201 920 1328 980 formare
1364 939 1420 981 sua
1449 920 1541 982 verba
1571 940 1609 982 ex

243 1003 403 1084 principiis
427 1004 610 1084 astrologiae
633 1005 773 1086 propriis,
799 1006 869 1067 licet
885 1025 990 1086 parum
1005 1007 1108 1078 certis,
1132 1008 1226 1067 multo
1246 1008 1343 1070 minus
1363 1008 1421 1070 erit
1435 1007 1605 1085 absurdum,

243 1091 451 1174 inquilieum
474 1091 586 1171 aliquid
609 1112 664 1172 per
689 1094 776 1173 signa
798 1095 946 1157 coelestia
979 1113 1044 1155 curn
1074 1114 1174 1156 eorum
1198 1105 1307 1173 gente,
1339 1097 1388 1176 qui
1411 1095 1526 1158 Romae
1551 1116 1607 1158 vo·

243 1181 386 1243 cabulnm
409 1199 603 1261 peromnem
627 1182 773 1246 ecclesiae
798 1184 966 1245 catholicae
990 1183 1214 1262 arnplitudinern
1244 1186 1426 1258 extendunt;
1458 1194 1507 1246 est
1529 1186 1608 1247 enim

242 1268 345 1330 hodia·
362 1268 608 1331 numerosissima
631 1271 765 1351 adeoque
789 1273 948 1351 potissima
969 1290 1042 1352 pars
1066 1272 1146 1333 orbis
1174 1273 1351 1335 Terrarum:
1382 1282 1412 1335 et
1436 1274 1515 1354 loqui
1539 1274 1606 1354 qui-

243 1355 316 1419 dem
340 1357 379 1418 ad
403 1376 505 1419 eorum
529 1368 650 1438 captum
675 1379 712 1421 ex
735 1361 798 1421 suis
821 1361 986 1441 principiis.
1024 1361 1131 1439 Itaque
1147 1361 1193 1422 his
1213 1362 1302 1436 datis,
1329 1362 1494 1443 quaemihi
1517 1363 1607 1443 plane

242 1455 319 1510 eunt
352 1446 543 1522 verisimilia,
574 1448 691 1529 siquis
722 1468 759 1509 ex
783 1470 829 1511 me
858 1457 1000 1530 quaerat,
1028 1449 1163 1526 possitne
1197 1451 1302 1512 melior
1333 1450 1449 1512 institui
1482 1470 1607 1531 compa-

242 1535 327 1597 ratio
350 1554 449 1596 rernm
472 1537 647 1598 coelestium
672 1556 737 1598 cum
761 1540 849 1600 rebus
874 1538 1032 1611 ecclesiae,
1056 1538 1233 1617 praesertim
1258 1540 1419 1600 hodiernae
1433 1539 1606 1602 Romanae:

243 1623 368 1704 omnino
390 1643 552 1704 negavero.

339 1710 435 1792 lgitur
458 1714 567 1775 stellae
591 1714 668 1776 fixae
693 1714 863 1793 significant
887 1714 1059 1794 episcopm,
1093 1715 1235 1795 planetae
1260 1723 1468 1791 sacramenta,
1494 1714 1605 1779 Satur-

245 1821 306 1864 nus
330 1813 499 1864 extremam
522 1803 707 1877 unctionem,
731 1803 852 1881 Jupiter
876 1803 1105 1876 eucharistiam,
1135 1804 1219 1864 Mars
1248 1804 1513 1867 confirmationem.
1559 1807 1607 1867 Ex

244 1890 297 1951 his
320 1891 475 1969 principiis
499 1892 651 1971 seqnitur,
684 1911 791 1953 novam
815 1893 936 1952 stellam
961 1892 1075 1970 (posito
1100 1891 1178 1971 quod
1202 1911 1259 1953 non
1284 1902 1439 1966 naturam,
1471 1895 1525 1955 sed
1549 1895 1607 1955 Dei

246 1978 408 2040 arbitrium
431 1997 486 2058 pro
510 1999 603 2041 cansa
625 1981 753 2054 haheat)
785 1980 955 2059 significare
988 1999 1094 2040 novum
1124 1988 1156 2041 et
1183 1982 1453 2043 extraordinarium
1487 1983 1605 2062 episco-

244 2086 319 2147 pum
344 2068 518 2148 etquidem
548 2070 717 2147 generalem
747 2069 895 2149 aliquem,
928 2069 998 2147 quia
1030 2070 1121 2129 stella
1150 2070 1206 2132 fuit
1229 2070 1368 2133 maxima.
1416 2069 1606 2151 Congressus

246 2156 341 2219 trium
365 2156 556 2236 planetarum
576 2157 606 2218 in
621 2157 687 2220 loco
710 2158 818 2224 stellae
835 2158 993 2237 significat,
1019 2158 1176 2220 materiam
1196 2158 1350 2220 doctrinae
1367 2179 1421 2222 seu
1436 2160 1609 2236 haereseos,-

248 2243 391 2307 nimirum
416 2246 453 2306 de
477 2257 614 2307 extrema
637 2247 785 2315 unctione,
811 2246 1004 2317 eucharistia,
1028 2246 1269 2319 confirmatione,
1299 2249 1368 2310 novi
1393 2252 1462 2330 quid
1488 2252 1605 2324 afferre,
1690 2252 1694 2259 '

244 2344 304 2396 ant
325 2332 364 2394 do
387 2334 477 2396 rebus
502 2336 540 2396 ad
563 2336 625 2396 ista
648 2343 840 2396 sacramenta
870 2335 1089 2415 spectantibus.
1135 2335 1177 2397 Et
1206 2335 1276 2416 quia
1303 2337 1332 2397 in
1366 2339 1522 2417 ecliptica,
1557 2339 1607 2401 via

244 2421 351 2502 regia,
386 2421 445 2485 erit
474 2422 565 2503 igitur
597 2424 645 2486 hic
678 2443 772 2486 nervus
795 2424 909 2485 Doctor
942 2442 995 2485 seu
1026 2423 1198 2486 haereticus
1228 2424 1259 2486 in
1291 2424 1442 2489 ordinaria
1474 2428 1546 2490 sede
1576 2428 1606 2491 in

244 2509 389 2587 ecclesia,
414 2512 444 2574 in
469 2512 659 2588 successione
683 2512 861 2591 apostolica.
899 2511 1036 2592 Denique
1060 2532 1165 2592 parum
1188 2512 1276 2576 abest
1300 2514 1368 2596 quin
1383 2516 1607 2578 Anticlnistum

245 2600 401 2680 significet
424 2621 461 2662 ex
484 2599 532 2663 bis
553 2602 719 2681 principiis.
764 2602 807 2662 Et
831 2602 900 2681 quia
923 2602 1048 2679 pulchra
1075 2603 1182 2677 stella,
1214 2604 1351 2683 speciose
1383 2603 1474 2684 igitur
1499 2606 1603 2684 loque-

243 2700 307 2763 tur,
333 2691 388 2751 sed
413 2689 483 2771 quia
506 2689 588 2751 breti
613 2689 743 2760 evanuit,
769 2700 930 2750 evanescet
954 2698 985 2751 et
1009 2691 1093 2752 haec.
1140 2692 1233 2753 Porro
1261 2692 1348 2752 video
1376 2711 1414 2753 ex
1442 2693 1497 2753 hac
1531 2712 1602 2773 spe·

243 2778 400 2842 culatione
432 2777 645 2840 meditationes
675 2779 719 2840 M.
744 2778 779 2840 Τ.
805 2778 982 2860 quibusdam
1015 2779 1090 2840 nreis
1124 2778 1251 2861 quaein
1283 2775 1336 2842 30.
1362 2779 1460 2862 capite
1495 2782 1602 2859 insunt,

242 2868 355 2932 affines
380 2886 459 2929 esse.
507 2867 622 2929 Stellas
646 2888 701 2946 ego
725 2866 898 2946 comparavi
922 2868 1064 2942 urbibus,
1098 2877 1130 2929 tu
1163 2865 1299 2930 ecclesiis
1322 2870 1370 2931 vel
1394 2889 1496 2932 tearum
1520 2869 1602 2951 epis-

242 2955 342 3036 copie.
380 2956 487 3037 ltaque
511 2958 582 3037 qnia
604 2956 772 3036 speculatio
796 2956 895 3036 coepit
916 2957 1084 3029 vaticinari,
1110 2959 1189 3037 quod
1213 2958 1302 3019 desiit
1325 2957 1354 3019 in
1385 2959 1449 3037 ipso
1471 2960 1602 3035 exordio,

245 3054 396 3109 contenta
419 3047 474 3108 lroc
499 3047 664 3126 praeludio,
690 3063 745 3124 ego
761 3045 880 3106 fabulae
894 3047 1120 3107 convenientem
1137 3046 1317 3126 subjungere
1341 3047 1421 3107 volui
1446 3050 1604 3128 epilogum.
1690 3105 1698 3114 .

242 3135 328 3199 Nam
351 3136 489 3216 proiecto
514 3155 572 3196 non
605 3144 653 3196 est
681 3135 742 3195 alia
773 3151 904 3195 mearum
936 3135 1173 3214 praedictionum
1197 3135 1373 3211 methodus,
1412 3156 1499 3217 quam
1532 3137 1607 3199 haec

243 3224 325 3305 ipsa,
350 3242 411 3304 qua
433 3243 489 3285 usa
513 3232 562 3285 est
585 3225 764 3303 speculatio.
810 3224 839 3284 Α
863 3224 948 3301 cujus
973 3223 1087 3284 intento
1118 3224 1143 3284 si
1176 3244 1231 3303 ego
1261 3224 1385 3298 aberro,
1417 3225 1473 3289 hoc
1504 3235 1553 3287 est
1580 3225 1610 3287 ei-

242 3314 344 3376 nolnit
368 3313 423 3374 illa
446 3314 474 3374 in
499 3313 735 3393 praedictionem
760 3313 912 3384 desinere;
936 3319 1009 3372 tnnc
1031 3331 1089 3372 non
1114 3313 1211 3387 video,
1237 3313 1285 3392 qui
1309 3333 1362 3392 per
1385 3314 1462 3374 hanc
1476 3315 1608 3394 objectio

241 3404 299 3465 illa
324 3403 427 3464 soluta
450 3402 509 3463 sit:
543 3403 612 3463 dnm
643 3411 836 3481 quaerentem
867 3400 1046 3473 introducit,
1081 3420 1151 3461 num
1180 3402 1257 3461 forte
1288 3402 1407 3462 fortuna
1430 3403 1608 3482 contingant

242 3492 309 3566 illa,
337 3510 413 3572 quae
438 3491 469 3553 in
492 3492 576 3553 coelo
602 3498 786 3570 spectentur,
812 3508 866 3549 nec
891 3489 1059 3549 hominibus
1083 3489 1239 3569 quicquam
1263 3488 1387 3569 prosint.
1406 3523 1443 3533 -

337 3578 410 3642 Quae
428 3585 572 3644 sequautur.
592 3578 708 3645 leguntur
724 3578 751 3629 in
770 3577 884 3662 ,Eclogis
904 3576 1058 3627 Chronicis.“

337 3827 368 3881 lu
387 3827 483 3895 Ophieis
500 3826 536 3892 (p.
557 3825 591 3875 ³7
611 3825 657 3890 ee.)
683 3828 768 3879 literas
788 3827 941 3879 exhibuimus
959 3826 1065 3880 Joaunie
1084 3826 1182 3894 Georgii
1206 3826 1390 3893 Brenggeri
1417 3828 1508 3880 medici
1526 3828 1608 3880 Kaul-

241 3902 387 3959 emenus
407 3907 528 3968 quanam
546 3899 606 3948 illud
625 3902 763 3965 attigerunt
774 3915 843 3964 opas.
871 3901 970 3950 Literae
989 3900 1100 3963 ejusdem
1113 3900 1144 3949 de
1155 3899 1229 3949 stella
1241 3901 1267 3948 ln
1279 3900 1366 3964 Cygno
1378 3902 1443 3951 inira
1460 3911 1608 3966 sequentum

242 3977 300 4039 iane
330 3985 362 4024 ea
389 3987 454 4038 qaae
482 3972 513 4021 de
542 3970 693 4035 Serpentarii
726 3972 799 4021 stella
826 3986 882 4021 cum
911 3972 1018 4035 Keplerc
1047 3973 1100 4035 egit
1129 3971 1288 4034 proponenda
1314 3978 1380 4020 sant.
1427 3976 1500 4023 Anno
1530 3971 1607 4023 root.

243 4043 287 4108 (d.
310 4043 351 4093 ta.
373 4043 426 4094 Gal.
446 4040 519 4103 Jan.)
539 4043 602 4093 haee
626 4043 693 4092 dedit
711 4042 838 4107 Keplero:
858 4044 962 4094 Gratum
984 4041 1043 4091 mibi
1071 4043 1168 4100 iecisti,
1196 4045 1260 4106 quod
1279 4042 1310 4092 de
1333 4042 1388 4092 loco
1415 4046 1502 4094 etellm
1529 4057 1608 4094 norae

245 4117 382 4169 certiorem
399 4130 441 4165 me
467 4115 566 4171 lecistis
595 4114 693 4163 dabitur
719 4115 860 4178 propediem
888 4116 985 4164 oeeaeio
1012 4128 1095 4163 rursus
1113 4127 1169 4162 eam
1196 4114 1348 4163 observandi.
1387 4112 1474 4163 Ortum
1493 4118 1546 4178 ejus
1564 4129 1609 4164 sea

244 4190 370 4254 originem
386 4188 470 4236 reiero
488 4186 514 4234 in
534 4185 599 4234 diem
618 4184 644 4233 4.
658 4185 713 4233 Oct.
733 4200 781 4250 qno
793 4187 890 4251 Jupiter
901 4194 928 4234 ct
940 4186 1008 4234 Mars
1027 4188 1052 4233 in
1071 4186 1158 4233 ecdem
1176 4185 1264 4250 graden
1282 4186 1325 4234 ubi
1337 4199 1403 4234 nunc
1422 4186 1494 4235 stella
1512 4186 1607 4243 haeret.

243 4259 332 4323 lancti
350 4258 451 4309 inerunt
468 4259 541 4319 iuxta
558 4255 663 4305 Leovitii
682 4265 831 4320 computum.
869 4258 940 4306 Etsi
958 4258 1040 4305 lumen
1060 4259 1113 4318 elue
1130 4257 1265 4318 intuemur,
1288 4257 1398 4304 videmus
1416 4269 1472 4306 eam
1491 4256 1609 4306 aemulari

245 4331 359 4388 Joreme
379 4328 423 4378 red
442 4329 502 4392 qnia
519 4326 624 4375 rutilans
643 4336 757 4391 apparet,
775 4329 872 4378 ridetur
889 4330 965 4377 etiam
983 4328 1132 4390 participare
1151 4328 1182 4377 de
1200 4333 1291 4378 natma
1307 4327 1404 4376 Martie.

255 4429 257 4434 ·
337 4401 360 4451 r:
386 4399 531 4464 Kepleri
559 4403 718 4462 responsione
742 4397 777 4460 (d.
806 4400 829 4449 d.
862 4398 901 4446 17.
931 4396 1003 4459 Jan.)
1030 4412 1094 4462 quae
1121 4397 1170 4447 huc
1197 4400 1323 4461 pertineat
1348 4397 1396 4448 huc
1423 4412 1500 4464 usqne
1529 4412 1608 4447 rerer-

245 4481 378 4533 verimm:
423 4471 543 4533 Novam
580 4472 719 4545 stellam,
764 4481 859 4544 inquit.
895 4471 973 4531 vidit
1010 4470 1129 4549 quidam
1174 4469 1315 4531 Veronae
1358 4471 1392 4531 F.
1435 4471 1609 4554 Altobellus

248 4559 280 4630 9.
308 4559 390 4636 oct,
414 4558 447 4625 8.
473 4557 544 4621 oct.
578 4579 636 4621 non
668 4568 717 4620 est
748 4558 815 4620 visa
838 4560 973 4639 Pragae,
1005 4558 1034 4618 in
1063 4556 1223 4633 Ostfrisia,
1256 4558 1388 4620 Alsatia.
1434 4558 1480 4619 Eo
1505 4559 1551 4620 die
1576 4553 1607 4621 9.

247 4652 332 4716 circa
355 4650 510 4712 meridiem
533 4648 591 4709 fuit
614 4650 644 4724 ό
664 4648 704 4722 Ql,
724 4656 758 4717 d·
805 4647 865 4709 Sed
890 4657 932 4719 tu,
957 4647 1006 4726 qni
1030 4658 1128 4709 ortum
1152 4647 1260 4708 stellae
1283 4646 1490 4709 ratiocinando
1515 4648 1608 4709 audes

247 4741 308 4803 buc
332 4741 444 4802 referre
469 4737 508 4799 ad
533 4738 769 4817 conjunctionem
792 4736 823 4811 ll
846 4745 876 4797 et
900 4745 936 4809 ό,
960 4736 1032 4797 mibi
1056 4737 1188 4798 edissere
1212 4755 1229 4796 o
1254 4737 1376 4814 elegans
1400 4737 1506 4812 homo,
1531 4754 1608 4815 quae

251 4830 397 4891 naturalis
422 4826 570 4891 connexio
594 4845 631 4887 er
655 4827 749 4887 Terra
772 4826 809 4885 ad
833 4844 1003 4904 supremum
1028 4825 1202 4887 aetherem?
1230 4827 1265 4885 ln
1289 4826 1383 4885 Terra
1406 4833 1609 4904 apparuerunt

254 4916 417 4995 conjuncti,
443 4917 580 4995 nuspiam
605 4915 676 4976 alibi
700 4915 730 4976 in
754 4922 818 4975 toto
849 4914 958 4974 mundo
983 4922 1015 4975 ut
1039 4915 1132 4988 nosti,
1157 4915 1335 4993 praesertim
1359 4912 1385 4973 si
1409 4912 1608 4994 Coperuicum

255 5004 305 5065 vel
327 5005 416 5068 etiam
439 5005 612 5087 Tychonem
636 5022 777 5086 sequare3
802 5020 873 5082 ergo
897 5010 1006 5065 natura
1030 5004 1146 5084 aliqua,
1169 5021 1245 5084 quae
1269 5004 1346 5065 hane
1370 5000 1608 5082 conjunctionem
