3692 5842
731 491 813 563 aa..
830 494 898 550 m.
1349 551 1366 594 ,
1427 495 1493 572 aas

137 672 327 743 denominat.
351 680 383 736 et
404 690 604 736 amanuenses
627 691 767 737 numeros
791 673 909 758 aliquos
924 685 1135 758 corruperunt;
1158 685 1193 741 nt
1215 678 1242 741 si
1265 680 1493 762 dispositionem

138 784 178 827 sx
210 765 276 845 ejus
308 761 440 843 catalogi
471 762 530 824 fide
561 756 674 837 iacias,
707 763 938 844 dispositionem
966 766 1078 843 rictus,
1111 768 1162 850 qui
1189 766 1219 829 in
1250 770 1334 832 coelo
1357 780 1493 854 apparet,

135 854 260 918 minium
283 851 445 934 exprimas,
468 850 512 915 uti
535 870 602 913 eam
625 871 698 915 sane
721 871 816 934 neque
840 854 948 934 globus
971 853 1160 937 Tychonicns
1184 855 1384 938 exprimit..²⁴)

227 943 290 1007 Sed
312 951 345 1005 et
366 941 397 1003 in
421 940 540 1004 Graeco
562 941 729 1004 Ptolemaei
758 950 844 1005 textu
873 962 1019 1024 perversa
1051 952 1101 1007 est
1122 946 1251 1028 quinque
1282 949 1440 1013 stellarum
1461 950 1493 1014 in

141 1033 251 1096 dextro
273 1032 350 1113 pede
372 1030 576 1093 denominatio
595 1030 714 1111 plagae,
737 1052 806 1094 nam
819 1051 875 1113 pro
888 1034 983 1096 borea
997 1034 1226 1098 substituendus
1249 1045 1361 1101 auster.
1399 1039 1495 1102 Error

137 1122 282 1204 antiquus
312 1120 343 1182 in
371 1119 542 1182 versionem
571 1121 687 1202 quoque
710 1122 875 1184 Arabicam
903 1123 1023 1186 transit.
1069 1125 1176 1207 ltaque
1199 1126 1323 1189 retinuit
1345 1145 1413 1190 eum
1435 1130 1494 1192 Jo-

138 1229 235 1274 annes
258 1212 410 1292 Bayerus,
441 1210 521 1291 quod
549 1210 581 1271 in
605 1209 813 1273 oculatissima
835 1212 967 1276 hominis
997 1212 1155 1293 diligentia
1183 1214 1312 1277 mireris.
1358 1217 1495 1297 Agnovit

137 1300 220 1363 euim
240 1301 394 1363 Mercator
417 1299 448 1360 in
471 1299 561 1379 globo
585 1305 617 1361 et
639 1301 746 1362 stellas
774 1301 831 1362 has
860 1301 890 1363 in
913 1310 1049 1366 austrum
1078 1304 1249 1367 transtulit:
1284 1305 1362 1368 unde
1383 1307 1495 1369 Weid-

136 1408 230 1454 nerna
252 1397 335 1452 recte
351 1386 456 1450 canit:

374 1523 436 1587 Qua
455 1524 583 1577 dextram
605 1522 742 1595 anguiferi
762 1525 890 1597 plantam
910 1530 989 1580 secat
1009 1526 1101 1581 orbita
1120 1525 1201 1583 Solis.
1214 1530 1250 1596 ¹⁶)

228 1654 377 1718 Nimirum
406 1653 505 1735 globi,
536 1653 586 1737 qui
609 1654 762 1736 Tychouis
790 1655 903 1719 Brahei
936 1657 1148 1722 auctoritatem
1177 1660 1367 1741 praelemnt,
1398 1661 1494 1724 multa

136 1743 310 1825 hujusmodi
333 1745 557 1826 persuadebunt
578 1743 726 1819 incautis:
750 1745 820 1807 dum
842 1746 1013 1809 imitatores
1026 1747 1193 1812 mechanici
1208 1768 1262 1810 eas
1278 1749 1395 1825 stellas,
1419 1770 1495 1832 quas

137 1834 277 1897 Braheus
300 1835 349 1897 vel
373 1835 411 1896 ob
433 1833 636 1895 humilitatem
665 1833 714 1894 vel
742 1835 780 1897 ab
811 1834 873 1897 alia
902 1834 1117 1916 impedimenta
1140 1837 1340 1914 transiverat,
1372 1839 1409 1900 de
1441 1858 1495 1902 suo

138 1923 271 1998 addunt,
303 1923 451 2004 imagines
480 1942 552 1984 vero
581 1922 729 2003 pictorum
759 1924 884 1986 arbitrio
913 1924 1101 2005 relinquunt:
1125 1926 1195 1989 inde
1223 1926 1351 2003 factum,
1382 1934 1416 1990 nt
1436 1928 1495 1990 hae

138 2011 249 2075 stellae
285 2013 401 2093 passim
438 2011 468 2073 in
505 2011 604 2092 globis
638 2011 818 2094 Tychonicis
851 2019 882 2075 et
913 2012 944 2075 in
976 2013 1087 2097 Bayeri
1123 2015 1229 2105 tabula
1263 2016 1496 2097 perversissima

140 2106 337 2182 διαρθρωσιι,
361 2102 391 2164 in
415 2100 529 2183 poplite
554 2101 661 2162 dextro
685 2101 851 2180 signentur,
876 2123 951 2185 quas
974 2110 1114 2167 auctores
1136 2106 1166 2168 in
1189 2107 1296 2186 planta
1317 2105 1404 2187 pedis
1427 2123 1495 2169 esse

140 2189 294 2265 volebant,
319 2190 493 2253 charactere
515 2189 603 2270 pedis
625 2190 786 2252 manifesto
811 2191 966 2253 admoniti.

228 2280 417 2342 Permutavit
444 2279 536 2341 etiam
557 2278 670 2361 Bayeri
698 2280 797 2359 pictor
829 2280 946 2362 (utique
975 2282 1097 2344 dolente
1126 2283 1267 2356 auctore)
1289 2282 1398 2345 dextra
1420 2282 1496 2346 siui-

139 2369 229 2445 stris;
260 2370 337 2431 uude
360 2369 489 2450 plurima
516 2367 653 2431 conlusio
681 2368 712 2429 in
734 2368 940 2432 Ptolemaicae
970 2370 1183 2453 descriptionis
1213 2389 1280 2433 cum
1303 2371 1388 2434 coelo
1411 2391 1496 2434 com·

137 2457 314 2542 paratiorm:
345 2477 421 2540 quae
451 2477 502 2520 res
524 2478 543 2519 a
565 2459 740 2537 Breuggero
764 2477 823 2521 non
847 2458 957 2539 injuria
983 2460 1167 2541 reprehensa
1190 2467 1247 2523 est.
1293 2460 1365 2524 Fuit
1390 2461 1497 2524 eadem

138 2547 212 2612 mihi
243 2565 310 2610 cum
339 2566 406 2610 meo
437 2547 590 2628 sculpture
620 2548 790 2624 eontenti03
823 2546 873 2629 qui
903 2568 970 2612 cum
999 2549 1085 2612 vario
1114 2549 1266 2612 molimine
1299 2550 1352 2612 vix
1373 2549 1497 2613 tandem

139 2636 336 2701 conciliasset
358 2637 468 2717 pedum
491 2635 563 2697 idoli
588 2636 647 2698 mei
669 2637 924 2718 propinquitatem
940 2638 979 2701 ad
995 2638 1073 2701 hanc
1089 2638 1279 2701 latitudinem
1295 2639 1495 2715 humerorum,

137 2726 308 2808 postulavit
337 2725 395 2788 sibi
424 2724 538 2789 remitti
569 2726 707 2787 dextrum
738 2726 869 2790 cubitum
901 2735 933 2790 et
961 2728 1129 2809 pertinacia
1157 2728 1242 2790 vicit.
1289 2727 1388 2800 Quam
1418 2727 1497 2791 enim

137 2816 334 2879 Ptolemaeus
357 2815 498 2877 adextro
522 2815 623 2877 cubito
644 2815 858 2889 denominavit,
882 2834 919 2879 ea
941 2818 991 2881 hic
1014 2824 1123 2900 quarta
1140 2825 1188 2880 est
1205 2817 1363 2897 Serpentis
1386 2836 1406 2878 a
1428 2818 1495 2880 tine.

140 2903 254 2969 Cetera
277 2905 317 2965 ad
339 2902 507 2967 Ptolemaei
531 2911 663 2966 mentem
686 2903 808 2985 optime.

229 2993 292 3056 Sed
314 2992 489 3076 priusquam
512 2993 612 3055 omnia
634 2994 783 3056 taediosis
806 3012 996 3057 numerorum
1026 2993 1145 3057 acervis
1175 3012 1355 3076 persequar,
1385 2993 1417 3056 id
1439 2994 1498 3058 ab·
1525 3013 1528 3020 ’

141 3083 260 3146 solvam
282 3083 320 3145 de
343 3082 464 3157 fabulis,
489 3082 569 3164 quod
592 3082 678 3163 coepi
700 3083 815 3145 dicere:
842 3083 989 3163 originem
1011 3084 1130 3147 scilicet
1151 3083 1241 3162 hujus
1263 3083 1337 3147 idoli
1353 3083 1497 3146 coelestis

141 3190 210 3235 esse
234 3189 273 3233 ex
296 3170 495 3252 dispositione
520 3174 692 3234 stellarum:
722 3193 779 3254 quo
802 3173 833 3233 iu
856 3174 973 3235 coelum
997 3181 1118 3255 recepto
1137 3173 1203 3252 jam
1230 3173 1367 3254 coepisse
1390 3181 1499 3253 poetas

140 3262 275 3342 cogitare
299 3260 335 3323 de
359 3261 481 3324 fabulis.
526 3262 663 3324 Avienus
685 3261 902 3341 Aesculapium
929 3261 1009 3323 hunc
1037 3281 1105 3324 esse
1128 3261 1232 3342 fingit,
1262 3262 1312 3343 qui
1341 3261 1372 3323 in
1403 3261 1499 3324 vitans

139 3358 284 3416 revocato
306 3369 360 3431 per
382 3359 479 3412 artem
502 3350 649 3413 medicam
670 3351 837 3432 Hippolyto
867 3368 981 3429 poenas
1010 3350 1083 3413 Jovi
1112 3369 1180 3413 cum
1202 3351 1404 3427 exsolvisset,
1436 3350 1498 3412 ful·

138 3440 219 3504 mine
242 3458 415 3521 percussus,
438 3439 470 3502 iu
493 3439 635 3502 solatium
658 3446 759 3501 tamen
783 3439 1042 3501 immortalitatem
1065 3438 1226 3519 acceperit,
1248 3437 1339 3518 hujus
1356 3439 1499 3518 imaginis

139 3548 212 3595 suae
236 3530 274 3598 in¹
290 3528 408 3591 coelum
430 3528 640 3591 translatione.
686 3527 835 3590 Nimirum
859 3528 930 3608 quia
952 3527 1169 3608 Aesculapium
1191 3527 1223 3590 in
1246 3528 1396 3609 serpentis
1418 3527 1510 3589 ima··

138 3619 208 3701 gine
232 3619 390 3681 coluerunt
417 3616 592 3698 Epidaurii,
624 3616 760 3678 additum
787 3615 832 3677 illi
857 3623 889 3678 et
918 3624 1091 3697 serpentem
1120 3616 1227 3679 innuit.
1272 3615 1355 3679 Aliis
1385 3617 1496 3698 placet,

137 3708 301 3772 Herculem
323 3725 449 3789 puerum
472 3705 599 3787 exprimi
622 3723 737 3785 angues
752 3704 891 3768 manibus
904 3713 1105 3787 prementem:
1120 3705 1181 3788 ·qui
1205 3704 1342 3788 equidem
1357 3703 1498 3768 obliviosi

139 3806 212 3862 sunt
234 3803 267 3861 et
289 3798 368 3860 forte
391 3797 509 3859 coelum
538 3813 690 3877 nunquam
711 3794 929 3870 ascenderunt,
962 3801 998 3858 ut
1019 3794 1189 3870 discerent,
1220 3795 1383 3859 Herculem
1404 3800 1498 3857 antea

137 3886 179 3951 ibi
203 3905 290 3962 esse,
320 3884 424 3949 nixum
445 3885 587 3966 genibus,
621 3892 654 3946 et
676 3884 775 3964 capite
799 3884 844 3947 sic
866 3904 974 3966 urgere
1003 3893 1096 3966 caput
1118 3884 1285 3967 Ophiuchi,
1313 3891 1349 3948 nt
1370 3902 1439 3947 cnm
1460 3901 1497 3946 eo

137 3974 441 4041 metuendorum.
487 3973 570 4037 Aliis
593 3973 721 4054 Triopas
745 3980 802 4049 est,
825 3972 896 4037 aliis
919 3973 1066 4038 Glaucus.
1106 3973 1187 4037 Hinc
1209 3975 1364 4038 Pantanus
1386 3973 1498 4036 etiam·

136 4085 210 4130 num
242 4064 351 4128 dubius
382 4064 462 4126 alias
493 4062 614 4126 fabulas
643 4063 852 4126 accommodat
878 4063 1004 4140 orienti,
1037 4063 1115 4127 alias
1146 4062 1313 4140 occidenti,
1344 4063 1421 4127 libro
1439 4062 1495 4125 III.

138 4147 389 4229 eoelestium.²⁸)

351 4268 382 4328 si
401 4283 506 4325 marsos
527 4265 697 4339 domitosque
719 4283 826 4339 angues
848 4274 879 4323 et
898 4266 1023 4322 carmina
1043 4268 1152 4341 quaeris

352 4349 507 4413 Colchidos,
528 4356 559 4403 et
579 4346 681 4402 victum
701 4364 796 4402 somno
817 4347 964 4420 verbisque
983 4350 1147 4413 draconem:

351 4433 430 4488 Haec
450 4429 502 4485 tibi
521 4428 648 4501 surgenti
669 4429 719 4482 dat
739 4429 934 4499 serpentarius
956 4436 1051 4484 astro:

351 4511 380 4568 Si
401 4525 521 4583 quaeras
542 4510 614 4564 forte
634 4508 792 4580 Eurydicen
812 4526 864 4579 per
883 4509 1012 4583 gramina
1032 4509 1111 4564 laeta

351 4593 506 4656 Errantem,
529 4596 614 4662 atque
635 4590 736 4661 anguis
757 4591 790 4644 de
810 4590 926 4644 vulnere
946 4590 1036 4645 mults
1054 4596 1229 4662 gementem:

353 4671 549 4743 serpentarius
570 4671 642 4725 haue
663 4669 740 4725 obitu
760 4669 885 4742 signabit
905 4669 1006 4742 iniquo.

894 4747 968 4801 Busa
986 4763 1016 4801 ax
1032 4747 1057 4800 J.
1076 4748 1181 4799 Punico
1198 4760 1263 4813 psua
1282 4746 1315 4800 ad
1333 4746 1440 4799 verbnm.

228 4872 329 4937 Tanta
350 4873 399 4929 est
420 4872 578 4949 poetarum
600 4861 732 4937 licentia,
756 4870 790 4925 ut
812 4863 869 4927 hoc
892 4864 1006 4928 idolum
1029 4863 1163 4947 qnotidie
1186 4862 1224 4925 de
1246 4879 1329 4926 mare
1352 4863 1383 4926 in
1406 4863 1495 4926 femi-

136 4984 210 5030 nam
232 4964 452 5027 transmutent:
485 4954 555 5037 quid
585 4954 691 5016 mirum
720 4951 748 5014 si
771 4952 950 5034 quibusdam
977 4962 1009 5016 et
1035 4953 1223 5017 effeminatus
1252 4951 1392 5033 fingitur?
1435 4954 1496 5015 Per

135 5055 316 5124 Pontanum
343 5046 426 5129 gitur
448 5044 522 5110 licet
542 5043 593 5105 vel
610 5041 786 5132 Apollinem
807 5041 908 5108 dicere
931 5042 1100 5128 Pythonis,
1124 5042 1173 5106 vel
1192 5041 1340 5109 Cadmum
1353 5041 1495 5108 haconis
