3692 5842
727 427 809 533 capnt
826 468 870 519 lv.
891 468 916 518 2.
1439 471 1497 539 ng

142 646 239 709 ditate
263 643 373 706 medii:
397 643 524 726 denique
548 664 644 726 neque
667 646 817 708 consentit
841 646 871 707 in
896 653 976 710 aere.
1014 646 1104 708 Ponit
1127 647 1206 707 enirn
1231 647 1270 708 ibi
1288 649 1390 729 'tycho
1414 671 1499 712 cras·

143 735 247 798 sitien
280 732 361 795 aeris
392 732 609 795 horizontalem
636 728 698 797 142
731 735 890 809 milliaria,
925 736 954 797 in
988 735 1146 797 altitudine
1177 732 1258 797 60⁰:
1279 733 1319 799 14
1350 740 1499 801 milliaria.
1580 779 1584 786 ·

141 823 223 904 Ergo
248 816 299 904 Ἰ..
325 840 397 902 pars
412 821 449 882 de
464 820 642 904 horizontali
664 823 844 885 refractione
865 824 1025 887 deberetur
1048 824 1200 885 altitudini
1216 822 1267 898 60,
1292 828 1408 888 scilicet
1423 823 1498 908 37..

142 911 312 992 dequibus
344 909 529 982 inclinationi
554 908 614 975 30⁰
637 912 722 992 (quia
751 912 880 974 altitudo
913 913 1031 992 ponitur
1056 909 1130 986 60⁰)
1158 912 1185 973 l‘
1211 914 1385 988 deberetur,
1420 917 1499 995 quod

143 1006 239 1082 negat
260 998 400 1062 Braheus
423 998 497 1060 lieri.

229 1087 301 1151 Non
334 1086 516 1150 intentatum
540 1106 595 1148 uec
624 1087 679 1149 hoc
713 1088 833 1168 reliqui,
866 1095 964 1150 utrum
997 1091 1090 1151 semel
1123 1089 1288 1152 constituta
1321 1091 1499 1153 horizontnli

143 1176 326 1240 refractione
341 1195 379 1237 ex
394 1175 545 1238 densitate
565 1175 665 1249 medii,
689 1184 809 1238 ceterae
824 1176 947 1238 sinubus
972 1178 1183 1240 distantiarum
1199 1178 1343 1240 avertice
1368 1199 1495 1259 respon-

143 1265 273 1329 derent?
298 1263 362 1327 Sed
384 1283 440 1326 nec
463 1264 596 1326 calculus
610 1264 640 1326 id
656 1265 836 1344 approbavit
859 1283 913 1326 nec
938 1286 1010 1328 sane
1035 1286 1108 1345 opus
1132 1275 1199 1329 erat
1222 1268 1381 1346 inquirere.
1419 1269 1499 1330 Nam

143 1355 251 1418 eedem
284 1354 382 1415 torma
413 1361 583 1416 crescerent
615 1353 814 1415 retractiones
846 1355 874 1415 iu
906 1356 1042 1417 omnibus
1082 1355 1207 1429 mediis,
1242 1356 1319 1436 qnod
1352 1365 1500 1436 repugnat

143 1440 359 1523 experientiae.

230 1528 300 1602 Quo
335 1528 452 1591 nomine
486 1536 608 1590 taxatur
641 1528 693 1589 illa
726 1531 763 1591 ab
793 1529 950 1592 Alhazeno
982 1539 1013 1592 et
1043 1530 1207 1593 Vitellioue
1241 1533 1375 1612 allegata
1407 1553 1499 1594 causa

143 1619 368 1684 refractionem.
419 1618 500 1692 Lux,
533 1617 684 1697 inquiunt,
717 1619 835 1697 quaerit
867 1621 1142 1698 compensatiouem
1175 1622 1274 1683 damni
1309 1641 1345 1681 ex
1379 1622 1498 1702 obliquo

144 1708 259 1772 inflictu
283 1706 411 1787 accepti.
458 1704 579 1776 Quanto
604 1706 682 1767 enim
711 1707 870 1769 debilitata
894 1708 950 1768 fnit
973 1730 992 1768 a
1015 1708 1163 1771 densioris
1188 1729 1327 1784 occursu,
1353 1718 1439 1771 tauto
1464 1708 1524 1772 se'

143 1795 296 1875 recolligit
319 1795 489 1858 accedendo
514 1794 831 1883 aad-perpendiculum,
855 1804 888 1857 ut
911 1798 1038 1858 rectiore
1065 1797 1124 1857 ictu
1154 1798 1243 1859 feriat
1267 1798 1386 1859 fundum
1410 1800 1499 1860 medii

143 1884 304 1948 densioris.
352 1884 468 1945 lctuum
491 1884 586 1950 euim,
612 1883 661 1963 qui
685 1891 756 1946 suut
778 1883 866 1958 recti,
893 1884 1075 1946 fortissimos
1097 1905 1174 1946 esse.
1221 1885 1264 1946 Et
1287 1887 1402 1947 addunt
1424 1889 1498 1947 sub-

142 1973 194 2038 tile
218 1972 322 2036 nescio
347 1972 437 2053 quid:
462 1981 576 2033 motum
601 1970 676 2033 lucis
704 1973 822 2052 oblique
850 1973 1011 2036 incidentis
1040 1975 1175 2053 componi
1200 1994 1237 2034 ex
1261 1982 1343 2035 motu
1368 1993 1498 2055 perpen-

141 2062 272 2126 diculari
295 2069 328 2122 et
357 2068 440 2122 motu
468 2060 616 2140 parallelo
639 2060 678 2121 ad
707 2060 791 2122 densi
822 2061 1022 2139 superficiem,
1051 2081 1176 2142 eumque
1203 2070 1317 2124 motum
1344 2063 1387 2123 sic
1416 2083 1499 2125 com-

140 2151 277 2234 positum
300 2168 359 2211 ucu
383 2148 497 2210 aboleri
522 2149 560 2210 ab
590 2167 713 2210 occursu
746 2150 886 2229 pellucidi
921 2151 1086 2224 densioris,
1121 2153 1175 2211 sed
1204 2158 1318 2212 tautum
1351 2151 1498 2229 impediri.

140 2241 254 2304 Totum
278 2256 351 2317 ergo
374 2245 499 2311 motum,
524 2244 557 2298 nt
575 2246 624 2298 cst
646 2238 839 2317 compositus,
865 2258 932 2299 sese
948 2239 1061 2300 munire
1085 2239 1202 2314 iterum,
1228 2239 1359 2300 residere
1384 2239 1501 2301 scilicet

143 2329 174 2391 in
189 2336 276 2392 motu
291 2345 347 2406 per
365 2327 490 2388 densam
514 2325 701 2405 superficiem
720 2327 785 2405 jam
801 2327 931 2388 alterato
951 2329 1079 2407 vestigia
1094 2328 1240 2406 pristinae
1264 2328 1498 2406 compositionis,

141 2426 260 2481 utnon
294 2415 385 2494 plane
408 2415 461 2476 fiat
493 2414 747 2494 perpendicularis
775 2433 830 2476 nec
862 2417 952 2495 plane
984 2417 1157 2495 parallelus.
1202 2416 1373 2478 Deflectere
1401 2426 1501 2479 antem

143 2506 184 2568 ad
207 2502 486 2587 perpendicularem
509 2503 610 2583 potius
634 2522 721 2582 quarn
745 2505 784 2565 ad
807 2505 999 2582 parallelum,
1026 2506 1094 2586 quia
1118 2505 1223 2566 tortior
1246 2505 1285 2565 sit
1308 2515 1406 2566 ructus
1429 2525 1500 2585 per-

139 2592 307 2677 pendiculi.
354 2591 443 2654 Haud
477 2592 569 2654 multo
602 2592 708 2655 melius
740 2612 802 2654 rem
836 2594 1037 2673 explicarunt,
1072 2613 1158 2673 quum
1188 2593 1361 2655 Macrobius
1393 2594 1443 2654 lib.
1470 2593 1500 2656 7.

141 2681 365 2752 Saturnalium,
389 2681 439 2760 qui
463 2681 683 2742 cunctationem
705 2681 783 2743 visui
807 2690 839 2741 et
862 2701 900 2742 ex
923 2684 1039 2742 offensa
1066 2702 1216 2743 recursum
1241 2682 1269 2742 iu
1295 2701 1361 2742 sese
1385 2682 1500 2745 tribuit.

141 2770 276 2834 Perinde
300 2769 385 2850 quasi
410 2768 484 2831 lueis
513 2769 630 2849 species
654 2778 753 2832 mente
780 2771 918 2850 praedita
947 2779 1041 2844 esset,
1071 2790 1130 2850 qua
1154 2779 1184 2831 et
1208 2770 1389 2832 densitatem
1412 2771 1502 2833 medii

141 2869 285 2923 etenum
310 2858 449 2919 damnum
474 2858 659 2929 aestimaret,
683 2866 714 2919 et
737 2858 856 2939 proprio
886 2858 1034 2920 arbitratu
1058 2879 1115 2921 uon
1141 2867 1285 2920 extranea
1308 2859 1347 2934 ri,
1372 2860 1500 2939 agendo,

141 2967 202 3010 non
225 2945 388 3027 patiendo,
420 2965 487 3008 sese
516 2946 614 3026 ipsam
643 2947 827 3026 infringeret
874 2946 908 3009 Si
933 2949 1007 3008 haec
1031 2948 1108 3010 ratio
1134 2968 1205 3008 vera
1228 2957 1325 3022 esset,
1355 2949 1501 3010 dimensio

141 3037 361 3099 refractionem
393 3044 476 3096 esset
508 3034 659 3114 expedita.
716 3034 898 3099 Crescerent
930 3036 1008 3097 euim
1046 3037 1242 3112 retractiones
1275 3056 1340 3098 cum
1378 3037 1500 3100 sinubus

142 3124 359 3188 distantiarum
383 3123 553 3198 avertice,
588 3132 749 3205 propterea
783 3126 859 3206 quod
891 3126 919 3186 in
949 3126 1054 3186 eadem
1082 3126 1273 3205 proportione
1307 3126 1501 3188 debilitantur

142 3215 224 3277 ictus
249 3232 288 3274 cx
310 3211 498 3291 obliquitate.
546 3210 581 3273 Si
603 3232 730 3293 namque
759 3234 903 3294 quaeras,
930 3223 1041 3293 quanto
1070 3215 1177 3276 fortius
1201 3212 1255 3275 Sol
1278 3215 1387 3276 Terras
1411 3216 1501 3277 feriat

143 3302 183 3366 ab
207 3301 370 3364 altitudine
394 3297 454 3363 30⁰
476 3320 565 3381 quarn
580 3302 619 3363 ab
643 3302 801 3365 altitudine
820 3299 890 3374 45⁰,
915 3312 995 3364 recte
1021 3303 1258 3382 respondebitur,
1284 3312 1370 3365 tanto
1395 3304 1501 3365 lortius

144 3399 260 3473 quanto
285 3388 404 3468 lougius
428 3398 476 3452 est
499 3391 579 3453 latus
610 3392 751 3471 quadrati
774 3392 869 3452 latere
898 3393 1065 3469 sexanguli.
1111 3392 1190 3453 Nam
1215 3394 1295 3452 circa
1318 3391 1500 3454 horizontem

144 3480 247 3542 subito
284 3478 330 3541 vis
362 3476 427 3540 Soli
455 3479 642 3555 cumulatur3
675 3480 754 3542 circa
782 3480 925 3542 verticem
950 3497 1042 3558 parvo
1070 3479 1222 3552 variatur,
1241 3480 1335 3558 ,quod
1356 3479 1436 3540 idem
1470 3485 1501 3540 et

144 3569 270 3631 sinubus
295 3566 415 3629 accidit.

235 3656 342 3719 Aliam
364 3655 538 3718 dimetiendi
562 3656 711 3718 rationem
735 3656 871 3730 confinxi,
898 3675 973 3736 quae
997 3663 1029 3717 et
1052 3654 1233 3716 densitatem
1257 3656 1345 3717 medii
1369 3664 1401 3716 et
1423 3654 1500 3716 iuci-

144 3746 281 3808 dentiam
314 3744 520 3824 conjungeret.
566 3745 647 3807 Nam
680 3744 749 3825 quia
781 3745 908 3806 medium
941 3745 1061 3805 densius
1091 3744 1125 3804 fit
1153 3764 1245 3805 causa
1278 3743 1499 3818 refractionum,

144 3835 266 3897 ridetur
289 3852 361 3913 ergo
383 3834 506 3913 perinde
531 3853 598 3895 esse
614 3834 689 3895 acsi
713 3834 780 3912 quis
795 3834 859 3912 ejus
878 3833 967 3895 medii
991 3832 1235 3912 profunditatem,
1261 3833 1367 3914 inquo
1390 3832 1501 3894 refrin-

145 3930 256 4004 guntur
279 3922 368 3992 radii,
391 3923 537 3983 extendat
559 3922 589 3983 in
613 3930 729 3983 tantam
754 3921 993 4001 amplitudinem,
1017 3929 1160 4002 quantam
1175 3930 1302 4001 occupat
1325 3921 1502 3983 tantundem

144 4011 293 4074 materiae
321 4010 376 4072 snb
410 4011 505 4072 forma
533 4011 623 4072 medii
656 4010 807 4072 rarioris·
834 4011 917 4071 Tunc
947 4010 1023 4071 euim
1055 4010 1130 4071 radii
1160 4012 1189 4073 in
1217 4030 1343 4074 vacnum
1372 4012 1502 4089 spatium

146 4102 288 4164 irretorte
311 4099 440 4176 ingressi
464 4100 503 4160 ad
526 4098 674 4161 visibilem
699 4118 780 4172 rem,
805 4099 862 4159 hac
884 4117 940 4177 per
962 4099 1132 4178 hujusmodi
1161 4100 1405 4175 imaginationem
1429 4117 1500 4177 pro-

147 4188 266 4251 fundius
300 4188 440 4249 demersa
471 4189 500 4249 in
533 4187 793 4269 perpendiculum,
826 4187 884 4267 ipsi
918 4206 1033 4267 qnoque
1067 4188 1162 4250 altero
1196 4189 1239 4250 sui
1274 4188 1408 4260 termino,
1444 4205 1500 4265 quo
1611 4233 1612 4238 ,

146 4278 266 4341 visibile
291 4276 478 4355 contingunt,
502 4277 708 4355 intelliguntur
731 4276 862 4355 demergi
887 4284 918 4337 et
941 4277 984 4337 sic
1007 4275 1190 4355 prolongari.
1237 4275 1286 4338 Sit
1309 4276 1338 4336 A
1362 4275 1421 4347 lux,
1446 4271 1500 4335 Bc

146 4364 322 4447 superficies
350 4365 439 4426 medii
467 4365 629 4440 densioris,
653 4365 710 4426 DE
734 4365 852 4426 fundus.
899 4365 1095 4426 Descendant
1123 4365 1234 4444 obliqui
1258 4366 1323 4439 AF,
1349 4360 1418 4434 AG,
1443 4361 1501 4423 AB

147 4465 179 4516 et
201 4453 413 4516 continuentur
436 4453 491 4514 AB
515 4454 545 4515 iu
568 4454 611 4528 D,
636 4453 698 4516 AG
721 4453 751 4515 in
775 4454 803 4527 I,
827 4453 883 4515 AF
907 4454 936 4514 in
960 4455 1002 4527 Η,
1033 4472 1172 4533 quorsum
1201 4461 1304 4514 esseut
1331 4449 1443 4524 casuri,
1475 4449 1500 4510 si

148 4543 278 4606 medium
303 4551 387 4604 esset
409 4541 564 4604 uniforme.
611 4542 672 4604 Sed
697 4542 766 4622 quia
790 4542 932 4603 densius:
956 4542 1034 4620 finge
1059 4561 1130 4620 ergo
1155 4543 1276 4603 fundum
1296 4540 1352 4601 DE
1376 4537 1500 4617 deprimi

148 4651 290 4713 eousque,
316 4638 349 4692 nt
372 4639 514 4710 quantum
537 4631 681 4693 materiae
707 4632 806 4692 estin
834 4630 1038 4710 profunditate
1063 4629 1116 4691 ΟΕ
1140 4631 1195 4691 sub
1219 4631 1315 4690 torna
1343 4625 1500 4697 densioris,

149 4720 329 4783 tantundem
357 4717 399 4782 sit
427 4719 456 4780 in
489 4720 694 4798 profunditate
719 4718 776 4782 CK
804 4719 860 4781 sub
888 4721 985 4781 torma
1018 4719 1151 4780 rarioris.
1198 4720 1275 4779 Toto
1308 4735 1378 4795 ergo
1412 4713 1502 4775 fundo

147 4809 204 4872 DE
227 4811 366 4873 demerso
391 4808 421 4870 iu
444 4809 510 4883 LK,
535 4817 647 4889 puncta
670 4810 707 4881 D,
733 4809 757 4879 I,
781 4809 819 4881 H,
845 4807 870 4868 Ε
895 4808 1080 4869 descendent
1102 4805 1389 4886 perpendiculariter
1411 4804 1441 4864 iu
1465 4802 1501 4876 L,

148 4900 192 4972 Μ’,
214 4899 254 4975 Ν,
280 4898 319 4960 K.
368 4894 520 4959 Conuexis
543 4896 634 4978 igitur
656 4897 692 4969 B,
712 4894 751 4969 G,
767 4898 792 4958 F
815 4915 881 4957 curu
907 4897 940 4971 L,
961 4897 1004 4971 M,
1032 4896 1061 4957 N
1086 4896 1237 4958 secabitur
1260 4894 1316 4955 DE
1341 4892 1449 4955 fundus
1472 4890 1502 4953 in

148 4987 269 5069 punctis
292 4985 331 5063 Ο,
354 4985 390 5062 Ρ,
415 4984 453 5060 Q,
476 4986 607 5067 fientque
630 4985 754 5047 refracti
777 4982 874 5059 ABO,
899 4983 996 5058 AGP,
1019 4981 1116 5056 Anu.
1165 4977 1169 4982 ’
