3692 5842
846 483 1241 551 ussamumsmusi

632 664 763 717 Conditor
784 664 909 718 aetherio
930 664 1061 734 dispersit
1080 664 1173 720 sidera
1192 681 1304 735 campo,

631 744 670 797 Te
691 743 815 798 deditio
834 761 983 807 numerum,
1006 762 1080 800 nora
1099 753 1130 800 tu
1151 745 1288 799 molimine
1308 760 1393 800 caseo

630 824 770 886 cheris,
791 831 929 879 astrorum
949 842 1018 879 cano
1039 826 1157 880 mirante
1178 832 1287 881 senaar.

629 904 805 974 Obstupuere
825 905 900 974 poli:
921 905 1061 976 subitique
1082 907 1220 961 exterrita
1239 905 1301 959 lues

628 985 767 1055 Fulguris,
789 985 943 1039 aetherium
965 986 1062 1039 metuit
1083 993 1186 1040 natura
1205 986 1361 1041 tumultum.

453 1088 518 1149 Hoc
545 1087 622 1150 idern
647 1089 724 1150 enim
749 1089 973 1151 fundamentum
997 1091 1068 1151 mihi
1092 1090 1210 1154 ridetur
1233 1089 1415 1151 asserendae
1438 1088 1538 1149 etiam
1556 1087 1721 1149 defectibus

365 1176 507 1239 luminum
540 1176 704 1239 efficaciae.
749 1178 809 1239 Est
831 1178 909 1238 euim
925 1178 1111 1259 ’ἀταρμοςω
1140 1179 1333 1260 (qualitative
1366 1198 1425 1240 non
1455 1177 1647 1256 geometrice
1676 1196 1722 1238 seo

365 1265 582 1346 quantitative)
607 1274 639 1327 et
661 1274 787 1328 naturae
811 1267 963 1330 sublunari
997 1269 1214 1349 quodammodo
1247 1268 1446 1338 contrarium,
1483 1265 1589 1326 subito
1614 1266 1722 1327 lunam

365 1354 514 1433 exstingui
539 1354 587 1416 vel
612 1355 708 1415 averti
734 1357 829 1417 lumen
846 1356 928 1419 Solis
944 1379 963 1416 a
983 1358 1125 1419 demenso
1149 1357 1321 1420 medietatis
1345 1354 1427 1434 globi
1441 1354 1630 1428 Terrestris,
1652 1355 1723 1434 qood

364 1443 513 1505 ordinarie
546 1453 578 1504 et
609 1453 756 1524 perpetuo
787 1457 834 1506 est
868 1445 895 1506 in
920 1445 1001 1507 Solis
1035 1447 1155 1508 lumine.
1201 1446 1344 1509 Pereellit
1376 1467 1414 1505 ea
1440 1443 1566 1524 species
1592 1453 1722 1505 naturam

365 1533 535 1605 animalem,
561 1551 637 1613 qnae
662 1533 718 1594 luci
743 1544 873 1612 cognata
896 1544 953 1609 est,
978 1546 1009 1596 ut
1034 1537 1173 1597 aflectum
1197 1535 1368 1598 diuturnum
1386 1543 1418 1593 et
1431 1532 1643 1612 perniciosum
1656 1552 1721 1592 coo-

366 1622 472 1701 eipiat.
509 1622 574 1683 Hoc
599 1622 677 1684 idern
701 1642 771 1700 ergo
803 1623 1026 1685 fondamentum
1052 1623 1093 1687 sit
1116 1623 1296 1688 asserendae
1314 1623 1361 1683 bis
1383 1641 1503 1702 quoque
1527 1622 1620 1684 novis
1634 1623 1720 1701 plrae-

363 1710 497 1771 nomenis
522 1711 686 1773 efficaciae.
731 1712 788 1774 l‘er
811 1712 1101 1792 conduplicationem
1125 1715 1226 1794 igitur,
1251 1731 1317 1773 curn
1342 1712 1410 1790 ipsa
1432 1710 1529 1772 etiam
1552 1709 1720 1790 conjunctio

364 1819 476 1878 magna
499 1800 589 1862 trium
612 1800 796 1880 superiorum
820 1799 957 1863 stimulos
982 1804 1096 1864 naturis
1119 1802 1331 1864 sublunaribns
1362 1799 1515 1862 addiderit
1543 1800 1722 1862 decumanos

366 1888 405 1950 ad
429 1907 496 1949 sese
521 1892 784 1965 commovendum,
818 1901 848 1952 et
881 1890 937 1951 hoe
970 1893 1186 1953 novum'sidus
1219 1891 1247 1951 iu
1273 1891 1370 1952 locum
1394 1896 1426 1948 et
1448 1899 1575 1968 tempus
1600 1907 1720 1968 magnae

364 1978 582 2057 conjunctionis
605 1978 755 2050 inciderit,
779 1981 914 2059 seqnitur
937 1987 971 2041 ut
994 1987 1057 2043 tam
1080 1979 1286 2061 conjunctione
1309 1998 1377 2040 curn
1402 1988 1531 2056 utroque
1550 1978 1720 2056 junctorum

364 2066 571 2147 planetarum,
595 2086 682 2149 quarn
708 2067 773 2147 ipsa
797 2068 933 2130 novitate
957 2087 1010 2147 per
1033 2089 1066 2129 se
1090 2070 1282 2131 considerata
1305 2068 1444 2143 ingentes
1469 2067 1552 2128 vires
1578 2065 1722 2127 addiderit

367 2155 536 2217 ordinariae
559 2156 748 2218 commotioni
773 2169 863 2237 atque
887 2155 1022 2233 ἔκπληξιν
1044 2158 1174 2220 maxime
1197 2157 1420 2219 memorabilem
1444 2165 1611 2217 causatum
1631 2155 1721 2216 fuerit

367 2243 545 2325 Quanquam
568 2246 742 2307 necessaria
764 2257 813 2306 est
835 2247 995 2321 dubitatio,
1020 2248 1167 2309 rectinsne
1192 2269 1266 2309 aare
1289 2250 1456 2326 spondaeis
1481 2253 1721 2324 argumentemur

280 2390 283 2398 ,
366 2355 403 2395 an
428 2335 492 2395 κατ’
515 2332 688 2414 deomena:
716 2335 772 2397 hoe
795 2345 845 2396 est
867 2355 904 2396 an
931 2347 1038 2398 natura
1061 2356 1207 2397 conversa
1230 2336 1268 2397 ad
1293 2353 1402 2396 novum
1426 2332 1512 2394 sidus
1536 2354 1557 2392 a
1582 2334 1720 2412 coujunc-

367 2424 447 2485 tione
472 2442 582 2503 magna
605 2444 674 2485 sese
697 2425 830 2487 nonnihil
854 2425 1009 2499 averterit,
1033 2425 1077 2486 sic
1100 2433 1134 2487 ut
1156 2425 1331 2504 imaginatio
1356 2422 1398 2483 rei
1420 2422 1633 2483 insolentioris
1645 2421 1721 2502 prio-

366 2532 428 2575 rem
453 2513 497 2573 rei
521 2523 683 2575 consuetae
707 2512 840 2575 obruerit
864 2523 895 2574 et
918 2514 1141 2575 obliteraverit:
1166 2535 1204 2576 an
1229 2532 1299 2575 vero
1316 2513 1403 2574 ,vires
1427 2511 1588 2591 utriusque
1605 2511 1720 2590 junctas

366 2600 419 2664 illa
442 2601 581 2663 senserit.
617 2603 681 2663 Nec
702 2602 797 2662 minus
822 2603 958 2664 dubitare
983 2615 1013 2663 et
1032 2604 1088 2665 hoe
1109 2604 1174 2684 quis
1192 2604 1299 2683 possit,
1323 2600 1496 2673 commotio,
1522 2618 1618 2679 quarn
1637 2599 1721 2660 stella

367 2692 455 2767 fecit,
489 2690 635 2753 hilaritati
659 2712 697 2752 an
721 2692 866 2754 tristitiae
890 2693 979 2753 fuerit
1002 2692 1141 2766 similior;
1174 2692 1401 2773 impedireritoe
1433 2701 1579 2750 naturam
1613 2688 1641 2750 in
1673 2706 1721 2749 sno

366 2799 456 2861 opere
481 2800 517 2842 ao
543 2780 734 2860 instigaverit
756 2780 975 2862 adjuveritque.
1023 2780 1103 2853 Quid
1126 2781 1216 2861 igitur
1238 2781 1344 2843 horum
1367 2778 1439 2840 milri
1463 2777 1609 2839 videatur
1629 2777 1721 2857 magis

365 2868 542 2944 verisimile,
568 2870 741 2932 recensione
765 2880 937 2932 naturarum
961 2870 1163 2933 sublunarinm
1186 2870 1354 2950 explicabo.

453 2976 555 3037 Prima
578 2985 611 3038 et
632 2977 758 3038 maxime
782 2977 943 3057 conspicua
966 2986 1014 3038 est
1038 2976 1168 3037 facultas
1192 2976 1246 3037 illa
1268 2973 1417 3047 animalis,
1441 2990 1520 3053 quae
1540 2969 1636 3048 glebo
1654 2970 1721 3030 Tel·

369 3065 442 3127 luris
466 3065 643 3143 praesidens
667 3067 763 3126 omnis
787 3067 904 3144 generis
924 3075 1057 3126 meteora
1079 3063 1239 3146 progignit.
1277 3065 1324 3125 Ac
1339 3082 1405 3124 com
1425 3069 1494 3121 tota
1517 3058 1628 3128 hiems,
1652 3078 1721 3137 qnae

314 3182 319 3192 ·
366 3155 447 3216 inter
470 3173 565 3214 anuos
592 3152 686 3218 1604.
712 3165 742 3216 et
770 3152 862 3218 1605.
888 3155 1069 3228 intercessit,
1094 3154 1241 3233 impendio
1263 3154 1353 3214 luerit
1376 3150 1508 3221 humida,
1532 3148 1667 3208 maxime
1688 3148 1721 3207 iis

367 3244 483 3316 diebus,
509 3244 616 3321 quibus
640 3244 780 3323 planetae
804 3265 871 3305 eum
885 3246 945 3304 fixa
965 3263 1042 3304 nova
1065 3254 1168 3304 essent
1190 3242 1344 3321 congressi
1368 3241 1417 3301 vel
1436 3238 1720 3315 configurabanmn

366 3343 397 3394 et
422 3331 525 3412 tepida
549 3332 666 3412 quidem
689 3332 785 3394 hiems
809 3334 851 3394 cis
873 3334 971 3412 Alpes
994 3333 1022 3393 in
1048 3332 1193 3411 superiori
1217 3342 1248 3393 et
1271 3329 1402 3391 inferiori
1428 3327 1615 3396 Germania,
1640 3325 1720 3404 frigi·

365 3422 490 3484 dissima
514 3441 583 3481 vero
608 3423 737 3484 omnium
762 3424 841 3483 intra
864 3423 1013 3483 hominurn
1038 3421 1208 3483 memoriam
1232 3432 1316 3481 trans
1341 3418 1437 3498 Alpes
1461 3418 1492 3477 in
1518 3416 1614 3476 ltalia
1637 3431 1720 3494 atque

365 3512 395 3573 in
420 3511 593 3591 Hispaniis:
619 3521 809 3591 argumentor
833 3512 924 3589 igitur
944 3530 982 3571 ex
995 3512 1113 3581 effectu,
1136 3511 1292 3591 appositas
1316 3508 1444 3570 invicem
1464 3506 1547 3566 vires
1573 3505 1720 3583 utriusque

367 3620 477 3662 causae
512 3599 663 3662 coelestis.
716 3601 997 3661 Dissimilitudinem
1030 3600 1148 3680 quidem
1180 3598 1286 3661 hiemis
1312 3597 1378 3677 jam
1417 3596 1532 3656 dictam
1566 3594 1598 3654 io
1632 3593 1721 3671 Alpes

370 3692 511 3751 confero:
546 3702 578 3749 ut
602 3689 627 3749 si
655 3709 709 3770 per
739 3690 815 3750 bane
848 3689 974 3750 hiemem
997 3690 1094 3768 Alpes
1122 3689 1151 3749 io
1183 3699 1328 3767 perpetua
1361 3684 1571 3765 exspiratione
1608 3683 1721 3748 fuerint.

367 3779 497 3840 materia
521 3788 676 3839 ventorum
710 3780 821 3857 frigore
846 3780 926 3839 aeris
958 3797 1135 3856 repercussa
1165 3778 1348 3838 circulariter
1380 3773 1472 3835 fuerit
1495 3772 1629 3844 diffusa,
1657 3790 1721 3851 pars

366 3887 472 3928 versus
506 3868 760 3944 septentrionem.
794 3886 864 3946 pars
889 3868 916 3926 iu
941 3868 1104 3928 meridiem.
1151 3863 1237 3936 Quae
1270 3866 1361 3945 igitur
1384 3864 1413 3924 in
1444 3861 1605 3922 meridiem
1637 3878 1722 3939 supra

367 3956 488 4017 ltaliam
522 3956 614 4030 abiit,
639 3976 704 4017 eum
729 3979 747 4016 a
771 3957 862 4016 borea
884 3958 976 4034 plaga
1010 3957 1141 4043 venerit,
1178 3976 1243 4015 earu
1269 3954 1409 4031 frigidam
1439 3950 1533 4011 fuisse
1561 3969 1619 4029 par
1652 3949 1720 4009 luit:

369 4065 444 4125 quae
471 4065 540 4106 vero
572 4044 701 4106 indidem
734 4064 822 4123 super
847 4043 1042 4105 Germaniam
1066 4046 1094 4105 in
1120 4044 1340 4122 septentriones
1373 4041 1529 4102 ferebatur
1553 4039 1597 4099 ab
1625 4051 1720 4100 austro

365 4134 500 4209 veniens,
525 4143 664 4195 naturam
686 4135 796 4214 plagae
816 4134 949 4213 tepidam
974 4135 1096 4195 retinuit
1120 4134 1200 4194 nullo
1216 4132 1328 4211 majore
1352 4128 1508 4191 miraculo.
1548 4125 1634 4198 Quid
1658 4144 1722 4185 rere

366 4223 392 4284 si
416 4223 482 4304 quis
506 4234 602 4285 totum
626 4224 703 4284 bunc
733 4234 861 4285 tractum
886 4243 939 4283 seu
963 4223 1069 4295 clima,
1094 4241 1151 4300 quo
1175 4230 1262 4302 tepor
1291 4218 1438 4290 obtinuit,
1462 4218 1493 4277 in
1518 4215 1721 4296 exspiratione

365 4313 513 4373 collocet:
538 4312 661 4374 Italiam
685 4322 716 4374 et
732 4314 805 4374 illud
830 4311 918 4374 elima
934 4325 1019 4373 extra
1043 4311 1284 4390 exspirationem,
1310 4319 1398 4370 uteo
1423 4306 1536 4368 luerint
1563 4306 1622 4368 lati
1637 4303 1721 4366 venti

366 4401 415 4480 qui
440 4421 532 4479 penes
557 4422 612 4462 uos
641 4403 843 4483 exspirarunt.
890 4401 1012 4464 Nitetur
1040 4400 1136 4474 euim,
1170 4400 1220 4479 qui
1243 4398 1299 4459 hoe
1328 4398 1426 4471 dicet,
1463 4394 1723 4457 verisimilitudine

366 4491 442 4562 hac,
476 4491 554 4570 quod
579 4491 674 4551 omnis
707 4491 872 4569 exspiratio
903 4510 968 4551 cum
996 4490 1121 4568 primum
1154 4487 1255 4567 prodit
1283 4487 1387 4566 tepida
1410 4493 1475 4556 est,
1510 4504 1581 4546 curu
1606 4483 1723 4546 veroin

368 4579 559 4659 longinquum
584 4580 692 4653 fertur,
725 4580 836 4660 impetu
861 4580 1014 4639 concitata
1037 4578 1132 4656 magis
1162 4577 1316 4657 magisque
1341 4574 1489 4653 frigescit.
1538 4573 1619 4635 Tale
1643 4572 1723 4653 quip-

365 4670 445 4746 piam
474 4677 505 4728 et
535 4667 571 4727 de
603 4668 659 4727 bae
691 4669 756 4747 ipsa
790 4677 907 4728 aestate
942 4667 1240 4738 comminiscendum,
1276 4685 1350 4744 quae
1385 4683 1439 4743 per
1473 4661 1676 4724 Germaniam
1698 4675 1724 4719 er

367 4756 485 4817 Gallias
503 4756 559 4815 fuit
574 4756 722 4835 impendio
743 4758 865 4816 humida
879 4756 1004 4833 ideoque
1029 4756 1194 4835 pestilens:
1220 4765 1304 4816 trans
1319 4753 1510 4834 Pyrenaeum
1526 4753 1556 4812 in
1574 4749 1723 4831 llispanii

367 4850 449 4906 sicea
474 4856 503 4905 et
529 4847 653 4907 sterilis.
702 4846 781 4915 Quid
807 4846 929 4915 urirum,
965 4846 989 4905 si
1014 4846 1150 4905 nationes
1183 4844 1330 4904 dissident
1355 4842 1483 4915 studiis,
1520 4842 1633 4921 quibus
1657 4843 1724 4900 adr-³

366 4935 517 4996 contraria
541 4935 666 4996 coelitus
691 4934 875 4995 obveniunt?
899 4935 963 4994 Nee
988 4942 1103 4995 tantum
1128 4935 1248 4995 humore
1273 4932 1329 4993 luit
1354 4932 1519 5010 conspicua
1545 4931 1654 4992 hiems.
1678 4929 1724 4988 sei

367 5026 459 5085 multo
492 5021 588 5100 magis
622 5024 697 5084 coeli
731 5023 883 5085 nocturnis
918 5023 1062 5087 incendiis
1093 5024 1315 5102 sanguineaque
1348 5020 1449 5100 specie
1484 5020 1674 5082 creberrima
1698 5031 1725 5075 et
