3692 5842
702 484 728 534 tn
745 481 890 548 properem
908 479 954 533 tn.
1438 473 1502 542 573

145 657 233 710 dicem
262 657 374 708 dubitare
402 658 433 708 de
461 658 507 708 illis
527 665 553 709 et
578 660 609 710 ad
628 658 757 727 Meginum
783 660 857 711 dubia
885 674 931 711 sna
955 660 1072 709 referens.
1111 656 1196 708 Obiter
1213 655 1253 706 hie
1270 660 1400 716 notamus,
1420 654 1502 706 Zueh-

145 743 284 782 mutuum
304 726 472 793 (styrensem)
499 745 573 797 aegre
596 733 681 782 tulisse
700 733 805 782 Galilaei
831 732 918 788 verba,
945 732 1031 795 quibus
1056 729 1259 779 Zucirmesserum
1285 743 1333 776 non
1353 727 1503 778 Germanum

143 800 189 852 aad
207 799 316 868 Balgam
333 803 511 865 pronunciavit.

235 877 284 942 20)
302 895 327 946 p.
347 879 406 930 5²0.
444 882 515 932 ilaec
541 883 628 934 Pena
656 887 679 934 in
709 885 746 934 ed.
771 884 827 933 Par.
858 881 943 932 1557:
972 881 1103 932 Concludit
1128 894 1168 930 ars
1192 880 1274 942 optica
1300 879 1407 941 spatium
1433 877 1503 934 illud.

143 951 211 1020 tptod
238 953 305 1003 luter
322 952 419 1003 Lunam
445 960 471 1003 et
494 954 544 1004 fixa
570 956 652 1006 sidera
677 956 783 1005 medium
812 962 865 1010 est,
889 955 938 1003 hac
968 955 1030 1002 atris
1059 954 1142 1002 anima
1163 952 1262 1015 plenum
1290 964 1352 999 esse.
1389 947 1445 998 Nee
1463 963 1504 1000 mo

143 1029 228 1074 movet
253 1023 362 1089 vulgaris
390 1025 538 1082 credulitas.
567 1042 613 1077 uec
643 1042 683 1076 me
714 1029 789 1075 etiem
820 1033 896 1076 terret
927 1024 1067 1074 Vitelliouis
1098 1023 1232 1088 gravissimi
1265 1022 1338 1084 optici
1369 1021 1502 1077 sentemia,

143 1107 197 1160 qua
223 1096 333 1158 eorporis
361 1097 474 1146 coelestis
502 1099 605 1147 nitorem
630 1100 746 1148 rariorem
771 1105 797 1147 et
821 1098 982 1161 limpidiorem
1011 1097 1100 1144 asserit
1127 1095 1192 1142 aeris
1219 1092 1408 1155 perspicuitate.
1436 1091 1503 1141 unde

144 1165 266 1232 equitur,
286 1170 347 1215 adra
365 1180 381 1214 a
399 1166 467 1216 coelo
487 1168 612 1234 distingui.
643 1170 671 1218 id
691 1172 755 1219 enirn
774 1184 805 1219 ex
823 1183 852 1217 eo
872 1170 1039 1217 demonstrare
1058 1167 1152 1221 nititur.
1172 1165 1237 1229 quod
1255 1164 1357 1213 duarum
1376 1161 1503 1212 stellarum

143 1237 177 1286 ab
195 1236 324 1288 semente
343 1240 521 1302 emergentium
540 1240 667 1299 distantia,
687 1255 731 1302 per
749 1242 939 1289 instrumentum
958 1244 1048 1301 capta.
1067 1238 1164 1287 diversa
1182 1242 1303 1299 appareat
1321 1235 1352 1283 ab
1371 1247 1410 1290 ea,
1429 1247 1503 1297 quam

144 1305 241 1358 habam
260 1307 363 1357 eaedem
383 1308 470 1358 stellae
489 1325 533 1372 per
558 1313 673 1360 verticem
699 1318 873 1361 transeuntes:
904 1310 968 1373 quod
987 1310 1060 1357 iacile
1087 1308 1262 1361 concederem,
1290 1307 1336 1354 nisi
1356 1305 1460 1355 Gemma
1477 1305 1503 1354 iu

146 1377 314 1444 explicatione
332 1378 395 1427 radii
414 1382 572 1430 astronomici
590 1382 696 1436 doceret.
717 1383 849 1431 distantias
868 1381 983 1432 siderum.
1002 1382 1027 1427 in
1040 1379 1150 1443 qnalibet
1168 1379 1298 1427 multudine
1311 1377 1443 1439 positorum
1460 1388 1503 1440 por

145 1449 338 1499 instrumentum
358 1451 509 1508 observatas,
529 1452 629 1502 easdem
648 1468 743 1516 semper
762 1467 888 1517 apparere.

235 1535 283 1598 21)
302 1554 325 1602 p.
348 1536 408 1588 521.
447 1540 549 1590 Pena:
580 1539 656 1589 Vetus
680 1544 791 1605 quaestio
816 1551 854 1591 est
873 1541 903 1590 de
922 1539 1033 1595 Tellure,
1058 1538 1202 1601 quiescatne
1222 1550 1254 1585 an
1273 1535 1399 1585 stellamm
1425 1537 1505 1585 instar

143 1607 273 1660 volmar:
299 1616 326 1658 et
343 1611 408 1660 sitne
427 1625 459 1660 ea
476 1611 560 1661 mundi
586 1612 708 1669 medium,
728 1627 760 1662 an
778 1627 794 1662 a
813 1613 897 1662 mnudi
917 1617 1002 1660 centro
1021 1615 1088 1658 certo
1108 1609 1189 1671 aliquo
1212 1607 1340 1657 intervallo
1364 1605 1504 1656 dissideat?

144 1678 241 1730 Horum
260 1683 381 1744 posterius
400 1695 416 1731 a
433 1683 511 1745 priore
529 1683 635 1747 pendet:
664 1685 720 1747 quia
739 1686 760 1732 si
778 1684 880 1733 Terram
903 1683 995 1731 moveri
1022 1680 1210 1735 monstraveris,
1239 1680 1323 1728 statim
1345 1692 1400 1728 eam
1418 1678 1503 1727 muudi

145 1756 261 1802 sumum
279 1766 329 1801 uon
348 1766 402 1802 esse
421 1756 601 1804 monstraveris.
641 1753 697 1814 Qua
715 1755 745 1804 de
764 1770 789 1804 re
808 1755 887 1804 habeo
911 1753 1009 1817 quidem
1028 1751 1086 1814 qnid
1110 1750 1215 1799 sentiam
1234 1764 1264 1799 er
1283 1750 1383 1812 opticis,
1402 1750 1446 1798 sed
1464 1763 1504 1798 me

143 1821 257 1872 nonnihil
276 1822 375 1874 cohibet
393 1824 499 1889 vulgaris
518 1827 613 1889 opinio,
641 1833 727 1875 contra
746 1840 819 1891 qnam
838 1827 859 1874 si
878 1826 974 1880 dixero,
999 1829 1086 1873 contra
1104 1821 1251 1870 clarissimos
1275 1827 1389 1870 auctores
1414 1820 1504 1870 dixisse

143 1893 313 1950 axiaflmabor,
333 1900 360 1944 et
373 1901 456 1944 tamen
470 1898 493 1944 in
513 1899 629 1947 utramvis
646 1904 741 1960 partem
761 1898 927 1960 pronunciem.
946 1911 989 1958 pro
1003 1894 1143 1945 clarissimis
1157 1894 1232 1942 etiam
1253 1894 1392 1941 auctoribus
1405 1893 1503 1944 dixeror

143 1963 209 2016 adso
228 1966 294 2014 euim
315 1973 471 2015 controversa
489 1982 527 2016 res
546 1975 597 2024 est,
616 1977 711 2018 utnon
735 1969 816 2018 desint
838 1970 952 2031 utrinqne
971 1981 1031 2030 quos
1054 1965 1172 2028 sequaris.
1211 1963 1341 2013 Censuerit
1358 1963 1504 2012 Anstotelea

143 2035 269 2086 Tellurem
288 2039 430 2101 quiescere:
453 2047 554 2088 censeat
573 2056 652 2090 rernm
672 2040 813 2088 coelestium
833 2039 1081 2102 experimentissimns
1099 2035 1270 2084 Ptolemaeus:
1290 2041 1392 2084 censeat
1409 2033 1505 2088 Theon.

143 2108 271 2158 merit
289 2107 354 2157 idem
374 2109 480 2173 vulgaris
500 2111 640 2160 credulitas.
678 2113 713 2159 at
730 2110 823 2160 nobiles
847 2110 881 2159 illi
900 2109 1067 2173 Pythagoraei
1094 2107 1166 2156 aliter
1192 2112 1341 2156 censuerunt
1359 2111 1385 2155 et
1403 2105 1504 2154 Terram

142 2180 236 2228 moveri
262 2181 464 2241 pronunciarent.
503 2182 570 2230 idem
598 2189 711 2232 asserunt
736 2182 847 2231 Platonis
873 2182 1008 2236 Timaeus,
1026 2178 1168 2238 Philolaus,
1189 2178 1347 2241 Ecphautes.
1368 2175 1504 2226 Seleucus:

142 2249 211 2300 idem
231 2249 323 2299 docent
336 2251 494 2300 Aristarchus
508 2251 614 2308 Samius,
634 2254 794 2304 Archimedes
808 2260 833 2302 et
845 2253 893 2303 hac
913 2257 1062 2314 tempestate
1083 2250 1232 2298 clarissimus
1251 2247 1408 2311 Copernicns.
1436 2246 1504 2308 Quos

142 2321 305 2370 aiArlatoteli
319 2329 346 2370 et
357 2320 500 2372 Ptolemaeo
514 2325 569 2371 viris
583 2325 722 2374 clarissimis
733 2339 876 2388 opposuero,
889 2337 971 2373 nonne
983 2322 1157 2371 auctoritatem
1176 2320 1324 2370 anctoritate
1344 2317 1505 2382 oppressero?

142 2391 194 2444 aed
212 2391 409 2442 mathematicae
429 2395 630 2458 magnificentiae
643 2398 761 2460 gravitas,
781 2396 905 2444 hominum
926 2395 1076 2443 anctoritate
1095 2392 1221 2454 despecta,
1241 2392 1349 2439 rationes
1368 2395 1466 2438 tantum
1479 2395 1506 2438 et

143 2475 236 2514 cauas
256 2462 421 2526 amplectitur.
447 2465 481 2514 Ut
500 2467 574 2530 igitur
590 2469 702 2530 sepositis
722 2468 832 2531 personis
851 2483 889 2516 res
908 2481 951 2531 per
970 2479 997 2513 se
1016 2465 1168 2522 aestimetur,
1189 2465 1237 2526 alo,
1258 2462 1312 2512 luce
1332 2467 1359 2511 et
1376 2459 1505 2524 splendore
1570 2482 1578 2494 ¹

142 2535 238 2600 apileos
257 2539 311 2583 tam
329 2535 464 2598 ancipitem
483 2540 674 2586 controversiam
694 2539 762 2594 solvi,
783 2539 918 2602 etquidem
938 2538 1041 2593 brerins,
1062 2549 1136 2599 quam
1154 2548 1193 2583 res
1211 2541 1284 2583 tanta
1301 2533 1415 2582 videatur
1433 2544 1504 2595 posse

146 2603 271 2658 concludi.
308 2604 411 2655 Possem
430 2607 525 2656 adierre
545 2609 670 2658 stellarum
689 2611 792 2659 fixarum
812 2612 843 2659 ab
863 2610 969 2673 antiquis
988 2612 1127 2669 compertas
1146 2606 1279 2654 diametros
1296 2606 1411 2660 minores,
1431 2616 1505 2668 quam

145 2676 359 2728 araceutioribus
383 2678 553 2739 inveniuntur,
579 2695 609 2729 ex
628 2681 714 2745 quibus
733 2681 834 2731 doceret
853 2683 949 2744 optice,
968 2680 1070 2728 Terram
1096 2677 1231 2741 propiorem
1250 2691 1303 2726 esse
1322 2690 1416 2725 summo
1436 2674 1505 2724 coeio

144 2761 214 2800 nunt
233 2761 308 2813 quam
328 2747 393 2796 oiim.
431 2748 480 2798 Sed
499 2758 596 2814 propter
615 2755 777 2815 suspicionem
797 2754 901 2802 maetas
921 2750 1097 2800 observationis
1115 2748 1218 2797 liberum
1236 2749 1280 2807 sit,
1300 2747 1365 2797 hano
1383 2747 1505 2796 rationem

144 2819 259 2884 nlicere.
284 2819 407 2869 Feruntur
419 2821 557 2870 inerrantes
570 2823 658 2873 stellae
677 2823 799 2888 aequabili
820 2824 957 2879 celeritate,
976 2820 1141 2885 inaequaliter
1154 2825 1239 2869 antem
1251 2819 1364 2884 progredi
1382 2817 1504 2874 videntur,

144 2897 173 2941 nt
191 2895 332 2954 temporum
351 2891 489 2941 observatio
509 2893 588 2941 docet.
621 2895 658 2942 Ex
677 2911 723 2959 quo
742 2902 820 2957 patet.
841 2895 945 2943 Telluris
964 2894 1062 2958 globum
1081 2892 1218 2941 Ptolemaei
1237 2898 1345 2953 tempore
1363 2890 1506 2953 longissima

145 2974 162 3012 a
179 2961 252 3014 coelo
272 2961 389 3023 abfuisse,
410 2961 547 3013 Mohameti
566 2980 622 3014 vero
641 2973 750 3028 tempore
773 2968 881 3029 proxime
901 2966 934 3015 ad
953 2965 1047 3016 coelum
1067 2965 1219 3013 accessisse:
1244 2970 1327 3011 nostra
1345 2975 1401 3010 reso
1420 2966 1506 3010 utute

144 3032 305 3084 mediocriter
325 3033 356 3083 ab
376 3041 479 3098 utroque
499 3050 600 3085 excessu
620 3038 713 3086 abesse.
752 3037 793 3087 lta
810 3038 877 3086 rides
898 3053 928 3086 ex
948 3038 1034 3099 opticis
1054 3035 1176 3090 concludi,
1196 3048 1299 3083 necesse
1318 3047 1371 3082 esse
1390 3039 1418 3081 nt
1430 3030 1508 3081 Terra

145 3105 257 3172 aliquem
275 3111 369 3154 motum
387 3105 490 3163 habeat,
510 3122 557 3170 quo
582 3108 663 3157 locum
690 3115 777 3157 mutet.
815 3108 841 3158 Si
861 3109 938 3157 Terra
965 3109 1046 3156 locum
1072 3113 1165 3162 mutat,
1192 3105 1312 3168 quomodo
1331 3105 1378 3153 erit
1396 3109 1508 3153 centrum

144 3174 254 3228 mnudi?
270 3175 313 3226 Ita
331 3183 402 3226 retus
420 3179 655 3241 sapientissimorum
673 3179 798 3228 homiuum
818 3180 984 3229 controversia
1003 3179 1057 3227 lnce
1072 3179 1165 3240 optines
1184 3177 1346 3225 illustrabitur
1364 3180 1390 3224 et
1407 3173 1507 3239 negotio

144 3249 249 3298 minimo
270 3255 438 3311 componetur.
453 3273 487 3283 -
507 3250 561 3306 His,
581 3264 645 3314 qnae
659 3250 745 3300 dubius
763 3252 854 3313 proiert
867 3250 938 3299 Pena
957 3250 987 3297 de
1006 3258 1074 3297 motu
1088 3248 1188 3303 Terrae.
1209 3247 1350 3297 addendum
1369 3257 1507 3300 censemus.

143 3317 240 3370 Petram
262 3320 351 3367 viriam
369 3334 416 3382 quo
435 3326 545 3384 tempore
565 3319 693 3385 Copemici
713 3337 773 3386 opns
791 3322 888 3385 prodiit.
926 3320 1007 3369 Natus
1026 3333 1049 3367 a.
1074 3316 1149 3367 1518.
1169 3319 1282 3374 Parisiis,
1306 3333 1394 3367 manns
1413 3317 1507 3380 proies·

144 3391 205 3440 soris
233 3390 296 3454 regii
324 3389 466 3439 matheseos
494 3394 603 3455 suscepit
625 3407 716 3442 annum
744 3407 821 3458 agens
840 3391 882 3439 27.
920 3392 987 3440 Petri
1005 3389 1078 3438 iiami
1107 3405 1165 3439 usus
1193 3389 1370 3445 familiaritate,
1399 3388 1464 3437 huno
1482 3387 1508 3434 in

143 3461 331 3512 mathematicis
351 3461 489 3516 erudiebat.
510 3471 536 3513 et
554 3465 606 3514 rice
625 3479 697 3513 versa
716 3464 813 3513 abhoc
832 3464 864 3513 ad
883 3464 1009 3511 literarum
1029 3469 1054 3510 et
1073 3462 1213 3526 lingusmm
1231 3460 1315 3510 studia
1333 3460 1441 3509 imbutus
1461 3463 1507 3506 eat.

142 3531 259 3584 iiortuns
279 3540 403 3581 osteum
424 3531 501 3582 1558.

235 3617 284 3680 22)
304 3635 328 3683 p.
343 3617 403 3668 521.
429 3620 535 3670 Pena:
555 3621 711 3670 Ptolemaeus
725 3622 812 3672 Lunae
826 3635 841 3671 a
853 3622 930 3671 Terra
943 3623 1103 3672 remotionem
1116 3623 1248 3670 maximam
1261 3621 1360 3685 quidem
1373 3613 1408 3666 di
1420 3616 1507 3667 semid.

141 3693 247 3749 Tema.
266 3692 395 3741 minimam
415 3706 471 3741 vero
492 3689 524 3739 33
545 3707 599 3742 esse
625 3694 737 3742 asseruit.
776 3697 811 3743 At
830 3694 993 3756 Copernicus,
1019 3695 1055 3742 rir
1073 3701 1140 3743 certe
1159 3693 1219 3741 mire
1238 3706 1328 3754 sagax.
1355 3689 1399 3739 red
1417 3690 1443 3737 in
1461 3687 1509 3737 hoo

137 3765 223 3818 ninus
243 3763 372 3818 oculatus,
399 3778 454 3813 cum
473 3763 518 3812 has
537 3764 673 3813 Ptolemaei
699 3764 832 3814 distantias
851 3766 1019 3822 examinaret,
1041 3780 1083 3815 eas
1103 3764 1160 3813 inde
1178 3763 1348 3827 reprehendit,
1375 3761 1508 3825 quiscum

137 3837 269 3888 mimae
288 3835 322 3884 ad
340 3835 469 3884 minimam
482 3836 546 3884 ratio
567 3835 642 3898 dupla
655 3837 706 3885 iere
719 3838 760 3892 sit,
781 3838 927 3887 diametrum
947 3852 1042 3900 quoque
1056 3837 1143 3885 Lunae
1158 3837 1291 3899 perigaeae
1306 3834 1377 3898 duplo
1391 3835 1509 3895 majorem

137 3907 220 3959 videri
242 3908 379 3970 oportuerit
398 3906 518 3956 diametro
537 3905 625 3955 Lunae
645 3921 782 3972 apogaeae.
818 3908 889 3969 Quae
910 3907 1038 3970 Copemici
1057 3909 1239 3972 argumentatio
1258 3907 1334 3956 fallax
1353 3911 1407 3955 est:
1428 3917 1508 3967 neque

136 3980 209 4034 nim
228 3979 251 4028 ai
270 3977 336 4028 duae
355 3978 405 4026 siut
425 3977 543 4041 aequales
562 3979 755 4042 magnitudines,
775 3995 876 4043 quarum
897 3981 977 4029 altera
1001 3986 1109 4034 centnm,
1129 3978 1209 4027 altera
1227 3978 1342 4028 ducentis
1360 3975 1474 4040 passibus
1493 3987 1510 4023 a

137 4058 165 4104 ia
186 4049 275 4112 duaa
293 4063 398 4100 necesse
418 4057 456 4098 est
475 4049 548 4112 duplo
567 4052 685 4111 majorem
700 4053 766 4099 cerni
785 4053 920 4115 propiorem
941 4051 1137 4115 magnitudinem
1150 4064 1225 4113 quam
1237 4051 1410 4099 remotiorem:
1429 4060 1510 4110 neque

133 4123 163 4174 id
183 4120 239 4172 ulia
258 4121 353 4185 opticer
372 4121 556 4186 geometriaeve
576 4121 753 4171 demonstratio
769 4122 853 4172 docet:
873 4124 990 4171 imovero
1006 4122 1086 4171 dictat
1105 4123 1188 4184 optica
1207 4135 1255 4181 ars,
1276 4119 1393 4184 aequales
1411 4118 1509 4181 magui-

133 4191 242 4246 udices
262 4193 295 4242 ab
317 4192 389 4243 oculo
417 4192 583 4256 inaequaliter
611 4193 733 4242 distantes
760 4193 850 4243 habere
869 4195 988 4242 minorem
1018 4195 1138 4241 rationem
1167 4192 1320 4257 angulorum.
1349 4190 1395 4238 sub
1423 4189 1510 4252 quibus

135 4269 294 4324 matur,
324 4277 400 4329 qnam
424 4263 606 4312 distantiarum.
645 4263 717 4313 Unde
744 4266 819 4314 etiam
840 4265 976 4329 colligitur.
1005 4265 1058 4313 sieri
1078 4279 1148 4328 posse
1169 4271 1197 4312 ut
1215 4263 1353 4312 Ptolemaei
1372 4260 1510 4309 distantiae

134 4349 218 4388 verae
237 4335 289 4383 aiut
308 4342 334 4385 et
353 4342 438 4384 tamen
457 4335 569 4384 diametri
589 4335 675 4383 Lunae
694 4335 762 4386 hand
782 4351 932 4401 magnopere
952 4336 1100 4399 discrepent.

234 4419 283 4485 2³)
301 4438 325 4487 p.
347 4421 407 4471 523.
446 4423 554 4472 Libellus
584 4424 745 4475 Germanicus
779 4426 923 4487 inscriptus:
956 4425 1158 4483 ,Ausiiilrrlicher
1185 4421 1301 4472 Bericht“
1331 4419 1396 4474 dte-0
1423 4417 1513 4482 prodiit

137 4495 229 4548 Baias
256 4495 382 4546 Suonnm
410 4508 476 4542 anno
500 4492 573 4542 1608.
613 4496 680 4559 Opus
711 4496 814 4544 latinum
843 4497 933 4558 prodiit
959 4498 1088 4560 Augustae
1114 4495 1189 4544 Viud.
1217 4494 1336 4542 sumtibus
1365 4490 1421 4541 Seb.
1441 4488 1511 4551 Mylii

139 4581 212 4620 anuo
234 4561 312 4626 lala,
336 4567 497 4629 inscriptum:
524 4565 563 4614 Ile
592 4567 699 4615 Cometis
725 4567 798 4616 libelii
822 4574 879 4616 tres.
916 4568 946 4616 ln
975 4568 1049 4616 literis
1075 4568 1097 4615 d.
1126 4566 1150 4616 1.
1170 4568 1235 4632 Aug.
1257 4562 1333 4613 1619.
1354 4563 1386 4612 ad
1405 4560 1511 4611 Remum

142 4644 469 4709 dadraerlbltKeplemst
498 4639 597 4692 haeret
627 4641 696 4693 liber
727 4657 802 4693 niens
833 4644 865 4692 de
894 4641 1014 4694 Cernetis
1045 4658 1177 4694 annorum
1212 4638 1415 4700 16οἵτ1619.
1448 4635 1509 4704 jam

146 4727 279 4792 quartum
300 4719 327 4773 in
348 4735 467 4772 mensem
488 4723 651 4790 Augustae,
674 4720 700 4772 in
723 4737 776 4789 quo
798 4728 860 4773 sunt
882 4722 1056 4774 theoremata
1077 4723 1110 4774 ad
1134 4721 1180 4785 30,
1204 4720 1302 4791 quibus
1324 4719 1413 4788 posito
1435 4721 1508 4770 motu

149 4801 256 4854 Terrae
277 4815 368 4853 omues
389 4801 573 4870 apparentiae
595 4806 770 4861 cometarum,
792 4801 876 4853 etiam
890 4801 937 4854 via
958 4804 1090 4863 flexuosa,
1110 4819 1160 4871 per
1175 4817 1319 4855 ascensum
1340 4797 1510 4853 rectilineum

153 4877 380 4932 ordinatissimum
402 4875 439 4947 (ei
461 4879 602 4950 quisquam
624 4878 782 4934 rectilineus
804 4888 893 4934 motus
915 4882 943 4933 iu
965 4883 1139 4935 naturalibus
1161 4882 1303 4936 ordinatus
1322 4875 1380 4948 est)
1401 4880 1509 4932 demon·

163 4961 292 5012 amiur.
330 4959 472 5013 Pollicitus
493 4968 537 5013 est
559 4962 694 5013 excudere
716 4959 780 5014 Seb.
801 4961 917 5030 hiylius,
940 4965 987 5014 sed
1009 4963 1054 5015 diu
1076 4963 1143 5015 nihil
1165 4961 1285 5032 scripsit.
1335 4964 1434 5027 (Mense
1461 4963 1510 5014 Oc·

164 5031 225 5084 ithai
241 5032 267 5082 iu
284 5035 391 5102 catalogo
410 5038 575 5088 nundinarum
594 5038 708 5087 Francos.
729 5037 865 5087 indicatum
884 5046 922 5088 ert
941 5038 1023 5102 opus.)
1093 5035 1099 5046 '
