3692 5842
754 498 835 565 capa
852 500 895 550 1³2
1437 500 1502 570 643

145 697 186 739 ex
208 678 256 739 his
279 677 395 739 duabus
419 678 528 752 causis,
554 679 652 739 altera
675 676 799 754 formali,
824 679 921 740 altera
943 678 1100 755 efficiente,
1126 679 1196 760 qnid
1210 680 1352 761 prohibet
1374 680 1503 745 existere

144 768 287 829 effectum
310 767 340 828 in
364 767 491 828 materia
513 766 640 828 idonea?
728 775 732 783 '

234 857 286 918 Ita
308 854 356 917 hie
380 873 495 936 quoque
520 856 650 918 facultas
674 854 820 916 naturalis
844 856 873 917 in
898 875 1021 937 corpore
1050 855 1203 919 sublunari
1232 857 1417 920 architectus
1445 864 1503 933 est,

145 964 225 1025 quae
248 946 343 1023 figura
365 945 543 1007 radiationis
572 945 663 1005 utitur
691 962 744 1022 pro
769 946 946 1025 exemplari,
982 947 1066 1027 eique
1098 947 1279 1008 conformem
1302 947 1332 1008 iu
1356 966 1409 1009 suo
1433 965 1503 1009 cor·
1604 963 1612 974 ⁸

143 1053 219 1115 pore
243 1033 436 1113 spiritibnsve
469 1035 529 1095 ciet
561 1042 682 1095 motum.
729 1032 797 1093 Etsi
821 1035 988 1097 Ptolemaei
1006 1037 1083 1097 ratio
1107 1035 1290 1097 insufficiens
1314 1043 1371 1097 est.
1418 1035 1502 1098 Mul-

142 1133 197 1185 tae
229 1141 356 1203 namque
387 1132 517 1203 possunt
547 1141 613 1183 esse
646 1120 809 1184 subtensae
837 1143 959 1185 arcuum
987 1125 1088 1186 circuli
1112 1124 1303 1187 rationalium
1326 1133 1358 1186 et
1381 1124 1502 1187 irratio-

142 1212 267 1281 nalium.
291 1230 366 1292 quae
389 1213 533 1291 potentiis
557 1211 606 1272 vel
630 1210 814 1289 longitudine
838 1222 1005 1295 aequentur
1027 1223 1129 1300 certae
1153 1214 1233 1295 parti
1258 1214 1411 1290 diametri,
1436 1234 1502 1277 cum

142 1309 247 1363 umen
271 1308 427 1382 aspectum
451 1321 507 1362 nou
532 1301 654 1362 faciant.

234 1390 281 1451 De
304 1409 397 1451 causa
420 1390 621 1470 distinguendi
645 1390 723 1451 inter
745 1389 839 1450 bonos
863 1398 896 1451 et
923 1391 1019 1453 malos
1051 1400 1193 1472 aspectus
1217 1391 1340 1473 ejusque
1365 1390 1502 1455 vanitate

143 1480 340 1543 dictumest.
460 1475 465 1484 '

233 1569 276 1630 Et
299 1568 376 1630 ratio
401 1569 439 1629 ab
462 1568 621 1630 Aboasare
650 1568 732 1629 dicta
760 1585 830 1628 vere
859 1566 888 1628 id
912 1575 975 1642 est,
1010 1569 1088 1649 quod
1112 1567 1202 1630 Picus
1230 1568 1320 1643 dieite
1350 1587 1388 1630 ex
1420 1568 1502 1631 mille

140 1658 253 1739 parmis
282 1678 358 1719 unus
390 1666 488 1719 cento.
534 1658 613 1720 Nam
651 1657 820 1736 oppositum
851 1656 996 1719 aLunaa
1029 1657 1216 1737 impletione,
1250 1658 1429 1739 quadratum
1463 1657 1500 1720 ab

140 1747 333 1819 inferiorum,
375 1747 486 1808 trinum
517 1766 536 1806 a
568 1746 752 1826 superiorum
786 1747 974 1827 planetarum
1006 1747 1139 1808 statione
1166 1747 1288 1828 probat:
1321 1766 1376 1809 neo
1399 1755 1501 1810 tamen

141 1838 171 1900 ei
197 1837 274 1898 ratio
297 1834 433 1897 venitin
457 1835 601 1897 articulos
624 1853 719 1914 neque
743 1842 886 1896 constans
910 1846 971 1906 est,
1000 1837 1044 1898 rei
1074 1836 1244 1898 constantis
1277 1844 1309 1898 et
1332 1835 1499 1916 exquisitae

139 1925 347 1988 dimensionis.

231 2013 369 2095 Denique
392 2012 607 2075 neotericorurn
631 2012 778 2074 rationem
802 2032 820 2071 a
844 2012 1049 2075 consonantiis
1072 2012 1194 2076 musicis
1209 2012 1298 2076 Picus
1317 2011 1498 2093 perbenigne

139 2104 247 2177 habet,
271 2102 317 2165 his
340 2103 440 2164 verbis
463 2122 530 2162 eam
553 2121 755 2182 prosequens:
779 2110 833 2166 Sed
853 2112 925 2165 haec
945 2112 1041 2184 utique
1061 2114 1139 2169 bella
1159 2119 1224 2168 sunt
1249 2114 1411 2183 habentque
1436 2129 1499 2183 spa·

139 2205 212 2261 aiem
232 2203 441 2274 probabilitatis
463 2203 536 2272 apud
558 2219 614 2265 eos,
636 2201 682 2272 qui
703 2201 907 2272 philosophiam
927 2202 960 2254 de
981 2203 1073 2257 limine
1094 2204 1263 2258 salutarunt.
1316 2190 1397 2272 Opto
1428 2190 1501 2254 mibi

140 2282 311 2347 redivivum
325 2282 439 2343 Picum.
477 2281 561 2342 Haec
584 2281 672 2354 enim,
697 2282 771 2341 haec
795 2280 848 2340 illa
872 2287 919 2340 est
943 2282 1031 2352 ratio,
1055 2301 1130 2364 quae
1153 2301 1207 2362 per
1225 2281 1351 2361 primam
1365 2280 1500 2370 blaterui

139 2377 187 2444 (11,
219 2376 276 2443 25.)
312 2378 344 2431 et
376 2370 537 2431 secundam
556 2370 720 2431 Ptolemaei
744 2376 830 2440 (Cara
845 2376 939 2428 cnmm.
958 2380 1093 2440 inpacta
1115 2377 1168 2441 12.)
1192 2371 1321 2446 exculta,
1345 2371 1375 2434 iu
1397 2369 1499 2450 philo-

140 2460 269 2546 sophiae
292 2459 461 2539 penetralia
484 2459 622 2533 deducta,
648 2478 704 2519 nou
729 2459 858 2537 speciem
883 2460 944 2521 veri
964 2463 1114 2537 exhibeat,
1139 2462 1192 2525 sed
1215 2461 1305 2541 plane
1328 2458 1501 2521 satisfaciat

140 2560 174 2613 et
199 2548 380 2630 cognitionis
404 2547 556 2609 suavitate
579 2548 685 2610 mirum
708 2547 736 2608 in
768 2548 887 2610 modum
916 2550 1056 2613 delectet.
1102 2551 1188 2614 Nam'
1209 2558 1244 2612 ut
1267 2550 1355 2612 Picus
1379 2548 1500 2628 quidem
1540 2557 1541 2560 ’

139 2659 212 2704 eam
245 2637 505 2712 commemoravit,
539 2638 647 2699 misere
677 2637 771 2698 habet
800 2646 831 2699 et
859 2646 942 2701 recte
975 2661 994 2702 a
1025 2641 1097 2703 Pico
1131 2638 1311 2720 exploditur.
1365 2636 1499 2699 Primum

139 2729 236 2803 enim,
268 2729 337 2809 quid
368 2743 474 2788 vocum
498 2727 653 2789 concentui
679 2746 832 2787 commune
856 2745 923 2790 cum
947 2730 1039 2794 radiis
1062 2728 1270 2811 planetarum?
1316 2727 1446 2803 Deinde,
1471 2725 1499 2788 si

137 2818 204 2882 bini
226 2819 367 2899 planetae
398 2835 435 2877 ea
467 2816 582 2877 ratione
615 2835 778 2877 consonare
803 2816 955 2894 dieantur,
990 2840 1048 2899 qua
1081 2820 1197 2881 ratione
1229 2818 1377 2898 quaedam
1410 2815 1498 2896 sigua
1601 2883 1606 2888 ,

139 2908 281 2970 dicuntur
304 2914 396 2979 muta,
423 2904 550 2966 futilitas
575 2926 633 2968 una
657 2925 694 2966 ex
718 2906 778 2966 alia
802 2905 947 2969 futilitate
970 2909 1170 2971 confirmatur.
1216 2906 1352 2988 Denique
1370 2904 1396 2967 si
1410 2904 1498 2985 signa

138 2995 265 3059 vocibus
288 3014 409 3056 numero
434 3004 613 3073 aequentur,
635 2997 699 3076 jam
722 2996 799 3057 ratio
823 3004 889 3058 tota
907 2998 1049 3078 jugulata
1072 3006 1197 3060 estnec
1219 3003 1364 3077 congruet
1386 2993 1496 3056 simili·

140 3086 216 3150 tudo
241 3105 295 3147 uec
314 3080 411 3146 'causa
434 3086 666 3164 comparationis
688 3085 816 3165 patebit.

229 3175 336 3255 Itaque
361 3174 416 3234 hoe
440 3174 530 3234 etde
555 3174 814 3253 conjunctionibus
838 3183 869 3236 et
892 3175 929 3235 de
954 3176 1125 3254 aspectibus
1148 3194 1252 3235 verum
1275 3181 1338 3248 est,
1363 3170 1419 3234 uiti
1443 3190 1495 3235 eos

137 3264 266 3338 ratione,
292 3282 350 3324 non
374 3261 546 3342 corporibus
571 3265 624 3325 sed
648 3263 843 3325 facultatibus
867 3263 1052 3343 spiritalibus
1076 3263 1311 3326 naturalissima.

228 3353 308 3416 Illud
332 3353 362 3413 in
385 3352 523 3414 confesso
548 3361 597 3413 est
620 3354 697 3432 apud
720 3352 964 3432 philosophorum
982 3353 1142 3432 principes,
1167 3352 1348 3433 geometriae
1363 3349 1495 3429 vestigia

135 3444 169 3507 iu
194 3442 303 3504 mundo
327 3460 484 3521 expressa,
518 3442 561 3503 sic
589 3450 623 3503 ut
650 3441 816 3518 geometria
844 3441 885 3501 sit
914 3440 1034 3520 quidam
1064 3442 1149 3522 quasi
1172 3441 1272 3503 mundi
1296 3441 1493 3521 archetypus3

137 3533 204 3596 sive
229 3532 294 3612 quis
322 3550 389 3591 cum
412 3528 595 3591 Christianis
628 3532 767 3592 mundum
798 3530 828 3590 in
858 3531 1002 3609 temporis
1034 3531 1161 3610 quodam
1190 3530 1312 3592 exordio
1341 3529 1494 3590 conditum

137 3624 237 3696 dicat,
268 3620 332 3681 sive
356 3619 539 3681 creationem
561 3621 639 3681 hauc
662 3639 729 3682 cum
752 3619 917 3681 Platonicis
941 3628 1095 3682 aeternam
1119 3618 1226 3695 faciat3
1251 3618 1357 3679 deinde
1381 3624 1414 3678 et
1436 3616 1492 3678 hoc

137 3730 257 3773 verum:
291 3710 320 3771 in
344 3709 479 3770 omnibus
508 3709 652 3771 creaturis
676 3709 867 3782 animalibus,
900 3708 943 3770 uti
966 3709 1031 3770 vita
1051 3707 1119 3790 ipsa
1142 3717 1173 3770 et
1196 3706 1399 3789 augmentatio
1422 3723 1492 3767 eer-

138 3800 224 3882 poris
248 3813 280 3861 et
307 3797 475 3879 procreatio
506 3800 617 3878 speciei
650 3808 698 3860 est
725 3800 845 3878 quidam
874 3798 1036 3860 creationis
1065 3798 1165 3868 lusus.
1193 3798 1235 3860 sic
1269 3797 1360 3859 etiam
1391 3791 1493 3857 archi-

136 3898 254 3953 tectum
277 3889 363 3968 hujus
387 3888 486 3967 operis
509 3908 612 3968 gerere
626 3889 684 3950 Dei
705 3887 867 3950 conditoris
886 3888 1035 3967 quandam
1050 3888 1281 3951 similitudinem.
1327 3887 1493 3966 Propterea

136 3998 217 4060 quae
241 3978 328 4040 nobis
351 3986 421 4039 suut
443 3997 496 4039 usu
521 3978 678 4051 vilissima,
703 3977 833 4058 penitius
866 3977 1003 4058 inspecta
1031 3978 1153 4040 summis
1176 3986 1248 4041 sunt
1270 3974 1493 4057 aequiparanda

137 4066 308 4133 miraculis:
332 4074 366 4128 ut
387 4085 456 4127 vere
481 4068 546 4146 quis
569 4067 620 4128 ille
642 4078 797 4148 poetarum
821 4066 979 4129 cecinerit:

337 4193 344 4211 .
452 4158 685 4230 Praesentomque
706 4160 793 4213 refert
814 4158 957 4230 quaelibet
976 4159 1065 4214 herba
1084 4158 1182 4213 Deum.

228 4243 348 4306 Etenim
371 4242 400 4305 in
425 4244 603 4308 formatione
628 4248 739 4319 foetus,
771 4246 801 4307 in
828 4246 993 4309 vilissimae
1023 4246 1114 4309 etiam
1141 4245 1251 4308 herbae
1273 4238 1489 4326 procreatione,

136 4333 214 4400 nihil
237 4334 387 4413 estquod
411 4335 449 4397 ab
472 4336 525 4398 illa
548 4335 693 4398 facultate
716 4355 775 4397 non
798 4355 914 4398 summa
942 4344 973 4398 et
996 4335 1221 4398 absolutissima
1245 4334 1299 4396 fuat
1320 4330 1436 4394 ratione
1459 4338 1492 4393 et

136 4426 179 4489 ad
202 4425 291 4486 tinam
315 4442 413 4499 suum,
442 4425 526 4504 quasi
554 4421 592 4486 ex
615 4425 780 4487 deliberato
811 4424 927 4505 (utique
951 4444 988 4485 ex
1012 4424 1225 4487 deliberatione
1247 4441 1302 4503 per
1325 4427 1489 4483 creatorem

134 4513 260 4587 habita)
284 4512 430 4592 dirigatur
451 4514 680 4593 perfectissime.
727 4515 784 4575 Hic
813 4532 882 4575 vero
905 4533 1038 4575 summae
1061 4514 1185 4575 rationis
1213 4510 1398 4593 principatus
1430 4528 1488 4571 uon

136 4601 271 4685 corpori,
296 4620 354 4662 non
378 4604 531 4679 materiae,
556 4604 610 4665 sed
633 4602 822 4665 informantis
846 4604 961 4666 animae
986 4603 1177 4665 facultatibus
1201 4601 1301 4681 utique
1324 4598 1487 4662 transscri-

135 4692 255 4759 bendus
280 4691 351 4753 erit:
384 4701 418 4753 ut
449 4711 533 4754 omne
562 4712 656 4772 genus
684 4692 864 4754 naturalium
890 4695 939 4755 vel
966 4693 1135 4755 animalium
1166 4693 1342 4754 facultatum
1366 4690 1394 4751 in
1416 4704 1486 4749 cor·

136 4782 262 4867 poribus
285 4780 343 4842 Dei
367 4782 517 4862 quandam
540 4791 629 4861 gerat
651 4782 883 4845 similitudinem.

228 4872 336 4952 Itaque
360 4869 386 4931 si
408 4872 504 4953 prima
525 4881 737 4937 connectamus
755 4872 876 4947 ultimis,
902 4892 967 4936 cnm
982 4871 1064 4934 Deus
1078 4871 1142 4954 ipsa
1157 4870 1349 4952 archetypum
1363 4868 1486 4932 creandi

137 4960 241 5027 mundi
265 4980 303 5022 ex
325 4961 492 5041 geometria
515 4962 650 5041 elegerit,
680 4961 748 5041 quid
772 4961 875 5023 mirum
898 4963 924 5024 si
948 4962 1011 5041 ejus
1035 4961 1244 5024 similitudines
1267 4960 1373 5022 iisdem
1397 4958 1485 5022 rebus

137 5048 330 5135 geometricis
354 5050 553 5127 delectentur,
583 5052 613 5113 in
636 5050 699 5113 suis
722 5050 893 5132 corporibus
916 5052 1084 5129 mouendis,
1108 5070 1183 5134 quas
1205 5050 1309 5112 vident
1331 5056 1484 5115 auctorem

1212 5151 1273 5208 di*
