3692 5842
708 486 831 540 derebus
850 485 956 554 Optiolr.
1458 490 1521 565 1113

154 678 245 723 amc
267 660 444 723 clarissimis
474 659 779 723 demonstrationibus
813 663 980 736 detectum,
1015 662 1128 724 crebris
1162 661 1303 742 epistolis
1332 672 1364 726 et
1392 668 1521 745 publicis

154 747 411 828 disputationibus
444 758 596 811 testantur
628 750 736 812 medici
766 761 855 830 atque
888 749 1070 831 philosophi.
1126 750 1174 812 Ex
1203 751 1256 812 illo
1294 771 1365 814 vero
1402 755 1521 818 ridendi

154 838 242 898 modo
267 839 402 919 sequitur
424 840 607 901 necessitate
632 839 854 901 conclusionum
885 837 1071 913 inevitabili,
1107 848 1141 901 ut.
1164 840 1241 901 talia
1264 841 1410 903 eveniant
1436 846 1521 905 oculo

153 935 245 1006 utque
270 927 388 1006 species
412 928 575 990 lucidorum
599 938 767 1007 appareant
797 929 974 1007 ampliatae,
1001 929 1071 989 licet
1094 928 1124 988 iu
1149 947 1181 989 re
1211 928 1279 1007 ipsa
1311 929 1422 992 visibili
1448 933 1520 994 nihil

154 1013 231 1076 insit
254 1015 364 1077 simile.

244 1101 326 1166 Cum·
344 1103 435 1183 igitur
459 1124 569 1166 causae
592 1105 818 1184 phaenomendn
840 1124 916 1184 quae
936 1106 1053 1183 allegas
1078 1106 1217 1167 detectae
1237 1107 1308 1181 sint,
1336 1126 1387 1168 cur
1410 1110 1520 1171 nodum

153 1193 182 1253 in
207 1193 308 1273 scirpo
332 1193 461 1273 quaeris,
495 1193 642 1255 sollicitus
675 1192 762 1254 nimis
794 1193 1013 1272 philosophus?
1047 1213 1113 1267 cur,
1150 1194 1235 1274 quasi
1266 1195 1338 1256 nihil
1364 1197 1405 1257 sit
1429 1218 1447 1258 a
1471 1219 1518 1259 inc

153 1281 408 1357 demonstratum,
438 1282 512 1343 nihil
536 1282 590 1343 tibi
614 1283 727 1343 crebris
758 1283 894 1361 epistolis
919 1301 957 1342 ex
980 1301 1027 1342 me
1051 1284 1208 1361 quaerenti
1232 1302 1430 1366 responsum,
1462 1287 1517 1348 has

152 1369 237 1432 risus
272 1371 411 1432 fallacias
442 1371 563 1432 silentio
596 1370 823 1449 praeteriristi?
857 1370 889 1431 Si
923 1389 1034 1432 causae
1067 1371 1147 1431 intus
1171 1371 1199 1432 in
1232 1375 1318 1433 oculo
1352 1386 1518 1453 suppetunt
1559 1385 1565 1392 ‘

153 1459 291 1538 plurimis
315 1468 407 1539 aptae
430 1459 654 1539 phaenomenis,
679 1479 731 1520 cur
753 1459 781 1520 in
802 1461 918 1520 coelum
941 1459 1090 1532 ascendis,
1107 1460 1211 1521 Lunae
1232 1460 1389 1522 camisiam
1408 1462 1515 1540 induis,

151 1547 240 1609 nnius
265 1549 449 1627 alteriusque
470 1548 669 1628 phaenomeni
688 1568 790 1624 causa,
816 1549 869 1608 sed
885 1566 961 1627 quae
978 1547 1007 1608 in
1028 1548 1096 1609 aliis
1117 1568 1206 1628 quam
1226 1549 1366 1626 plurimis
1390 1552 1515 1614 demon·-

153 1636 290 1698 strandis
314 1637 389 1698 nulli
412 1644 460 1697 est
485 1637 574 1697 usui?
605 1636 648 1698 Et
674 1647 778 1716 aperte
802 1645 917 1716 pugnat
941 1656 1008 1697 cum
1031 1637 1084 1697 illa
1112 1658 1205 1698 causa
1233 1657 1301 1699 mea
1326 1640 1431 1701 Lunae
1456 1642 1516 1702 ial-

153 1735 244 1786 catae
279 1725 452 1786 observatio
484 1724 559 1804 Cap.
584 1726 643 1800 Xl,
673 1724 704 1788 5.
730 1725 795 1787 libri
828 1724 953 1803 allegati
978 1726 1087 1786 relata.
1129 1724 1209 1795 Quin
1235 1726 1304 1800 imo,
1329 1728 1458 1803 Fabrici,
1485 1740 1516 1791 te

152 1814 254 1893 ipsum
277 1814 424 1894 implicas,
451 1814 519 1875 dum
544 1834 653 1876 causas
682 1815 764 1876 coelo
789 1815 845 1893 ipsi
870 1812 975 1875 niteris
1005 1813 1237 1888 transscribere,
1270 1816 1410 1878 fallacias
1435 1819 1517 1879 visus

154 1922 215 1963 non
238 1903 365 1965 obscure
390 1904 535 1982 allegans.
573 1903 651 1964 Nam
675 1922 727 1963 our
747 1903 793 1963 hic
818 1902 977 1981 telescopii
1001 1903 1187 1964 meministi?
1211 1922 1263 1964 cur
1286 1904 1516 1985 interpositione

153 1992 237 2053 iliius
261 1991 411 2053 diversum
445 2011 590 2072 apparere
624 1991 737 2053 asseris
775 1992 918 2053 circulum
952 1990 1082 2069 partium
1115 2000 1147 2051 et
1171 1991 1287 2052 lucidae
1317 2002 1347 2054 et
1372 1994 1517 2056 obscuras
1590 2048 1595 2057 ,

153 2080 274 2142 unicum
297 2089 329 2142 et
353 2081 543 2160 perfectum?
567 2079 600 2142 si
625 2100 717 2141 causa
740 2080 937 2159 phaenomeni
962 2080 991 2140 in
1017 2098 1047 2140 re
1073 2080 1166 2153 inest,
1192 2081 1353 2158 apparebit
1376 2083 1429 2143 illa
1454 2092 1516 2144 tam

152 2188 209 2249 per
231 2170 437 2249 perspicillnrn
461 2188 550 2249 quam
573 2169 637 2230 sine
661 2169 721 2230 illc.
770 2168 831 2230 Cur
855 2168 952 2240 addis,
978 2186 1105 2247 corpora
1129 2166 1275 2230 luminosa
1297 2187 1352 2248 per
1375 2172 1517 2234 tenebras

155 2258 276 2338 majora
299 2258 411 2332 videri,
445 2277 535 2337 quam
558 2259 587 2319 in
613 2258 702 2319 luce?
735 2258 841 2319 Nonne
866 2257 895 2318 id
912 2260 1020 2317 'rerum
1046 2266 1094 2318 est
1126 2256 1217 2317 etiam
1243 2258 1279 2318 de
1312 2260 1517 2333 terrestribus,

153 2367 232 2429 qnae
255 2347 324 2427 ipsa
347 2347 376 2409 in
400 2367 433 2407 se
457 2346 532 2426 ipsis
555 2367 608 2408 nec
633 2355 780 2425 augentur
804 2365 858 2407 nec
881 2345 1074 2406 minuuntur?
1103 2344 1164 2407 Sed
1189 2345 1261 2407 nihil
1286 2349 1382 2427 magis
1406 2348 1515 2424 irritat,
1537 2349 1541 2353 ’

155 2454 247 2518 quam
271 2437 349 2516 qnod
380 2434 551 2515 subjungis,
586 2435 667 2497 illam
697 2434 958 2496 extuberationcm
988 2433 1062 2495 lucis
1086 2434 1115 2495 iu
1140 2453 1229 2496 cornu
1253 2434 1357 2497 Lunae
1381 2437 1516 2516 separari

153 2546 174 2585 a
206 2524 296 2586 Luna
327 2543 381 2603 per
413 2524 643 2586 instrumentum
674 2523 827 2585 visorium.
879 2522 913 2585 Si
948 2524 984 2582 de
1018 2523 1101 2584 coelo
1135 2524 1285 2603 loqueris,
1316 2524 1517 2604 impossibilia

153 2613 276 2687 statuis,
302 2613 348 2674 sin
374 2614 410 2675 de
435 2614 529 2686 oculo,
556 2613 627 2674 nihil
653 2622 702 2674 est
723 2613 833 2673 rerius.
873 2611 980 2681 Qualis
1005 2611 1082 2671 enirn
1105 2612 1224 2691 pictura
1246 2632 1343 2674 rerum
1363 2614 1393 2675 in
1416 2615 1517 2676 tunica

152 2701 313 2777 retiformi‚
338 2703 411 2764 talis
426 2708 475 2762 est
494 2712 525 2762 et
547 2702 624 2763 risio
646 2702 764 2763 illarum
788 2720 902 2774 rerun13
928 2701 1024 2760 sedin
1049 2700 1165 2777 pictura
1189 2701 1336 2762 retiforrni
1359 2703 1516 2764 verissime

153 2790 339 2853 extuberent
372 2791 470 2852 lucida
503 2792 657 2870 locumque
685 2791 770 2868 justo
800 2790 975 2868 ampliorem
1011 2798 1178 2868 occupant,
1209 2809 1262 2849 seu
1286 2790 1360 2851 vitio
1384 2791 1460 2854 oculi
1485 2799 1517 2853 et

152 2880 333 2942 confusione
348 2878 531 2959 picturarum
550 2879 714 2940 ricinarum
730 2879 758 2939 in
775 2897 961 2940 communem
977 2876 1101 2938 limitem
1122 2879 1375 2956 praecellentibus
1391 2880 1515 2942 lucidis:

152 2969 220 3031 sive
244 2969 339 3029 etiam
373 2977 482 3029 natura
507 2967 580 3029 lucis
604 2976 636 3028 et
667 2968 839 3046 spirituum,
874 2966 922 3046 qui
948 2974 980 3026 ut
1005 2965 1062 3026 luci
1095 2968 1216 3046 cognati
1251 2977 1393 3030 contactu
1423 2969 1516 3031 veluti

154 3058 289 3139 partium
319 3057 456 3137 picturae
489 3057 652 3118 lucidarum
684 3056 776 3117 exciti
808 3075 876 3116 sese
909 3055 1041 3116 dilatant
1064 3055 1092 3114 in
1127 3055 1282 3117 retiformi.
1330 3057 1395 3119 Hoc
1418 3057 1516 3137 ipsum

153 3146 181 3208 si
206 3154 239 3207 et
262 3154 296 3206 tu
321 3146 378 3218 ris,
404 3144 497 3206 habes
522 3165 568 3206 me
594 3145 780 3206 laudatorem
805 3154 874 3204 tuae
908 3143 1076 3204 sententiae
1110 3154 1282 3205 strennum:
1315 3146 1368 3206 sed
1398 3147 1517 3207 interim

151 3244 238 3297 tuum
263 3234 359 3314 ipsius
383 3234 539 3295 theorema
558 3234 703 3305 destruiS,
726 3248 837 3306 ,adrem
849 3243 988 3296 Lunarem
1009 3242 1193 3297 illuminatum
1213 3243 1298 3296 rideri
1320 3246 1398 3300 nudis
1420 3246 1515 3310 oculis,

151 3325 316 3396 perspicillo
337 3342 403 3378 vero
424 3342 477 3379 non
500 3331 593 3379 adrem
614 3326 661 3377 sed
683 3324 772 3393 ipsum
791 3324 887 3377 Lunae
909 3324 1037 3392 corpus.“

245 3419 308 3482 Sed
333 3421 473 3481 audiatur
496 3420 612 3501 plenior
642 3418 859 3480 demonstratio
884 3419 927 3479 tui
953 3419 1112 3496 dogmatis.
1162 3432 1272 3492 ,Anna
1301 3429 1406 3500 inquis,
1440 3428 1516 3484 1613

157 3506 203 3565 18.
226 3510 355 3567 Octobris
379 3510 455 3577 (stilo
476 3506 579 3579 reteri)
608 3510 681 3564 circa
708 3511 788 3563 linem
816 3508 927 3579 eclipsis
953 3509 1064 3571 Lunae,
1096 3525 1156 3562 cum
1185 3509 1263 3562 nudis
1294 3510 1379 3563 oculis
1401 3510 1516 3562 deficere

152 3599 317 3645 censeretur
338 3592 438 3645 abesse
460 3592 577 3662 digitus,
599 3608 650 3660 per
672 3589 851 3660 telescop'ium
871 3591 952 3642 Luna
980 3594 1041 3641 tota
1066 3587 1221 3642 illuminata
1243 3596 1272 3642 et
1291 3591 1411 3644 rotunda
1430 3605 1516 3657 appa-

151 3672 218 3725 ruit.
260 3673 339 3742 Ergo
361 3672 476 3734 limbus,
499 3672 543 3742 qui
566 3670 644 3723 nudis
666 3671 751 3723 oculis
778 3670 892 3722 delicere
920 3669 1082 3731 ridebatur,
1109 3667 1163 3721 erit
1184 3669 1256 3721 aeris
1277 3669 1395 3722 Lunaris
1417 3668 1516 3721 limbus

152 3768 241 3821 snpra
253 3751 352 3806 Lunae
375 3768 482 3821 corpus,
505 3753 576 3822 quod
594 3750 655 3819 jain
671 3758 754 3804 extra
774 3750 898 3802 umbram
920 3755 990 3811 erut,
1013 3748 1142 3802 extans.“
1182 3746 1224 3808 Et
1242 3747 1367 3824 pinxisti
1391 3754 1515 3807 senten.

153 3838 229 3900 tiam
254 3847 339 3900 tuam
364 3840 533 3920 repetisque
567 3837 714 3917 picturam
738 3837 829 3898 etiam
855 3836 883 3896 in
908 3835 1105 3914 Prognostica
1135 3836 1205 3896 anni
1236 3835 1389 3915 sequentis
1422 3829 1515 3909 1617,

152 3926 391 4075 ⁰⁰5¹¹⁸.⁸³¹¹¹³¹⁸{¹)¹
416 3946 453 3988 ex
481 3926 614 4006 reliquiis
642 3925 859 4007 typographiae
890 3925 973 3986 Petri
1005 3923 1117 4003 Apiani
1148 3924 1195 3985 hic
1224 3924 1350 3986 exhibeo
1370 3932 1516 3997 (ndsEph.

152 4013 438 4149 KeplmObs'effvaior
459 4087 553 4148 bonus
575 4093 605 4147 et
626 4085 753 4164 diligens
775 4104 816 4158 es,
842 4083 1007 4145 observata
1025 4082 1100 4144 haec
1115 4091 1169 4144 tua
1184 4082 1212 4144 in
1235 4083 1355 4146 dubium
1379 4084 1517 4146 rocanda

152 4185 226 4237 sunt
251 4176 383 4239 minime.
430 4176 475 4237 Aa
498 4195 565 4236 num
590 4193 659 4236 vere
693 4174 853 4234 concludas
886 4190 1015 4252 vereque
1043 4172 1166 4251 pingas,
1201 4172 1230 4232 id
1262 4172 1433 4235 ridendum.
1480 4171 1517 4233 Id

153 4264 277 4344 quidem
301 4284 359 4345 ego
383 4282 469 4343 nego,
494 4263 568 4324 nihil
591 4263 670 4325 enim
695 4261 839 4342 sequitur,
865 4280 931 4322 cum
955 4279 1064 4321 causae
1095 4260 1207 4320 multae
1231 4279 1297 4320 esse
1322 4260 1442 4339 possint
1465 4279 1517 4322 cur

152 4354 239 4415 risus
262 4354 304 4416 sit
327 4353 396 4414 Tibi
420 4353 556 4415 defectus
581 4352 675 4413 oculis
700 4350 797 4426 nudis,
822 4369 879 4409 non
905 4349 946 4409 sit
968 4348 1051 4410 visus
1075 4348 1257 4428 perspicillo.

244 4459 373 4521 Possem
406 4458 521 4527 dicere,
554 4477 621 4519 curn
654 4456 805 4535 posterius
841 4454 1001 4515 adhiberes
1031 4452 1249 4532 perspicillum,
1284 4452 1413 4526 interim,
1448 4453 1516 4516 dum

154 4549 278 4629 quaeris
293 4547 411 4609 Lunam
431 4546 619 4620 collimando‚
644 4545 726 4606 illam
742 4565 780 4605 ex
799 4544 903 4605 umbra
918 4543 1048 4603 exiisse:
1073 4560 1194 4621 possem
1210 4541 1302 4602 etiarn
1324 4541 1515 4616 contrarium,

154 4636 243 4699 nudis
267 4635 363 4698 oculis
387 4636 429 4698 Te
454 4654 511 4696 non
536 4636 687 4696 delectum
711 4634 765 4694 sed
789 4633 899 4694 saltem
924 4630 1023 4693 debile
1047 4631 1145 4691 lumen
1170 4629 1281 4691 vidisse
1304 4629 1402 4710 partis
1424 4628 1516 4702 illius,

155 4744 234 4806 quae
257 4725 394 4808 proxime
418 4724 553 4786 umbram
577 4724 692 4785 stabat.

246 4830 337 4904 Quod
361 4831 440 4894 enim
464 4829 640 4912 quibusdam
665 4828 798 4908 adeoque
823 4825 914 4888 etiarn
938 4823 1019 4899 mihi,
1046 4822 1094 4903 qui
1119 4821 1209 4884 debili
1229 4820 1295 4883 visu
1318 4824 1410 4897 fruor,
1430 4823 1518 4883 Luna

156 4921 316 4985 defectura
340 4921 417 4983 satis
441 4919 492 4981 diu
515 4929 585 4981 ante
607 4937 709 4979 verum
730 4916 844 4978 initium
868 4924 1011 4994 suspecta
1034 4919 1081 4973 est
1102 4912 1139 4973 de
1163 4911 1258 4984 initio,
1282 4911 1348 4992 ejus
1363 4911 1405 4973 rei
1425 4931 1518 4973 causa
1584 4992 1587 4997 Ι
1611 4936 1618 4949 ·

156 5010 220 5073 sita
241 5020 292 5074 est
313 5011 345 5073 iu
375 5007 543 5090 penumbra
566 5008 693 5082 Terrae,
727 5025 803 5087 quac
827 5004 964 5085 partibus
989 5002 1092 5063 Lunae
1116 5001 1155 5063 ad
1188 5000 1324 5062 umbram
1352 5000 1517 5082 appropin-

227 5114 403 5171 squaopm
419 5112 446 5158 u.
1287 5104 1305 5159 8
