3692 5842
781 479 1075 582 nessuaatygaa
1539 476 1600 546 ῖς,

337 655 424 718 Haec
450 676 515 718 cum
540 657 583 718 sic
607 669 728 718 essent:
758 658 832 719 nibil
856 675 921 720 erat
945 658 1024 737 quud
1047 660 1147 737 potius
1171 659 1317 720 lacerem.
1342 677 1431 737 quarn
1454 673 1487 718 ut
1512 657 1604 730 illum,

242 743 298 825 qui
325 745 443 825 primus
467 768 486 806 a
509 757 604 808 morte
629 747 777 825 Trebuuis
805 759 876 808 tunc
904 747 976 808 milti
1010 747 1130 808 libellus
1161 748 1365 820 nascebatur,
1397 748 1460 808 Tuo
1484 746 1607 809 Nemini

243 833 403 906 dicarem
427 845 461 895 ut
484 835 523 896 ad
547 853 621 914 quos
646 835 727 896 Tuae
751 837 780 896 in
807 837 943 914 juranda
966 854 998 896 re
1022 838 1225 897 astronomica
1254 837 1463 916 providentiae
1491 836 1607 898 fructus

244 931 334 985 esset
366 935 585 1003 perventurus,
619 925 779 986 eorundem
813 925 947 986 vicissim
969 939 1002 985 et
1032 925 1063 986 in
1085 926 1207 988 lllustre
1240 941 1323 986 tuum
1345 925 1462 988 Nomen
1494 925 1609 986 redun-

245 1012 360 1074 darent
383 1013 556 1092 praecunia
1545 1051 1558 1084 ,

340 1099 421 1172 Quid
452 1121 562 1163 causae
591 1120 662 1162 reru
686 1101 760 1175 init,
784 1121 837 1164 cur
858 1102 889 1164 id
913 1103 992 1182 qnod
1020 1111 1088 1164 erat
1117 1101 1301 1164 destinatum
1332 1101 1609 1166 intermitteretur!

245 1189 352 1262 Quam
376 1192 604 1252 excusationem
633 1190 710 1250 satis
740 1192 927 1269 probabilem
960 1193 1067 1253 allerre
1090 1191 1159 1252 Tibi
1186 1192 1316 1271 putero?
1348 1191 1496 1254 Nimirum
1519 1193 1609 1255 tinent

245 1297 433 1360 exspectare
457 1280 596 1341 solebam
615 1279 683 1340 nori
697 1279 913 1357 phaenomeni;
938 1282 1112 1361 intereaque
1131 1281 1169 1340 ad
1183 1282 1362 1361 praecipuos
1377 1283 1609 1344 mathematicos

247 1370 372 1450 scripsi,
396 1369 581 1432 collecturus
604 1369 735 1448 ipserum
758 1371 911 1448 suffragia.

343 1459 420 1523 (um
440 1473 542 1520 autem
561 1476 656 1536 neque
676 1458 767 1518 stella
783 1460 1024 1537 exstingueretur
1036 1477 1092 1520 uec
1106 1477 1143 1518 ea
1161 1459 1377 1538 promtitudiue
1391 1459 1611 1538 responderent

246 1547 473 1618 mathematici,
496 1566 585 1627 quam
608 1547 777 1625 sperabam,
802 1559 921 1627 tempus
947 1551 1062 1610 interea
1084 1547 1202 1628 lapsum
1221 1561 1289 1620 est:
1313 1549 1408 1610 donec
1424 1565 1497 1629 post
1519 1549 1608 1609 bien-

247 1638 332 1700 nium
348 1637 525 1716 etamplius
546 1635 652 1714 ingens
671 1636 724 1697 illa
738 1655 817 1697 nora
831 1638 933 1710 stella,
960 1657 1020 1718 qua
1034 1638 1072 1698 de
1086 1638 1141 1698 boc
1156 1643 1315 1710 oram)
1331 1638 1431 1700 libello
1445 1639 1504 1716 egi,
1520 1638 1608 1700 ellul·

247 1737 341 1808 geret
360 1727 389 1787 in
412 1727 489 1805 pede
503 1724 706 1803 Serpentarii:
731 1727 815 1806 cujus
836 1728 970 1788 miraculi
990 1727 1164 1805 magnitudo
1185 1747 1251 1788 cum
1271 1727 1453 1789 luculentam
1476 1727 1609 1806 aliquant

249 1817 493 1896 disputationem
518 1833 641 1894 poscere
670 1814 832 1887 rideretur,
862 1835 989 1894 aequum
1013 1816 1188 1888 ridebatur,
1219 1829 1251 1878 ut
1278 1835 1374 1895 parra
1397 1815 1495 1898 Cygni
1517 1817 1610 1876 stella

251 1906 404 1968 novitatis
428 1924 487 1964 nou
512 1904 588 1964 adeo
612 1904 785 1976 confessae,
817 1905 906 1965 sicuti
934 1906 1075 1966 claritate
1099 1905 1225 1966 cedebat
1254 1923 1385 1985 nuperae
1408 1905 1454 1966 illi
1476 1905 1507 1966 in
1530 1903 1607 1966 Ser·

247 1995 408 2078 penurie,
438 1995 481 2053 sic
511 1993 606 2053 locum
635 1992 726 2052 etiam
750 1994 777 2053 ei
800 1995 927 2073 primum
950 1995 980 2055 in
1004 1995 1080 2055 libro
1108 1995 1379 2075 disputationisqne
1407 1993 1510 2072 capita
1531 2011 1608 2055 con-

250 2085 397 2157 cederet,
423 2082 491 2162 ipsa
506 2082 532 2142 si
551 2081 621 2160 quid
641 2079 765 2143 haberet
785 2083 937 2162 peculiare
961 2085 1141 2164 coguitnque
1159 2083 1292 2164 dignum,
1316 2085 1380 2164 ejus
1398 2082 1610 2163 explicationis

248 2176 353 2238 locum
376 2173 406 2234 in
431 2173 498 2233 libri
523 2171 608 2231 calce
632 2171 866 2233 nancisceretur.

342 2261 412 2323 Etsi
445 2261 537 2339 igitur
570 2259 646 2319 huuc
676 2260 704 2320 iu
738 2262 857 2322 modum
886 2261 991 2342 jejuna
1023 2261 1107 2322 lacta
1135 2273 1183 2324 est
1210 2262 1286 2323 haec
1319 2262 1444 2342 scriptio
1473 2275 1507 2322 et
1532 2279 1610 2340 pene

249 2351 389 2432 indigua,
415 2369 493 2429 quae
512 2347 655 2428 peculiari
680 2349 873 2429 inscriptione
894 2351 1003 2412 alibro
1021 2350 1136 2430 reliquo
1154 2367 1367 2430 separaretur:
1391 2365 1491 2412 tamen
1514 2367 1610 2430 neque

250 2442 321 2504 Tua
343 2441 372 2502 in
397 2458 444 2500 me
467 2439 576 2500 merita
600 2451 670 2498 sunt
694 2439 802 2499 viliora
829 2440 963 2512 reddita,
995 2455 1156 2521 postquam
1184 2442 1249 2520 jam
1281 2442 1395 2522 aliquot
1419 2459 1514 2501 anuos
1537 2437 1610 2500 milti

251 2530 423 2602 laetissime
457 2527 660 2606 fructificantq
688 2547 783 2608 neque
814 2529 938 2590 rerbum
966 2549 985 2588 a
1012 2548 1060 2588 me
1092 2530 1204 2591 dictum
1236 2532 1373 2592 revocari
1405 2530 1610 2608 indictumque

251 2619 320 2682 lieri
343 2633 447 2699 potest
471 2617 622 2695 multoque
646 2617 743 2678 minus
767 2618 908 2679 iniectum
933 2637 1095 2679 sanescere
1119 2620 1219 2680 debet

344 2707 461 2786 Accipe
484 2706 576 2785 igitur
601 2707 732 2767 Illustris
755 2706 835 2768 Baro
860 2718 890 2769 et
910 2726 964 2784 per
986 2708 1087 2768 omnia
1110 2725 1237 2771 naturae
1259 2726 1373 2770 arcana
1395 2705 1611 2780 versatissime,

250 2797 370 2878 accipe,
395 2795 525 2878 iuquam,
550 2815 569 2854 a
584 2814 630 2855 me
649 2795 725 2855 hauc
744 2815 829 2857 meae
849 2798 877 2858 in
893 2798 937 2857 Te
955 2797 1148 2876 J'ustissimae
1167 2797 1333 2860 voluntatis
1352 2796 1611 2876 significationem,

252 2905 383 2966 eamque
417 2903 474 2947 non
508 2882 602 2944 oculis
631 2901 668 2944 ex
701 2904 824 2947 numero
856 2887 1064 2967 pagellarum,
1096 2887 1151 2948 sed
1180 2888 1235 2949 illa
1264 2885 1411 2948 daedalea
1441 2883 1613 2947 secretioria

252 2975 476 3054 intelligentiae
510 2972 695 3050 agitatione,
731 2993 789 3054 qua
824 2992 855 3036 te
885 2995 941 3056 per
975 2977 1252 3056 imperscrutabiles
1286 2977 1406 3037 dirinae
1444 2973 1612 3054 sapientiae

252 3069 418 3130 thesauros
443 3063 599 3124 sublimem
624 3063 728 3134 infers,
753 3084 790 3125 ex
814 3065 907 3144 ipsius
930 3065 974 3127 rei
996 3068 1146 3144 pondere,
1171 3068 1209 3129 de
1232 3085 1291 3146 qua
1314 3084 1382 3144 ago,
1406 3064 1546 3125 aestima
1568 3095 1614 3108 -

254 3153 522 3236 Comprobandum
537 3152 615 3212 enim
630 3163 678 3214 est
698 3155 934 3230 mathematicis,
958 3156 1177 3217 ostendendum
1195 3154 1392 3236 philosophis,
1410 3150 1614 3214 annotandum
1656 3187 1662 3200 ·

254 3246 295 3308 ad
320 3244 479 3306 universae
503 3241 695 3320 posteritatis
719 3245 912 3307 memoriam:
936 3246 1056 3306 amhae
1078 3257 1214 3325 tempore
1237 3244 1328 3306 stella
1350 3245 1451 3322 aliqua
1474 3242 1504 3302 iu
1528 3239 1614 3300 coelo

256 3335 316 3406 sit,
338 3351 415 3412 quae
439 3349 504 3393 cum
529 3329 599 3392 olim
622 3330 663 3392 ibi
686 3351 746 3395 uon
770 3335 875 3408 fuerit,
902 3337 968 3414 jam
991 3351 1047 3396 sex
1069 3335 1108 3396 ad
1131 3335 1284 3397 minimum
1307 3351 1402 3392 anuos
1425 3331 1466 3392 ibi
1489 3331 1615 3391 haereat

257 3421 445 3494 immobilis,
479 3420 691 3493 immutabilis,
723 3423 998 3504 inexstinguibilis:
1031 3433 1082 3498 ut,
1111 3424 1176 3485 sire
1199 3425 1269 3484 olim
1293 3421 1451 3482 interitura
1473 3430 1521 3479 est
1543 3425 1615 3478 ante

257 3512 354 3576 totius
375 3509 477 3573 mundi
502 3511 798 3588 consummationem,
822 3515 996 3596 intelligant
1018 3513 1153 3574 homines
1177 3510 1322 3582 miraculi,
1346 3510 1424 3589 quod
1448 3517 1495 3568 tot
1518 3523 1614 3566 annua

258 3598 395 3672 duravit,
430 3599 681 3678 magnitudinem,
716 3604 780 3665 sire
809 3624 875 3666 cum
909 3603 1033 3683 reliquis
1061 3603 1130 3664 lixis
1157 3599 1354 3681 perennabit,
1386 3597 1561 3676 quantisper
1582 3593 1614 3653 id

258 3693 391 3756 taurum
429 3697 493 3756 est,
535 3707 654 3770 semper
692 3693 730 3754 ob
768 3695 870 3758 oculus
908 3695 1042 3756 babeant
1077 3693 1113 3764 ii,
1151 3691 1257 3770 quibus
1293 3687 1381 3750 Nora
1421 3682 1615 3765 sequentibus

260 3779 447 3860 argumentis
471 3779 712 3859 persuadebitur,
735 3784 993 3848 evidentissimum
1016 3783 1073 3843 huc
1102 3782 1310 3842 documentum
1338 3775 1432 3837 totius
1460 3770 1560 3832 mundi
1583 3769 1614 3830 in

260 3881 397 3950 tempore
426 3867 538 3941 creati,
573 3870 623 3951 qui
651 3889 723 3934 vero
747 3893 786 3936 ex
821 3875 890 3956 ipsa
929 3873 1125 3936 diuturnitate
1158 3868 1268 3929 stellae
1300 3874 1405 3926 eontra
1435 3859 1615 3922 traditiones

260 3967 503 4024 samonumurum
527 3964 731 4040 argumentari
755 3973 787 4026 et
811 3985 905 4049 nuper
928 3972 1030 4027 natam
1057 3979 1169 4039 negare
1195 3955 1393 4039 pertinaciter
1419 3947 1616 4030 perrexerint,

261 4067 322 4114 nou
345 4048 406 4109 sint
427 4047 532 4130 ignati,
558 4063 672 4132 quanto
696 4066 860 4134 urgeantur
882 4054 1013 4138 pondere
1036 4048 1262 4113 auctoritatum.
1576 4121 1585 4134 .

351 4137 453 4217 Atque
478 4138 534 4200 boc
557 4150 645 4204 tantu
670 4146 767 4225 magis
791 4147 863 4208 mibi
894 4142 1125 4227 praestandum,
1158 4135 1237 4216 quod
1268 4125 1474 4193 mathematici
1502 4140 1618 4223 passum

262 4228 294 4292 iu
318 4225 546 4290 observationes
568 4232 748 4297 Braheauas
771 4237 949 4318 respiciunt,
973 4249 1097 4312 quarum
1127 4222 1380 4305 inspiciendarum
1404 4217 1521 4296 cupiam
1544 4209 1620 4272 mlh!

264 4335 334 4381 asae
357 4315 473 4380 sciunt:
497 4337 536 4380 ex
559 4323 666 4402 quibus
690 4345 763 4388 sane
787 4335 967 4409 argumenta
989 4322 1201 4400 depromuntur
1222 4312 1312 4384 talia,
1336 4309 1441 4388 quibu*
1464 4300 1620 4385 dmm·

263 4407 349 4472 siora
370 4405 425 4470 hot
448 4407 479 4470 iu
503 4428 613 4490 genere
636 4415 806 4479 uullicunde
830 4415 946 4499 sperari
968 4421 1107 4492 possunt·

884 4579 1010 4593 -.-·

355 4671 401 4736 Ac
423 4673 517 4754 initio,
543 4699 611 4746 cum
634 4704 784 4768 nunquam
808 4685 938 4747 antehac
962 4679 1052 4744 suerit
1071 4674 1147 4736 adeo
1165 4663 1351 4766 populariter
1375 4658 1503 4756 exculta.
1517 4661 1627 4719 astro-

268 4761 368 4828 nomlt
388 4760 419 4824 in
439 4769 614 4851 academiis,
639 4797 787 4859 nunquam
810 4777 910 4856 plures
933 4783 987 4834 aut
1007 4766 1083 4829 coeli
1108 4762 1349 4822 observantiores
1373 4746 1505 4807 naucleri
1528 4755 1628 4824 atque

269 4851 376 4934 ludit:
400 4873 485 4920 nemo
509 4871 612 4929 tamen
636 4878 685 4931 est
706 4869 736 4931 jn
760 4877 826 4930 tom
848 4863 986 4942 Europa,
1011 4858 1070 4919 imo
1094 4853 1122 4912 in
1146 4861 1211 4910 toto
1239 4842 1312 4943 orbe
1337 4839 1493 4898 Terrarum
1517 4835 1630 4910 (quem

270 4941 359 5006 Μ’
382 4951 414 5005 ῡῑ
436 4949 574 5026 Privatos
600 4960 703 5024 hortos
732 4954 933 5036 exspatiaudo
964 4943 1196 5027 pervagantur).
1229 4952 1279 5012 ‘lu'
1303 4944 1440 5024 ³l¹³¹⁵¹¹¹3¹
1473 4941 1630 4988 summm

274 5031 310 5094 de
330 5033 462 5126 ueritate
486 5041 574 5124 hunus
600 5053 707 5116 stellae
731 5068 768 5112 ex
791 5044 911 5126 propria
935 5032 1121 5117 experientia
1148 5027 1280 5091 refutare
1310 5027 1440 5098 potutrlt
1465 5010 1629 5074 hactenus,
