3692 5842
239 463 305 531 578
730 461 760 511 ln
777 460 865 511 uum
883 458 915 510 u
934 456 1015 510 suus
1029 454 1111 510 um

240 662 368 722 magnae
392 641 422 702 in
450 640 568 719 trigono
599 638 686 718 igneo
719 636 954 713 conjunctionis,
985 644 1050 698 tum
1079 636 1208 699 maxime
1239 638 1429 700 sermonibus
1458 638 1597 720 librisque

240 733 435 792 vehementer
458 730 605 808 agitatae.
650 727 727 787 Rem
757 735 857 787 autem
890 751 909 785 a
932 726 1064 806 Keplero
1096 726 1142 788 ita
1170 727 1355 807 explicatam
1377 728 1537 801 videmus,
1569 743 1597 789 ut

241 841 297 882 non
322 819 472 897 possimus
496 837 554 878 non
579 817 782 893 incorruptum
810 815 992 893 liberumque
1023 815 1080 876 riri
1103 815 1250 894 judicium
1278 816 1436 890 admirari,
1467 818 1518 897 qui
1544 819 1596 877 ad-

241 918 322 971 moto
346 908 474 968 clariore
498 905 674 983 disciplinae
699 905 809 964 lumine
832 904 1056 981 superstitionis
1080 923 1166 965 omne
1185 924 1282 985 genus
1299 917 1466 984 oppugnat.
1514 904 1595 976 Quod

242 999 360 1078 quidem
391 995 488 1073 magis
515 994 681 1054 mirandum
706 992 762 1052 luit
785 993 814 1053 in
839 992 987 1071 Keplero,
1012 992 1062 1072 qui
1085 1002 1169 1054 esset
1191 1003 1385 1055 astronomus
1408 994 1595 1074 Imperatoris

242 1084 436 1163 astrologicis
461 1084 588 1144 maxime
612 1082 736 1142 somniis
761 1080 874 1153 dediti,
908 1100 984 1159 quae
1018 1082 1125 1142 nutriri
1154 1091 1208 1143 aut
1240 1091 1323 1144 certe
1352 1101 1411 1143 non
1436 1085 1594 1163 oppugnari

244 1187 368 1255 putares
402 1172 430 1232 in
462 1171 536 1232 libro
578 1171 646 1230 huic
678 1170 737 1248 ipsi
766 1170 947 1247 Imperatori
987 1170 1139 1234 dedicato.
1193 1169 1264 1241 Qua
1295 1171 1334 1232 de
1367 1190 1399 1232 re
1429 1172 1496 1252 ipse
1528 1172 1593 1233 haee

242 1266 347 1325 allert:
371 1259 459 1335 „Etsi
484 1259 651 1336 astrologia
674 1258 800 1319 multum
823 1257 917 1318 habet
938 1258 1097 1331 sanitatis,
1121 1265 1154 1319 et
1175 1260 1283 1338 majori
1306 1278 1345 1320 ex
1368 1271 1457 1339 parte
1481 1261 1594 1340 indigna

240 1362 299 1422 est,
324 1351 353 1410 in
377 1368 437 1428 qua
459 1348 555 1408 bonae
579 1349 671 1407 horae
695 1346 887 1420 collocentur,
913 1348 984 1425 quia
1006 1356 1108 1409 tanmn
1131 1348 1252 1409 morbus
1276 1348 1335 1410 iste
1360 1368 1420 1410 non
1440 1368 1590 1429 paucorum

243 1451 300 1513 est,
325 1438 378 1497 sed
402 1437 590 1515 potissimam
614 1446 731 1514 partem
755 1435 874 1513 generis
905 1435 1025 1497 humani
1053 1436 1208 1516 pervadit,
1242 1446 1276 1498 nt
1307 1455 1416 1516 parum
1446 1438 1485 1499 ad
1517 1458 1590 1499 nsun

244 1545 429 1589 communem
453 1526 533 1603 loqui
557 1525 710 1591 rideatur,
745 1524 793 1602 qui
831 1525 1063 1586 mathematicas
1096 1535 1180 1586 artes
1209 1525 1289 1586 citra
1319 1526 1388 1604 ejus
1423 1528 1589 1588 mentionem

241 1618 346 1687 tradit,
371 1632 430 1674 non
452 1632 574 1692 possum
598 1613 795 1691 supersedere
826 1613 895 1690 quin
927 1614 967 1674 ab
1000 1613 1253 1692 astrologicamm
1284 1613 1486 1676 traditionum
1516 1635 1587 1678 con·

242 1702 459 1768 memoratione
483 1702 632 1780 auspicer.
679 1701 846 1762 Dicendum
871 1711 919 1762 est
942 1702 1013 1781 quid
1036 1702 1162 1763 monstri
1184 1703 1229 1764 sit
1250 1703 1430 1782 trigonus
1454 1704 1587 1783 ignens,

243 1792 473 1855 examinandum
497 1810 568 1851 vero
593 1791 631 1850 ad
655 1789 788 1850 libellam
812 1788 971 1863 veritatis,
1002 1799 1036 1851 nt
1066 1809 1164 1868 nugas
1197 1811 1217 1850 a
1246 1802 1358 1853 natura
1386 1811 1487 1852 rernm
1509 1811 1587 1872 sepa·

242 1893 354 1954 rentur,
380 1880 574 1957 habeantque
597 1879 762 1957 astrologi,
787 1878 857 1956 quid
882 1879 918 1938 de
944 1880 1075 1957 ipsorum
1099 1880 1221 1958 seriptis
1244 1898 1321 1940 unua
1345 1880 1459 1960 aliquis
1477 1881 1586 1960 judioet,

246 1990 333 2051 quem
358 1969 395 2029 de
419 1969 495 2029 artis
517 1967 691 2046 ignorantia
714 1986 856 2027 accusare
880 1987 939 2028 non
963 1966 1124 2047 possunt.‘·'
1168 1968 1309 2047 Rejectis
1331 1970 1527 2048 astrologicis
1551 1972 1586 2031 in-

244 2060 334 2139 eptiis
359 2058 388 2119 id
413 2076 502 2118 unum
525 2067 611 2116 tenet
634 2067 664 2116 et
687 2056 870 2134 geometrica
893 2058 1009 2117 ratione
1033 2058 1241 2119 demonstrare
1263 2058 1385 2132 studet,
1411 2059 1439 2119 si
1463 2059 1587 2138 planetae

242 2158 329 2210 certa
352 2148 481 2226 quadam
505 2145 620 2206 ratione
650 2146 743 2224 positi
767 2164 783 2204 e
809 2145 904 2205 Terra
926 2146 1163 2224 adspicientibus
1189 2157 1370 2227 appareant,
1394 2146 1475 2209 hane
1498 2149 1586 2227 ipsam.

242 2238 291 2300 cui
315 2237 411 2297 vitam
435 2235 585 2314 quandam
608 2253 787 2311 sensumque
812 2233 926 2307 tribuit,
950 2236 1065 2312 pariter
1083 2236 1196 2296 moveri
1220 2246 1312 2314 atque
1335 2254 1461 2295 sensum
1485 2239 1586 2298 auditas

243 2344 384 2387 sonorum
415 2333 571 2384 concentu.
620 2321 697 2401 Cap.
723 2322 811 2382 l'lll.
836 2322 925 2382 dicit:
958 2342 1017 2384 non
1046 2332 1169 2384 movent
1197 2325 1339 2403 planetae
1363 2335 1507 2385 naturam
1528 2327 1586 2386 seb·

244 2416 379 2477 lunarem
407 2423 440 2473 ut
472 2411 595 2490 agentia
625 2411 792 2481 naturalia,
823 2411 965 2472 uirtutem
988 2413 1121 2492 aliquam
1148 2413 1187 2473 ob
1214 2414 1423 2492 praesentiam
1454 2414 1588 2492 partibilis

242 2503 287 2565 rei
311 2501 503 2574 effundentia,
528 2501 582 2560 sed
606 2500 649 2559 sic
674 2508 796 2559 mor-ent
818 2509 975 2573 naturam,
1009 2513 1042 2562 nt
1074 2502 1198 2580 objecta
1229 2510 1354 2563 mouent
1386 2521 1517 2577 sensus,
1549 2504 1587 2562 lun

243 2592 355 2662 oculos,
381 2609 473 2651 sonus
496 2589 640 2662 anditum,
665 2590 748 2649 calor
770 2597 895 2649 tactum.

332 2679 482 2759 Keplerns
505 2678 598 2757 igitur
621 2678 721 2755 rejicit
744 2677 843 2744 illam,
873 2696 961 2756 quam
985 2678 1131 2757 astrologi
1155 2676 1364 2751 somniabant,
1398 2680 1460 2739 rim
1494 2697 1587 2758 asper·

243 2777 347 2843 tuum,
372 2769 433 2829 rim
457 2766 567 2846 trigoni
591 2786 645 2827 seu
668 2765 854 2845 triplicitatis
878 2776 909 2826 et
933 2766 1092 2828 discrimen
1121 2767 1247 2845 igneae,
1270 2775 1414 2841 umas,
1439 2774 1547 2830 aereae
1566 2779 1590 2826 et

245 2876 380 2939 aqueae;
415 2858 514 2934 rejicit
538 2856 689 2933 singulare
713 2855 790 2933 quod
815 2855 962 2933 astrologi
985 2855 1109 2916 zodiaco
1132 2856 1162 2916 in
1190 2854 1229 2917 12
1252 2854 1343 2935 signa
1365 2857 1466 2918 ‹tit-iso
1490 2857 1589 2918 tribue·

245 2948 318 3007 bant
344 2958 535 3016 momentum,
561 2964 615 3004 nec
640 2943 730 3003 ullam
755 2944 815 3002 vim
839 2944 1119 3005 constellationibus
1143 2955 1174 3006 et
1187 2945 1321 3024 planetis
1345 2964 1386 3007 ex
1410 2946 1529 3007 nomine
1549 2963 1590 3005 tuo

243 3037 309 3095 vult
333 3035 439 3106 tribui;
463 3053 520 3111 quo
545 3035 572 3093 in
598 3033 663 3093 loco
687 3031 813 3110 deniqne
836 3032 980 3110 planetae
1004 3034 1032 3092 in
1057 3034 1181 3094 zodiaco
1203 3033 1295 3112 positi
1320 3045 1509 3113 appareant,
1534 3033 1589 3095 nihil

243 3126 356 3185 referre
389 3123 508 3183 statuit.
556 3120 673 3183 Contra
702 3121 835 3182 defendit
868 3141 984 3192 snam,
1015 3142 1106 3201 quam
1133 3122 1389 3201 supradiximus,
1423 3125 1590 3186 sententian

245 3214 390 3273 adversus
428 3230 500 3282 eos,
536 3212 584 3289 qui
623 3210 695 3270 nihil
733 3211 852 3270 omnino
885 3212 987 3271 sidera
1022 3212 1061 3272 ad
1099 3224 1237 3272 naturam
1275 3211 1474 3273 sublunarem
1505 3213 1590 3273 ualere

242 3303 346 3371 velint,
371 3300 499 3362 maxime
525 3301 669 3359 adr-ersus
691 3297 873 3358 Joanuem
902 3301 1038 3372 Picum,
1062 3300 1252 3361 llirandnlae
1277 3300 1430 3373 comitem,
1457 3302 1507 3381 qni
1529 3319 1591 3364 curn

246 3392 359 3470 primus
385 3389 584 3467 astrologicos
609 3407 724 3447 errores
749 3406 922 3465 oppugnare
949 3409 1057 3460 ansus,
1089 3390 1185 3450 multa
1210 3389 1322 3449 habent
1345 3410 1426 3469 qnae
1450 3391 1513 3452 sint
1535 3409 1591 3470 pro·

243 3480 353 3547 banda,
378 3480 406 3539 in
431 3478 498 3537 aliis
523 3477 659 3555 partibus
684 3477 802 3536 modum
826 3478 995 3537 excessisse
1011 3478 1143 3556 chlero
1166 3479 1295 3539 ridetur.
1335 3479 1479 3557 (Dispnt.
1504 3493 1593 3540 contra

245 3570 426 3646 Astrologos
439 3567 489 3627 lib.
500 3567 572 3627 xil.
590 3567 705 3626 Botion.
724 3562 830 3628 litto.)
855 3566 1004 3644 Keplerns
1020 3578 1164 3627 autemut
1181 3567 1390 3644 astrologiam,
1407 3587 1510 3630 suam
1523 3569 1594 3629 seili-

245 3668 304 3728 cet,
321 3657 458 3734 angustis
474 3675 547 3715 sane
567 3655 674 3714 finibus
694 3654 948 3732 circumscriptam
964 3656 1148 3727 defenderet,
1165 3656 1211 3716 his
1225 3656 1356 3717 inarime
1373 3658 1528 3719 adductus
1541 3675 1594 3716 esse

245 3747 365 3805 ridetur
388 3745 502 3805 causis:
527 3744 658 3804 Primum
682 3742 738 3803 riri
762 3753 871 3802 natura
894 3764 931 3803 ea
954 3756 1039 3815 erat,
1065 3765 1141 3823 qnae
1166 3746 1204 3805 ad
1229 3745 1378 3823 imagines
1408 3765 1509 3808 rerum
1530 3746 1595 3806 riri·

246 3835 328 3894 diors
353 3834 451 3894 animo
476 3833 687 3910 concipiendas
716 3832 877 3909 proclivis,
910 3832 999 3893 rebus
1031 3834 1244 3894 astronomicis
1277 3834 1378 3894 lumen
1413 3847 1445 3896 et
1478 3835 1597 3897 cotom

245 3922 451 3989 conciliatura,
476 3922 552 3981 coeli
575 3932 672 3982 motus
697 3922 734 3981 ad
758 3921 963 3982 harmonicam
987 3924 1134 3983 rationem
1154 3924 1276 3995 referre,
1301 3941 1464 4003 rerumque
1480 3926 1597 3985 omniun

244 4023 420 4071 concentum
458 4011 628 4088 perspicere
661 4021 830 4070 conaretur.
891 4010 1007 4070 Deinde
1039 4012 1085 4081 ei,
1123 4021 1159 4071 ut
1190 4012 1387 4089 Imperatoris
1422 4025 1597 4082 astronomo,

243 4118 348 4162 munus
372 4099 585 4159 demandatum
616 4113 700 4170 erat,
735 4111 767 4159 ut
801 4100 960 4178 quotannis
990 4100 1170 4178 imperatori
1204 4119 1302 4160 rernm
1333 4101 1506 4163 futurarum
1525 4102 1597 4181 judi·

244 4189 320 4248 cium
346 4188 557 4258 conscriberet,
583 4199 613 4247 et
637 4188 661 4245 si
687 4188 756 4266 quid
781 4203 863 4247 esset
887 4189 983 4258 dubii,
1007 4189 1234 4249 consulentibus
1257 4188 1444 4267 Imperatori
1469 4203 1503 4251 et
1526 4211 1598 4253 sun·

244 4277 300 4336 tuis
334 4277 561 4354 magistratibus
594 4277 710 4336 ratione
744 4296 780 4334 ex
813 4277 904 4337 astris
936 4278 1011 4336 inita
1043 4277 1251 4355 responderet.
1308 4278 1351 4339 Ut
1385 4280 1600 4358 quodammodo

244 4367 375 4426 muueris
401 4365 532 4442 impositi
557 4366 688 4423 taedium
713 4366 869 4436 minueret,
895 4385 971 4444 quae
995 4385 1053 4425 ntu
1077 4385 1201 4444 prorsus
1216 4385 1326 4426 asana
1350 4368 1472 4430 ratione
1499 4371 1599 4430 abhor-

244 4464 362 4520 rerent,
397 4454 582 4531 argutueutis
615 4472 651 4512 er
685 4454 874 4531 philosophia
902 4474 1058 4533 rerumque
1091 4467 1200 4515 natura
1231 4456 1380 4516 desumtis
1419 4459 1542 4520 firmare
1576 4469 1601 4517 et

244 4554 387 4621 quantum
412 4552 532 4620 poterat
557 4561 653 4601 rernm
677 4561 730 4602 usu
755 4543 883 4620 probare
908 4544 1068 4614 studebat,
1104 4562 1192 4622 quarn
1226 4544 1352 4605 obrem
1376 4555 1600 4624 tempestatum,

243 4630 354 4691 caloris
379 4631 557 4709 frigorisque
589 4630 811 4691 vicissitudines
845 4651 994 4709 nunquam
1027 4631 1185 4692 desinebat
1218 4633 1404 4706 observare,
1442 4633 1549 4696 Lunae
1576 4645 1601 4695 et

243 4721 434 4798 planetarum
457 4719 535 4777 situs
561 4720 705 4779 rationem
730 4719 855 4779 liabens.
902 4721 1038 4799 Denique
1063 4721 1234 4800 aequalium
1257 4721 1378 4801 plurimi
1410 4726 1600 4804 astrologiam

245 4807 342 4884 magis
367 4809 502 4867 minusve
525 4807 676 4878 sotebant,
700 4827 787 4885 quam
804 4828 919 4869 omnem
939 4810 965 4868 si
985 4810 1140 4887 rejecisset
1155 4810 1313 4888 Keplerus,
1340 4812 1510 4874 timendum
1532 4825 1599 4884 erat

245 4915 282 4955 ne
307 4896 399 4968 uiros,
422 4895 532 4973 partim
548 4897 604 4957 sibi
627 4897 760 4956 amicitia
775 4897 961 4972 conjunctos,
979 4900 1087 4978 partim
1103 4900 1242 4959 doctrina
1260 4913 1291 4959 et
1316 4901 1441 4979 ingenio
1465 4904 1599 4982 insignes,

245 4982 372 5046 haberet
394 4984 597 5046 adversarios.
645 4984 729 5054 Quos
753 5005 788 5044 ne
814 4987 899 5047 nimis
924 4988 1079 5065 despicere
1104 4989 1271 5058 rideretur,
1297 4989 1335 5050 iis
1359 5009 1439 5069 quae
1463 4993 1502 5056 ad
1526 4991 1597 5054 reri·
