3692 5842
238 477 303 544 526
819 481 848 529 nr
866 477 1012 544 uaporem

332 657 455 718 Habent
479 653 600 716 Samiae
629 656 839 736 philosophiae
863 658 993 719 cultores
1023 656 1130 730 (liceat
1152 656 1232 718 enirn
1260 655 1318 718 boo
1343 655 1569 736 cognominanti,

241 747 281 808 ad
312 746 488 807 indicandos
517 745 582 823 ejus
614 745 784 806 inventores
813 747 1016 828 Pythagoram
1045 753 1076 807 et
1098 745 1309 808 Aristarchum
1335 743 1471 818 Samios)
1499 746 1570 808 etiau

240 843 350 896 contra
374 842 571 914 apparentem
594 835 687 895 oculis
712 834 951 896 immobilitatem
966 836 1077 896 Terrae
1101 845 1240 914 paratum
1254 835 1285 896 iu
1301 834 1392 897 Luna
1404 833 1571 916 praesidium

241 927 392 986 Dooemur
417 922 527 1002 quippe
549 922 579 983 iu
614 923 740 1002 opticis‚
775 925 799 984 si
833 924 898 1003 quis
931 933 1065 985 nostrum
1099 924 1128 985 iu
1152 923 1240 985 Luna
1274 935 1379 998 esset,
1418 923 1446 984 ei
1477 923 1572 984 omuino

242 1015 359 1074 Lunam
383 1010 564 1072 domicilium
588 1031 673 1072 suum
696 1012 816 1090 penitus
844 1013 1040 1087 immobilem,
1065 1013 1188 1074 Terram
1217 1021 1453 1075 veronostram
1476 1009 1571 1074 Solen·

239 1120 296 1181 que
330 1108 362 1162 et
394 1109 498 1161 cetera
521 1100 619 1160 omnia
643 1100 765 1162 mobilia
795 1101 891 1162 visum
922 1101 978 1163 iri:
1011 1101 1055 1162 sic
1088 1100 1166 1162 enim
1198 1108 1269 1162 suut
1292 1109 1489 1181 comparatae
1508 1100 1572 1162 visua

238 1190 383 1251 rationes.

329 1276 584 1340 Commemoravit
617 1281 708 1337 antea
739 1278 842 1348 Pena,
872 1278 1019 1356 quomodo
1044 1275 1209 1338 astronomi
1237 1275 1350 1356 opticis
1374 1275 1422 1338 usi
1444 1274 1573 1354 principiis

240 1386 348 1446 magno
373 1365 635 1428 ratiocinationum
659 1365 810 1428 molimine
835 1365 913 1427 viam
944 1367 1073 1427 lacteam
1098 1384 1136 1425 ex
1159 1364 1337 1427 elementari
1363 1366 1483 1439 mundo,
1504 1383 1574 1444 quor·

240 1476 303 1518 sum
329 1475 394 1516 eam
418 1456 584 1516 collocarat
606 1453 801 1527 Aristoteles,
827 1455 855 1516 in
880 1473 1052 1535 supremum
1077 1453 1202 1514 aethera
1226 1452 1418 1515 sustulerint.
1456 1455 1499 1514 At
1517 1471 1574 1514 uuur

241 1543 404 1623 perspicilli
428 1562 534 1604 recens
558 1541 671 1603 inventi
695 1543 836 1604 beneficio
860 1543 916 1623 ipsi
934 1550 1172 1604 astronomorum
1196 1541 1275 1604 oculi
1300 1550 1388 1604 recta
1410 1541 1575 1602 adducuntur

241 1634 279 1693 ad
311 1633 527 1711 pervidendam
561 1631 627 1692 viae
661 1631 779 1693 lacteae
811 1631 1031 1693 substantiam:
1065 1641 1099 1692 ιιι
1131 1630 1298 1711 quicunque
1332 1630 1392 1692 boc
1424 1630 1574 1710 spectando

189 1751 195 1760 ·
241 1721 364 1794 fruitur,
398 1721 424 1781 is
459 1721 547 1782 lateri
578 1726 720 1798 cogatur,
756 1721 827 1782 nihil
853 1741 920 1783 esse
945 1720 1026 1781 aliud
1049 1720 1129 1782 viam
1154 1719 1303 1794 lacteam,
1338 1719 1397 1781 nisi
1430 1717 1575 1798 congerieu

241 1809 508 1870 minutissimarum
532 1809 697 1870 stellarum.

331 1896 412 1967 Quid
436 1906 520 1959 esset
542 1897 687 1958 nebulosa
711 1898 817 1969 stella,
851 1896 971 1975 penitus
995 1895 1165 1974 ignoratum
1194 1893 1364 1957 hactenus:
1395 1893 1575 1975 perspicilluu

242 2006 313 2047 vero
344 1987 372 2048 in
405 1987 496 2047 talem
526 1986 655 2066 aliquam
684 1987 857 2046 nebulosam
886 1985 1126 2046 convolutionem
1155 1987 1206 2056 (ut
1228 1984 1424 2044 Ptolemaeus
1450 1983 1575 2064 appellati

241 2076 399 2149 directum,
425 2075 558 2136 ostendit
582 2093 696 2135 rursum
720 2084 753 2135 ιιι
777 2075 805 2134 in
829 2072 1116 2146 ablactatum,
1148 2081 1212 2133 tres
1235 2071 1284 2133 vel
1308 2080 1440 2153 quatuor
1461 2072 1575 2135 clarissi-

241 2183 306 2224 nras
331 2165 439 2225 stellas
463 2164 491 2223 iu
517 2162 686 2224 arctissimo
711 2163 809 2241 spatio
832 2162 1009 2223 collocatas.

334 2250 410 2321 Quis
434 2271 505 2314 vero
529 2251 716 2326 credidisset,
742 2252 866 2312 lixarum
890 2269 1043 2312 numerum
1071 2268 1139 2309 esse
1168 2249 1295 2326 decuplo
1324 2257 1379 2310 aut
1408 2249 1487 2310 forte
1507 2249 1578 2328 vige·

246 2341 333 2420 euplo
356 2342 499 2420 majorem
524 2360 576 2414 co,
612 2341 660 2419 qni
685 2350 730 2400 est
756 2341 783 2400 in
809 2341 995 2401 l'tolenraica
1018 2339 1143 2399 ferarum
1167 2337 1392 2416 descriptione,
1427 2337 1454 2399 si
1485 2337 1581 2416 absque

214 2428 298 2509 ,hoc
322 2431 521 2490 instrumento
546 2429 672 2490 fnisset?
701 2429 741 2490 Et
765 2429 841 2489 unde
866 2448 978 2508 quaeso
1003 2436 1210 2504 argumentum
1235 2435 1377 2504 petamus
1402 2427 1442 2486 dc
1464 2427 1518 2488 linc
1537 2443 1582 2486 seu

242 2519 368 2579 termino
393 2517 481 2597 liujus
506 2518 605 2579 mundi
631 2518 844 2595 aspectabilis,
883 2519 962 2597 qnod
995 2517 1021 2577 is
1045 2516 1086 2577 sit
1110 2516 1177 2594 ipsa
1201 2515 1331 2594 sphaera
1355 2515 1500 2588 fixarum,
1533 2509 1581 2574 uisi

241 2608 278 2668 ab
303 2607 359 2668 hac
384 2607 452 2686 ipsa
475 2607 599 2668 finarum
624 2606 813 2667 multitudine
837 2606 1008 2685 perspicillo
1034 2605 1172 2677 detecta,
1202 2622 1280 2683 quae
1310 2615 1360 2665 est
1385 2603 1478 2665 veluti
1500 2619 1577 2683 quae·

242 2697 310 2757 dam
335 2697 555 2758 concameratio
580 2696 681 2756 mundi
706 2695 834 2756 mobilis.

331 2783 484 2854 Quantum
508 2785 599 2846 etiam
624 2793 813 2846 astronomus
838 2793 917 2844 erret
942 2784 970 2843 in
986 2779 1214 2841 determinanda
1228 2779 1355 2841 fixarum
1379 2777 1581 2859 magnitudine,

241 2873 298 2934 nisi
322 2874 485 2953 perspicilli
517 2893 570 2934 usu
595 2874 702 2934 stellas
727 2874 763 2933 de
789 2891 864 2933 novo
894 2873 1018 2933 lustret:
1061 2870 1163 2931 videro
1194 2875 1243 2928 est
1272 2868 1379 2930 itidem
1402 2869 1483 2949 apud
1506 2865 1582 2928 Gali·

242 2963 358 3035 laeum;
384 2970 415 3022 et
439 2961 517 3022 inl'ra
541 2962 633 3023 etiarn
650 2961 793 3022 Germani
818 2962 970 3039 cujusdam
995 2959 1101 3020 literas
1121 2959 1149 3018 in
1165 2956 1372 3019 testimonium
1387 2957 1581 3039 producemus

331 3048 392 3110 Sed
417 3068 532 3110 omnem
557 3051 783 3111 admirationem
809 3063 932 3129 superat
965 3048 1037 3109 illud
1062 3055 1153 3125 capnt
1176 3045 1274 3106 nuncii
1304 3047 1430 3116 siderei,
1455 3045 1503 3106 ubi
1524 3063 1583 3124 per·

242 3137 350 3216 spicilli
381 3139 591 3216 perfectissimi
622 3140 765 3200 beneficio
799 3139 876 3198 alter
908 3137 993 3198 nobis
1025 3137 1108 3197 velut
1141 3134 1266 3195 mundus
1298 3132 1431 3196 Jovialis
1463 3135 1584 3194 detectus

242 3237 400 3287 narratur:
440 3236 470 3286 et
501 3247 583 3288 mens.
609 3228 777 3307 philosophi
809 3247 865 3286 ιιιιιι
891 3228 954 3287 sine
980 3237 1102 3305 stupore
1128 3223 1314 3296 considerat,
1345 3243 1413 3284 esse
1447 3224 1583 3303 ingentem

242 3315 369 3394 aliquem
394 3315 523 3392 globum,
549 3317 596 3396 qui
622 3317 699 3377 mole
725 3317 857 3396 corporis
882 3313 1107 3394 quatuordecim
1123 3313 1229 3390 globos
1244 3312 1420 3373 Terrestres
1447 3314 1584 3392 adaequat

242 3404 314 3476 (nisi
341 3403 387 3463 hic
405 3402 535 3465 Galilaei
561 3407 764 3484 perspieillarn
790 3405 874 3465 nobis
901 3404 1031 3465 limatius
1055 3402 1168 3480 aliquid
1184 3400 1353 3461 Bralreanis
1373 3419 1584 3463 commensura·

240 3493 373 3554 tionibus
401 3493 481 3553 brevi
506 3497 654 3572 proteret)
679 3494 758 3554 circa
783 3512 868 3572 quem
893 3502 1020 3571 quatuor
1044 3492 1148 3552 Lunae
1173 3505 1296 3550 nostrae
1321 3489 1389 3551 huic
1413 3491 1517 3552 Lunae
1537 3505 1584 3550 nou

241 3582 395 3642 absimiles
425 3582 678 3656 eircurrrcurrnnt;
710 3582 883 3642 tardissima
907 3580 1007 3660 spatio
1022 3581 1136 3640 dierum
1159 3578 1386 3658 quatuordecim
1410 3579 1584 3644 nostratium,

240 3680 273 3731 ut
292 3669 451 3731 Galilaeus
475 3671 622 3750 prodidit;
646 3671 783 3750 proxima
807 3672 845 3731 ab
870 3671 921 3731 illa
946 3671 999 3730 sed
1015 3669 1143 3729 manime
1168 3667 1297 3728 omniurn
1313 3669 1479 3748 conspicua
1500 3665 1584 3746 spatio

243 3760 358 3820 dierum
383 3771 471 3832 octo,
510 3768 543 3820 ut
567 3761 632 3837 Ego
657 3759 802 3838 superiori
827 3759 925 3839 Aprili
950 3767 979 3818 et
1004 3759 1087 3837 hlajo
1116 3756 1318 3835 deprehendi,
1355 3757 1490 3838 reliquae
1521 3755 1582 3814 duae

241 3848 336 3907 multo
362 3848 457 3907 arlhuc
483 3848 610 3908 breviori
635 3849 777 3926 temporis
802 3849 965 3909 curriculo:
990 3847 1040 3906 ubi
1066 3847 1143 3906 ratio
1168 3865 1205 3905 en
1229 3845 1303 3905 meis
1328 3845 1366 3906 de
1391 3847 1492 3907 hlarte
1507 3843 1583 3906 Corn·

241 3937 398 3996 mensariis
423 3936 461 3996 ad
486 3956 608 3996 causam
633 3937 759 3998 similem
785 3938 933 3998 accersita
957 3935 1064 3996 suadet
1090 3944 1243 4007 statuere,
1275 3934 1368 3995 etiam
1394 3936 1491 4015 ipsum
1512 3931 1582 3994 Jovis

240 4023 360 4102 globum
395 4025 531 4085 convolvi
564 4026 754 4103 rapidissime
788 4034 818 4085 et
842 4025 946 4105 procul
972 4025 1062 4085 dubio
1087 4024 1215 4084 celerius
1239 4042 1328 4104 quam
1362 4024 1392 4084 in
1423 4025 1508 4085 innius
1537 4019 1582 4081 diei

241 4114 390 4174 nostratis
425 4113 538 4191 spatio:
578 4125 610 4174 ut
643 4115 719 4175 hanc
752 4115 833 4193 globi
867 4115 986 4175 maximi
1016 4113 1257 4174 convolutionem
1281 4113 1363 4173 eirca
1394 4133 1481 4174 suum
1512 4127 1581 4172 areu

241 4211 369 4280 quatuor
395 4202 510 4262 illarum
531 4202 682 4264 Lanarum
706 4223 852 4282 perennes
877 4204 1018 4264 circuitus
1043 4203 1071 4262 in
1087 4203 1209 4283 plagam
1225 4201 1351 4263 eandem
1368 4215 1580 4282 consequantur.

240 4292 342 4370 Atque
368 4290 426 4350 illis
452 4290 569 4369 quidem
601 4292 673 4352 locis
698 4293 750 4353 Sol
784 4293 829 4353 hic
860 4303 978 4364 mster,
1008 4291 1173 4352 communis
1204 4306 1234 4350 et
1264 4292 1352 4369 hujus
1379 4291 1540 4352 Terrestris
1558 4299 1580 4344 et

240 4380 319 4439 illius
343 4379 475 4438 ,loviniis
501 4380 600 4439 numdi
627 4381 728 4453 rocus,
764 4402 849 4460 quem
884 4402 938 4441 nos
971 4382 1116 4442 tricenum
1142 4379 1301 4457 plurimum
1328 4381 1509 4443 minutorum
1529 4391 1580 4436 esse

241 4487 406 4534 censenras,
433 4468 482 4527 vix
507 4487 580 4527 sena
605 4480 655 4529 aut
681 4478 805 4548 septena
831 4472 944 4532 minuta
960 4471 1084 4548 implet:
1109 4469 1289 4548 interimque
1305 4470 1463 4530 duodecim
1478 4481 1578 4530 nostra·

242 4557 312 4616 tium
339 4576 482 4616 annorum
508 4557 607 4634 spatio
633 4558 786 4619 zodiacum
812 4580 948 4620 errrensus
983 4560 1061 4638 apud
1096 4558 1218 4618 easdem
1248 4577 1365 4620 rursum
1390 4561 1466 4618 tinas
1489 4558 1577 4636 depre-

241 4645 391 4705 henditur.
439 4644 544 4724 ltaque
571 4665 645 4723 equae
671 4648 700 4707 in
726 4648 775 4709 illo
795 4649 880 4709 Jovis
905 4649 994 4727 globo
1019 4649 1132 4722 degunt
1157 4658 1327 4718 creaturae,
1353 4648 1423 4708 dum
1447 4648 1498 4708 illa
1519 4663 1576 4724 qua·

242 4743 309 4792 taor
336 4733 485 4793 Lanarum
521 4735 698 4796 brevissima
729 4756 781 4814 per
805 4739 880 4797 tiras
905 4737 1053 4798 curricula
1076 4736 1338 4813 contemplantur,
1374 4737 1444 4798 drrnr
1468 4729 1576 4815 quotidie

242 4821 372 4882 orientes
397 4821 626 4901 occidentesque
652 4835 681 4884 et
707 4825 788 4903 ipsas
813 4840 841 4886 et
864 4825 966 4886 Solem
991 4826 1150 4905 aspiciunt.
1176 4825 1284 4885 tor-en
1311 4825 1442 4904 lapidem
1462 4827 1575 4904 jurarent

242 4915 349 4988 (nuper
374 4911 451 4970 enim
476 4932 512 4972 ex
538 4913 596 4972 illis
622 4913 791 4991 regionibns
820 4935 959 4976 reversus
984 4916 1115 4986 adsumi,
1147 4932 1232 4973 suum
1261 4913 1345 4974 illurn
1369 4915 1456 4976 Jovis
1480 4911 1574 4992 grahan

242 4997 393 5073 quiescere
419 5018 475 5059 uuo
500 5001 565 5061 loco
589 5001 786 5073 immobilem,
820 5005 894 5064 tinas
920 5022 990 5063 rero
1015 5015 1044 5062 et
1069 5001 1188 5066 Solem.
1214 5021 1291 5081 «puae
1316 5021 1444 5082 corpora
1468 5021 1497 5063 re
1522 5009 1573 5054 tm
