3692 5842
238 471 303 541 562
850 473 978 540 Diouem

237 654 313 720 Dico
346 652 437 714 etiam
471 650 602 731 speciem
633 649 696 711 lieri
731 650 874 712 minorem
902 667 956 732 per
986 651 1062 713 duas
1094 667 1246 713 convexas
1279 650 1408 712 invicem
1437 651 1576 732 configura

238 744 305 817 ΑΒ,
332 740 396 816 CD,
422 760 510 821 quam
533 758 587 820 per
610 759 708 812 unam,
722 739 789 801 AB.
1375 747 1389 770 ·

324 831 404 894 Nam
428 830 497 909 quia
520 847 579 890 una
602 847 679 889 cava
702 830 768 889 leus
791 835 839 888 est
863 828 1018 908 utrimque,
1044 829 1169 891 eandem
1192 828 1287 910 Igitur
1299 828 1477 892 causabitur
1492 830 1577 892 radio·

238 940 301 984 rum
326 918 552 998 divergentiam.
600 917 716 978 Eodem
739 917 831 996 Igitur
864 916 1024 979 Intervallo
1053 918 1152 979 aberit
1173 927 1237 980 tam
1261 917 1300 979 ab
1323 919 1353 979 Η
1377 937 1519 980 concursu
1537 937 1580 998 per

238 1027 327 1073 unam
350 1008 417 1080 AB,
443 1026 531 1086 quam
556 1007 593 1067 ab
618 1007 632 1066 I
655 1025 801 1067 concursu
824 1023 879 1084 per
902 1014 1056 1087 utrumque
1081 1008 1147 1081 AB,
1174 1006 1229 1069 CD
1252 1016 1392 1080 causato,
1425 1023 1481 1087 per
1501 1005 1580 1081 CXI;

240 1099 281 1159 sit
302 1098 378 1159 haec
402 1096 548 1156 distantia
561 1095 628 1168 HN,
656 1093 710 1167 10,
731 1094 796 1157 GP.
842 1094 888 1156 At
910 1095 1009 1175 portio
1032 1096 1139 1157 eadem
1162 1096 1201 1157 ad
1225 1095 1380 1158 dImidium
1395 1095 1442 1157 m
1455 1097 1580 1175 majorem

239 1187 333 1248 habet
355 1185 578 1266 proportionem
607 1203 695 1262 equam
721 1185 759 1245 ad
783 1184 902 1262 duplum
926 1184 996 1245 HR.
1043 1184 1203 1263 Propiores
1232 1183 1326 1264 igitur
1353 1193 1426 1246 suot
1448 1185 1516 1258 ΔΒ,
1537 1183 1581 1248 cb

238 1276 365 1355 junctae
388 1273 445 1352 ipsi
470 1271 498 1333 Ο
523 1272 585 1344 (uel
609 1273 661 1333 EF
685 1273 744 1333 illis
773 1272 979 1352 aequipollens
1008 1273 1065 1353 ipsi
1088 1274 1166 1335 Pin
1199 1291 1273 1335 suae
1301 1273 1516 1335 semidiametri
1535 1271 1580 1336 LG

242 1362 467 1444 proportione),
501 1380 588 1440 quam
616 1362 683 1422 sola
713 1361 768 1421 AB
794 1361 850 1440 Ipsi
873 1362 902 1423 N
926 1361 955 1422 in
986 1382 1058 1424 suae
1082 1361 1152 1424 RH.
1198 1360 1320 1425 Minora
1348 1362 1441 1442 igitur
1467 1363 1580 1424 risibilia

241 1452 295 1513 EF
329 1457 541 1531 repraesentat
573 1469 626 1529 per
650 1469 754 1510 cavam
779 1451 813 1524 P,
839 1469 926 1530 quam
951 1451 1007 1512 AB
1036 1452 1103 1512 sola
1126 1467 1308 1530 percaram
1331 1452 1362 1513 N
1386 1449 1520 1524 eandem,
1539 1469 1581 1531 per

242 1540 430 1612 LXXXIII;
455 1538 570 1600 minora
593 1538 685 1617 igitur
709 1547 741 1600 et
763 1541 840 1600 duae
864 1540 931 1608 ΑΒ,
957 1540 1012 1603 CD
1031 1542 1166 1620 junctae,
1190 1559 1280 1620 quam
1301 1559 1361 1602 uua
1384 1542 1454 1602 sola
1475 1541 1535 1602 AB.

332 1627 480 1691 CXXVI.
529 1628 759 1707 Propositio.
807 1628 904 1690 Unica
928 1630 1100 1708 superficies
1133 1647 1268 1690 concava
1299 1648 1394 1707 parvo
1427 1629 1578 1692 circuloIr

241 1717 425 1797 dissipandis
460 1735 511 1775 seu
545 1717 755 1795 disgregandis
788 1717 881 1778 radiis
919 1719 981 1779 lere
1015 1718 1197 1798 aequipollet
1233 1718 1350 1780 duabus
1387 1717 1579 1799 superficiebus

242 1806 383 1869 concavis
408 1824 445 1866 ex
468 1805 580 1867 circulo
605 1806 694 1884 duplo
719 1807 832 1885 majore
857 1806 1013 1868 desumtis.

330 1895 480 1956 Probatur
504 1913 540 1955 ex
564 1894 713 1957 LXXIX.
739 1905 769 1955 et
793 1897 850 1957 llI.

333 1983 497 2047 CXXVII.
532 1983 764 2061 Propositio.
802 1984 887 2045 Duae
902 1984 1000 2045 lentes
1016 2001 1167 2045 concavae
1185 1983 1314 2045 invicem
1335 1983 1494 2063 contiguas
1506 1981 1577 2062 paulo

244 2073 404 2134 admodum
426 2072 543 2131 alente
567 2090 703 2132 convexa
723 2071 841 2150 longius
863 2072 988 2147 distant,
1015 2092 1104 2153 quam
1124 2091 1226 2134 earum
1249 2073 1347 2147 unica,
1372 2082 1408 2134 ut
1428 2073 1577 2134 distinctas

150 2202 153 2221 .
246 2162 378 2224 alliciant
401 2159 555 2232 visionem,
581 2161 634 2221 sed
659 2160 791 2240 speciem
814 2160 944 2223 visibilis
968 2161 1093 2223 multum
1117 2181 1153 2223 ac
1177 2162 1240 2223 lere
1263 2161 1355 2240 duplo
1379 2171 1500 2241 augent.

335 2250 415 2312 Nam
439 2248 595 2328 paralleli,
631 2269 705 2329 quos
738 2250 803 2311 lens
827 2268 962 2311 convexa
986 2250 1058 2311 lecit
1081 2268 1280 2330 convergere,
1315 2251 1362 2311 sic
1393 2249 1578 2330 couvergcudo

245 2339 416 2400 incidentes
440 2338 469 2397 in
493 2356 607 2412 cavam,
632 2358 668 2398 ea
693 2339 823 2399 transita
846 2340 977 2400 vitantes
993 2357 1168 2401 concursum
1191 2357 1307 2401 rursum
1323 2338 1579 2420 diverguutrersus

247 2428 363 2489 oculum
388 2446 442 2506 per
457 2423 566 2500 cvn,
593 2427 769 2505 supponitur
792 2428 870 2489 cuim
895 2430 1124 2490 instrumentum
1148 2429 1231 2489 etin
1255 2445 1292 2488 eo
1310 2426 1388 2489 situs
1405 2425 1578 2490 caracleutis

244 2516 338 2578 utilis.
385 2515 454 2575 Iam
479 2534 549 2575 vero
574 2516 672 2575 ultera
695 2536 771 2576 cava
803 2518 881 2578 iuter
910 2517 1025 2578 oculum
1057 2529 1088 2579 et
1110 2518 1239 2597 priorem
1272 2534 1379 2578 cavam
1412 2515 1577 2597 interpositu,

245 2625 320 2685 quae
347 2603 519 2683 intercipiat
543 2605 744 2683 divergentes,
770 2605 843 2666 lacit
867 2625 919 2666 eos
943 2607 992 2666 ubi
1017 2605 1192 2683 trajecerint
1217 2606 1375 2685 divergerc
1399 2607 1522 2686 amplius
1539 2621 1580 2682 per

244 2693 373 2763 xclv,
398 2701 526 2772 peccaut
549 2693 640 2770 igitur
663 2713 788 2755 excessu
813 2695 1020 2774 divergentiae
1045 2705 1075 2756 et
1098 2697 1223 2758 confusa
1244 2703 1406 2776 praestant
1429 2713 1483 2774 per
1498 2690 1578 2758 XCV.

247 2791 279 2844 et
300 2780 419 2846 XCIX.
467 2781 579 2860 Augeri
607 2783 698 2861 igitur
726 2784 878 2862 oportebit
905 2785 1086 2846 contrariam
1114 2803 1152 2846 ex
1181 2801 1316 2846 convexa
1346 2783 1579 2864 convergeutiau.

245 2878 278 2932 ut
300 2871 375 2931 vitia
399 2869 653 2949 aequiponderent
676 2891 765 2951 seque
791 2873 918 2934 invicem
936 2873 1055 2947 tollant,
1080 2892 1133 2953 per
1153 2871 1236 2935 CIV.
1272 2876 1414 2953 Augetur
1435 2891 1504 2935 vero
1523 2889 1579 2933 cou-

245 2959 403 3038 vergentia
426 2967 458 3020 et
481 2979 519 3019 ex
547 2960 600 3020 illa
628 2961 781 3035 confusio,
816 2963 842 3023 si
878 2961 993 3041 longius
1028 2963 1165 3024 discedat
1195 2962 1260 3024 lens
1288 2980 1426 3024 convexa
1455 2962 1493 3024 ab
1513 2958 1580 3022 oculo

247 3049 327 3110 iutra
353 3058 494 3126 puuctum
518 3067 679 3110 concursus
703 3051 884 3125 constituto,
915 3069 969 3130 per
992 3051 1109 3115 LXXI.
1157 3051 1238 3130 Ergo
1271 3052 1349 3112 duae
1380 3051 1478 3112 lentes
1507 3065 1581 3111 carae

244 3157 310 3198 cunr
335 3136 420 3198 oculo
446 3137 502 3197 sibi
527 3138 660 3216 proxIme
686 3140 863 3201 adhaerenti
893 3140 1011 3218 longius
1042 3141 1150 3202 abesse
1175 3140 1285 3201 debent
1313 3163 1330 3201 a
1355 3153 1581 3219 convexaque!

247 3226 335 3288 unica
359 3245 470 3286 earum.
518 3227 576 3287 Vel
602 3246 654 3304 per
679 3226 827 3290 CXXVI.
852 3230 941 3290 binae
967 3229 1063 3290 lentes
1094 3249 1187 3291 cavae
1218 3229 1328 3291 circulo
1358 3231 1471 3309 majore
1497 3225 1580 3306 aequi·

244 3316 348 3376 valent
382 3314 486 3376 unicae
518 3315 627 3376 circulo
661 3316 775 3378 minori.
823 3318 868 3378 Ae
899 3338 954 3397 per
978 3316 1044 3380 CX.
1079 3337 1155 3380 cara
1185 3337 1277 3397 pareo
1302 3319 1414 3379 circulo
1443 3317 1579 3397 longiora

246 3405 327 3464 lente
352 3403 457 3478 distat,
483 3423 571 3483 quam
596 3405 683 3466 uuica
707 3425 814 3485 magno
839 3408 949 3468 circulo
973 3426 1059 3469 cava.
1097 3407 1178 3487 Ergo
1203 3417 1234 3468 et
1256 3408 1344 3469 binae
1366 3426 1475 3486 magno
1492 3403 1580 3467 circulo

247 3513 341 3555 carae
364 3494 431 3572 plus
457 3494 572 3553 distant
595 3514 682 3574 quam
707 3515 807 3555 earuru
833 3515 891 3557 uua
914 3496 988 3557 sola.

333 3583 409 3646 Dico
434 3591 464 3643 et
488 3583 603 3661 majora
627 3586 847 3662 repraesentari
872 3585 1005 3646 risibilia
1023 3604 1077 3663 per
1097 3585 1172 3645 duas
1197 3604 1284 3663 quam
1304 3602 1360 3663 per
1383 3604 1474 3646 uuarn
1496 3597 1579 3644 cassu

244 3671 381 3752 proxime
406 3672 531 3732 oculum.
580 3671 811 3734 Deuronstrntur
835 3676 884 3744 (ut
906 3674 1022 3753 priora)
1047 3694 1084 3734 ex
1108 3671 1223 3734 CXIII.
1250 3682 1281 3733 et
1305 3672 1453 3736 CXXVI.

334 3761 467 3821 Parvula
490 3779 561 3820 vero
591 3763 690 3822 auctio
723 3763 885 3824 distantiae
918 3782 1057 3842 maguam
1092 3762 1165 3823 facit
1195 3762 1401 3823 accessionem
1425 3763 1462 3823 ad
1485 3757 1577 3836 magui·

245 3847 377 3908 tudinem
402 3847 523 3927 speciei,
548 3868 601 3928 per
626 3849 740 3912 CXIV.

379 4008 383 4018 ¹
680 3937 858 4000 CXXVIII.
910 3937 1133 4017 Propositio.
1183 3940 1216 4000 lu
1250 3939 1346 4012 lcutc,
1383 3959 1458 4020 quae
1490 3953 1576 4015 aequa·

357 4008 411 4073 Frg.
432 4004 474 4055 ³²·
590 4028 668 4088 libus
693 4028 811 4088 circulis
837 4026 904 4087 lriuc
937 4046 1074 4088 convexa
1096 4035 1146 4088 cst
1174 4028 1242 4090 inde
1266 4045 1357 4102 cara,
1392 4047 1493 4090 omnes
1513 4019 1575 4088 radi.

589 4117 637 4195 qui
662 4116 901 4196 perpendiculari
926 4115 1005 4177 iutra
1025 4134 1132 4194 corpus
1155 4116 1293 4196 paralleli
1313 4117 1465 4190 incedunt,
1488 4131 1575 4193 acqui·

589 4206 665 4265 libus
690 4204 808 4282 angulis
828 4204 856 4264 iu
876 4214 1002 4285 utraque
1027 4205 1184 4282 superficie
1208 4205 1414 4283 restinguutur
1432 4215 1462 4268 et
1481 4197 1575 4269 resno

589 4295 719 4355 retinent
744 4294 962 4371 divergeutiam
988 4301 1040 4354 aut
1064 4295 1299 4372 parallelitatem
1323 4297 1461 4358 eandem.

681 4382 729 4443 Sit
759 4383 824 4443 lens
857 4383 967 4443 circulo
997 4380 1067 4454 BC,
1102 4384 1187 4462 cujus
1218 4392 1353 4444 centrum
1379 4387 1426 4458 A,
1460 4396 1575 4446 contexa

588 4471 700 4532 circulo
730 4490 800 4531 vero
830 4470 895 4544 EF,
932 4471 1016 4550 cujus
1050 4483 1184 4533 centrum
1209 4473 1251 4544 D,
1286 4491 1431 4534 concaua.
1479 4467 1575 4534 lnam

588 4579 640 4638 per
665 4569 770 4620 centra
794 4569 878 4620 rectu
893 4561 962 4633 bn,
986 4578 1094 4620 secans
1119 4561 1290 4639 superficies
1315 4555 1576 4641 perpendiculariter

431 4639 507 4696 “a
589 4650 617 4708 iu
642 4649 675 4721 F,
701 4647 736 4709 C.
786 4650 922 4709 Ilucatur
947 4650 973 4711 ci
998 4649 1146 4728 parallela
1177 4668 1388 4728 quaecuuque,
1419 4652 1513 4731 sitque
1532 4639 1576 4706 III

539 4751 546 4768 Χ
588 4737 819 4798 Demonstratur·
845 4737 936 4816 igitur
969 4737 1150 4817 geometrice
1183 4737 1362 4817 praesertim
1389 4761 1408 4800 a
1431 4739 1576 4800 morenae

588 4833 620 4886 et
652 4828 850 4901 astronomis,
886 4827 965 4888 sicut
998 4825 1050 4888 CF
1082 4836 1113 4887 et
1146 4825 1200 4887 BE
1234 4827 1279 4888 sic
1313 4825 1367 4888 CB
1402 4837 1434 4890 et
1456 4825 1504 4888 PE
1528 4833 1575 4882 east

588 4916 740 4994 aequales.
779 4916 907 4978 Proinde
932 4915 1087 4978 incliuatio
1103 4915 1156 4976 ΒΕ
1175 4916 1213 4976 ad
1234 4922 1393 4995 utramque
1417 4910 1574 4996 superarier

588 5011 637 5064 est
669 5006 789 5078 eadem,
822 5006 878 5068 hoc
911 5014 961 5068 est
990 5004 1030 5067 ad
1063 5011 1224 5084 tangentes
1258 5005 1428 5084 superficiei
1458 4989 1575 5078 ΜΕ
