<?xml version="1.0" encoding="UTF-8"?>
<!DOCTYPE html PUBLIC "-//W3C//DTD XHTML 1.0 Transitional//EN"
    "http://www.w3.org/TR/xhtml1/DTD/xhtml1-transitional.dtd">
<html xmlns="http://www.w3.org/1999/xhtml" xml:lang="en" lang="en">
 <head>
  <title>
</title>
<meta http-equiv="Content-Type" content="text/html;charset=utf-8" />
  <meta name='ocr-system' content='tesseract 3.04.00' />
  <meta name='ocr-capabilities' content='ocr_page ocr_carea ocr_par ocr_line ocrx_word'/>
</head>
<body>
  <div class='ocr_page' id='page_1' title='image "./joanniskepleria01frisgoog/joanniskepleria01frisgoog_0013.png"; bbox 0 0 3692 5842; ppageno 0'>
   <div class='ocr_carea' id='block_1_1' title="bbox 653 1398 1250 1500">
    <p class='ocr_par' dir='ltr' id='par_1_1' title="bbox 653 1398 1250 1500">
     <span class='ocr_line' id='line_1_1' title="bbox 653 1398 1250 1500; baseline 0.007 -4"><span class='ocrx_word' id='word_1_1' title='bbox 653 1398 1157 1500; x_wconf 68' lang='lat' dir='ltr'>PROOEMIUM</span> <span class='ocrx_word' id='word_1_2' title='bbox 1247 1406 1250 1411; x_wconf 69' lang='grc'><strong>“</strong></span> 
     </span>
    </p>
   </div>
   <div class='ocr_carea' id='block_1_2' title="bbox 227 1832 1673 5065">
    <p class='ocr_par' dir='ltr' id='par_1_2' title="bbox 227 1832 1673 5065">
     <span class='ocr_line' id='line_1_2' title="bbox 318 1832 1584 1963; baseline 0.003 -24"><span class='ocrx_word' id='word_1_3' title='bbox 318 1832 545 1957; x_wconf 81' lang='lat' dir='ltr'>llrgumentum</span> <span class='ocrx_word' id='word_1_4' title='bbox 580 1881 678 1960; x_wconf 82' lang='lat' dir='ltr'>operis</span> <span class='ocrx_word' id='word_1_5' title='bbox 714 1901 801 1960; x_wconf 89' lang='lat' dir='ltr'>quum</span> <span class='ocrx_word' id='word_1_6' title='bbox 835 1883 984 1961; x_wconf 85' lang='lat' dir='ltr'>Keplerus</span> <span class='ocrx_word' id='word_1_7' title='bbox 1025 1884 1087 1963; x_wconf 88' lang='lat' dir='ltr'>ipse</span> <span class='ocrx_word' id='word_1_8' title='bbox 1121 1885 1309 1946; x_wconf 76' lang='lat' dir='ltr'>dedicatione</span> <span class='ocrx_word' id='word_1_9' title='bbox 1347 1884 1386 1944; x_wconf 91' lang='lat' dir='ltr'>ad</span> <span class='ocrx_word' id='word_1_10' title='bbox 1421 1882 1584 1945; x_wconf 83' lang='lat' dir='ltr'>Caesarem</span> 
     </span>
     <span class='ocr_line' id='line_1_3' title="bbox 227 1966 1584 2051; baseline 0.002 -23"><span class='ocrx_word' id='word_1_11' title='bbox 227 1966 422 2045; x_wconf 88' lang='lat' dir='ltr'>Rudolpbum</span> <span class='ocrx_word' id='word_1_12' title='bbox 455 1977 486 2028; x_wconf 90' lang='lat' dir='ltr'>et</span> <span class='ocrx_word' id='word_1_13' title='bbox 517 1971 614 2031; x_wconf 83' lang='lat' dir='ltr'>literis</span> <span class='ocrx_word' id='word_1_14' title='bbox 647 1991 722 2050; x_wconf 90' lang='lat' dir='ltr'>quas</span> <span class='ocrx_word' id='word_1_15' title='bbox 753 1972 944 2049; x_wconf 89' lang='lat' dir='ltr'>adjunximus</span> <span class='ocrx_word' id='word_1_16' title='bbox 975 1973 1014 2032; x_wconf 89' lang='lat' dir='ltr'>ad</span> <span class='ocrx_word' id='word_1_17' title='bbox 1046 1975 1158 2034; x_wconf 83' lang='lat' dir='ltr'>airricus</span> <span class='ocrx_word' id='word_1_18' title='bbox 1189 1978 1381 2050; x_wconf 88' lang='lat' dir='ltr'>lautoresque</span> <span class='ocrx_word' id='word_1_19' title='bbox 1408 1972 1584 2051; x_wconf 75' lang='lat' dir='ltr'><strong>perscriptis</strong></span> 
     </span>
     <span class='ocr_line' id='line_1_4' title="bbox 228 2056 1584 2138; baseline 0.004 -23"><span class='ocrx_word' id='word_1_20' title='bbox 228 2056 359 2129; x_wconf 85' lang='lat' dir='ltr'>reserat,</span> <span class='ocrx_word' id='word_1_21' title='bbox 393 2056 480 2135; x_wconf 91' lang='lat' dir='ltr'>plura</span> <span class='ocrx_word' id='word_1_22' title='bbox 511 2059 547 2119; x_wconf 91' lang='lat' dir='ltr'>de</span> <span class='ocrx_word' id='word_1_23' title='bbox 578 2059 630 2119; x_wconf 95' lang='lat' dir='ltr'>illo</span> <span class='ocrx_word' id='word_1_24' title='bbox 661 2059 759 2119; x_wconf 84' lang='lat' dir='ltr'>dicere</span> <span class='ocrx_word' id='word_1_25' title='bbox 785 2061 964 2138; x_wconf 87' lang='lat' dir='ltr'>superfluum</span> <span class='ocrx_word' id='word_1_26' title='bbox 990 2061 1116 2123; x_wconf 87' lang='lat' dir='ltr'>videtur.</span> <span class='ocrx_word' id='word_1_27' title='bbox 1164 2060 1280 2130; x_wconf 81' lang='lat' dir='ltr'>Quibus</span> <span class='ocrx_word' id='word_1_28' title='bbox 1309 2079 1379 2120; x_wconf 90' lang='lat' dir='ltr'>vero</span> <span class='ocrx_word' id='word_1_29' title='bbox 1403 2060 1503 2121; x_wconf 87' lang='lat' dir='ltr'>causis</span> <span class='ocrx_word' id='word_1_30' title='bbox 1527 2060 1584 2120; x_wconf 88' lang='lat' dir='ltr'>ad-</span> 
     </span>
     <span class='ocr_line' id='line_1_5' title="bbox 229 2145 1585 2229; baseline 0.002 -25"><span class='ocrx_word' id='word_1_31' title='bbox 229 2145 339 2205; x_wconf 87' lang='lat' dir='ltr'>ductus</span> <span class='ocrx_word' id='word_1_32' title='bbox 364 2154 395 2204; x_wconf 86' lang='lat' dir='ltr'>et</span> <span class='ocrx_word' id='word_1_33' title='bbox 419 2163 476 2223; x_wconf 94' lang='lat' dir='ltr'>quo</span> <span class='ocrx_word' id='word_1_34' title='bbox 501 2155 634 2225; x_wconf 92' lang='lat' dir='ltr'>tempore</span> <span class='ocrx_word' id='word_1_35' title='bbox 659 2166 733 2226; x_wconf 92' lang='lat' dir='ltr'>opus</span> <span class='ocrx_word' id='word_1_36' title='bbox 757 2168 841 2208; x_wconf 90' lang='lat' dir='ltr'>suum</span> <span class='ocrx_word' id='word_1_37' title='bbox 867 2148 1014 2227; x_wconf 83' lang='lat' dir='ltr'>inceperit</span> <span class='ocrx_word' id='word_1_38' title='bbox 1038 2160 1142 2210; x_wconf 87' lang='lat' dir='ltr'>auctor</span> <span class='ocrx_word' id='word_1_39' title='bbox 1156 2150 1288 2229; x_wconf 89' lang='lat' dir='ltr'>illudque</span> <span class='ocrx_word' id='word_1_40' title='bbox 1303 2148 1487 2221; x_wconf 87' lang='lat' dir='ltr'>absolverit,</span> <span class='ocrx_word' id='word_1_41' title='bbox 1511 2149 1585 2208; x_wconf 90' lang='lat' dir='ltr'>haec</span> 
     </span>
     <span class='ocr_line' id='line_1_6' title="bbox 229 2233 1585 2318; baseline 0.001 -25"><span class='ocrx_word' id='word_1_42' title='bbox 229 2233 380 2307; x_wconf 86' lang='lat' dir='ltr'>indicare,</span> <span class='ocrx_word' id='word_1_43' title='bbox 413 2244 556 2312; x_wconf 89' lang='lat' dir='ltr'>qnantum</span> <span class='ocrx_word' id='word_1_44' title='bbox 586 2243 751 2314; x_wconf 86' lang='lat' dir='ltr'>apparete</span> <span class='ocrx_word' id='word_1_45' title='bbox 775 2237 957 2297; x_wconf 78' lang='lat' dir='ltr'>testimoniis</span> <span class='ocrx_word' id='word_1_46' title='bbox 980 2239 1248 2317; x_wconf 79' lang='lat' dir='ltr'>manuscriptorum</span> <span class='ocrx_word' id='word_1_47' title='bbox 1277 2258 1352 2318; x_wconf 87' lang='lat' dir='ltr'>quae</span> <span class='ocrx_word' id='word_1_48' title='bbox 1383 2240 1503 2300; x_wconf 85' lang='lat' dir='ltr'>lbrtuna</span> <span class='ocrx_word' id='word_1_49' title='bbox 1533 2256 1585 2297; x_wconf 89' lang='lat' dir='ltr'>se·</span> 
     </span>
     <span class='ocr_line' id='line_1_7' title="bbox 228 2321 1585 2404; baseline 0.002 -23"><span class='ocrx_word' id='word_1_50' title='bbox 228 2321 330 2381; x_wconf 88' lang='lat' dir='ltr'>cunda</span> <span class='ocrx_word' id='word_1_51' title='bbox 360 2324 572 2397; x_wconf 88' lang='lat' dir='ltr'>conservavit,</span> <span class='ocrx_word' id='word_1_52' title='bbox 606 2325 723 2403; x_wconf 86' lang='lat' dir='ltr'>gratius</span> <span class='ocrx_word' id='word_1_53' title='bbox 756 2326 813 2386; x_wconf 91' lang='lat' dir='ltr'>erit</span> <span class='ocrx_word' id='word_1_54' title='bbox 846 2326 1018 2388; x_wconf 88' lang='lat' dir='ltr'>lectoribus.</span> <span class='ocrx_word' id='word_1_55' title='bbox 1045 2358 1084 2369; x_wconf 89' lang='lat'>-</span> <span class='ocrx_word' id='word_1_56' title='bbox 1111 2327 1183 2387; x_wconf 87' lang='lat' dir='ltr'>lude</span> <span class='ocrx_word' id='word_1_57' title='bbox 1208 2327 1246 2387; x_wconf 90' lang='lat' dir='ltr'>ab</span> <span class='ocrx_word' id='word_1_58' title='bbox 1271 2346 1306 2387; x_wconf 93' lang='lat' dir='ltr'>eo</span> <span class='ocrx_word' id='word_1_59' title='bbox 1338 2334 1488 2403; x_wconf 88' lang='lat' dir='ltr'>tempore,</span> <span class='ocrx_word' id='word_1_60' title='bbox 1528 2344 1585 2404; x_wconf 93' lang='lat' dir='ltr'>quo</span> 
     </span>
     <span class='ocr_line' id='line_1_8' title="bbox 229 2409 1585 2494; baseline 0.004 -25"><span class='ocrx_word' id='word_1_61' title='bbox 229 2409 380 2489; x_wconf 85' lang='lat' dir='ltr'>Keplerus</span> <span class='ocrx_word' id='word_1_62' title='bbox 398 2410 529 2490; x_wconf 85' lang='lat' dir='ltr'>Pragam</span> <span class='ocrx_word' id='word_1_63' title='bbox 545 2414 582 2473; x_wconf 89' lang='lat' dir='ltr'>ad</span> <span class='ocrx_word' id='word_1_64' title='bbox 598 2414 769 2494; x_wconf 87' lang='lat' dir='ltr'>Tychonem</span> <span class='ocrx_word' id='word_1_65' title='bbox 793 2422 918 2474; x_wconf 88' lang='lat' dir='ltr'>venerat</span> <span class='ocrx_word' id='word_1_66' title='bbox 942 2414 1026 2486; x_wconf 89' lang='lat' dir='ltr'>(Jan.</span> <span class='ocrx_word' id='word_1_67' title='bbox 1038 2417 1108 2476; x_wconf 91' lang='lat' dir='ltr'>anni</span> <span class='ocrx_word' id='word_1_68' title='bbox 1127 2411 1237 2487; x_wconf 81' lang='lat'>1600),</span> <span class='ocrx_word' id='word_1_69' title='bbox 1261 2415 1355 2476; x_wconf 91' lang='lat' dir='ltr'>multo</span> <span class='ocrx_word' id='word_1_70' title='bbox 1380 2414 1477 2492; x_wconf 82' lang='lat' dir='ltr'>magis</span> <span class='ocrx_word' id='word_1_71' title='bbox 1497 2432 1585 2493; x_wconf 89' lang='lat' dir='ltr'>quam</span> 
     </span>
     <span class='ocr_line' id='line_1_9' title="bbox 229 2496 1585 2581; baseline 0 -22"><span class='ocrx_word' id='word_1_72' title='bbox 229 2506 322 2560; x_wconf 82' lang='lat' dir='ltr'>autea</span> <span class='ocrx_word' id='word_1_73' title='bbox 346 2496 464 2560; x_wconf 86' lang='lat' dir='ltr'>Gratiis</span> <span class='ocrx_word' id='word_1_74' title='bbox 495 2502 705 2563; x_wconf 84' lang='lat' dir='ltr'>astronomicis</span> <span class='ocrx_word' id='word_1_75' title='bbox 736 2522 768 2562; x_wconf 91' lang='lat' dir='ltr'>se</span> <span class='ocrx_word' id='word_1_76' title='bbox 799 2503 913 2563; x_wconf 87' lang='lat' dir='ltr'>dedidit</span> <span class='ocrx_word' id='word_1_77' title='bbox 941 2504 1058 2566; x_wconf 90' lang='lat' dir='ltr'>studiis.</span> <span class='ocrx_word' id='word_1_78' title='bbox 1106 2503 1192 2573; x_wconf 83' lang='lat' dir='ltr'>Quae</span> <span class='ocrx_word' id='word_1_79' title='bbox 1221 2512 1312 2563; x_wconf 88' lang='lat' dir='ltr'>antea</span> <span class='ocrx_word' id='word_1_80' title='bbox 1335 2510 1456 2581; x_wconf 88' lang='lat' dir='ltr'>praeter</span> <span class='ocrx_word' id='word_1_81' title='bbox 1479 2521 1585 2563; x_wconf 87' lang='lat' dir='ltr'>nrunus</span> 
     </span>
     <span class='ocr_line' id='line_1_10' title="bbox 229 2587 1585 2669; baseline 0.001 -22"><span class='ocrx_word' id='word_1_82' title='bbox 229 2587 287 2648; x_wconf 88' lang='lat' dir='ltr'>sibi</span> <span class='ocrx_word' id='word_1_83' title='bbox 311 2587 445 2648; x_wconf 87' lang='lat' dir='ltr'>oblatum</span> <span class='ocrx_word' id='word_1_84' title='bbox 469 2589 495 2649; x_wconf 88' lang='lat' dir='ltr'>si</span> <span class='ocrx_word' id='word_1_85' title='bbox 519 2592 638 2651; x_wconf 82' lang='lat' dir='ltr'>occasio</span> <span class='ocrx_word' id='word_1_86' title='bbox 662 2591 783 2652; x_wconf 88' lang='lat' dir='ltr'>tulisset</span> <span class='ocrx_word' id='word_1_87' title='bbox 806 2592 1010 2652; x_wconf 83' lang='lat' dir='ltr'>astronomica</span> <span class='ocrx_word' id='word_1_88' title='bbox 1025 2593 1192 2663; x_wconf 86' lang='lat' dir='ltr'>tractabat,</span> <span class='ocrx_word' id='word_1_89' title='bbox 1217 2592 1244 2652; x_wconf 91' lang='lat' dir='ltr'>in</span> <span class='ocrx_word' id='word_1_90' title='bbox 1269 2592 1305 2652; x_wconf 91' lang='lat' dir='ltr'>iis</span> <span class='ocrx_word' id='word_1_91' title='bbox 1326 2592 1390 2669; x_wconf 90' lang='lat' dir='ltr'>jam</span> <span class='ocrx_word' id='word_1_92' title='bbox 1406 2590 1491 2651; x_wconf 88' lang='lat' dir='ltr'>unice</span> <span class='ocrx_word' id='word_1_93' title='bbox 1514 2608 1585 2650; x_wconf 88' lang='lat' dir='ltr'>ver·</span> 
     </span>
     <span class='ocr_line' id='line_1_11' title="bbox 230 2675 1584 2760; baseline 0.001 -24"><span class='ocrx_word' id='word_1_94' title='bbox 230 2676 367 2737; x_wconf 85' lang='lat' dir='ltr'>sabatur.</span> <span class='ocrx_word' id='word_1_95' title='bbox 415 2675 531 2738; x_wconf 87' lang='lat' dir='ltr'>Calculi</span> <span class='ocrx_word' id='word_1_96' title='bbox 557 2678 749 2740; x_wconf 82' lang='lat' dir='ltr'>astronomici</span> <span class='ocrx_word' id='word_1_97' title='bbox 773 2680 935 2740; x_wconf 88' lang='lat' dir='ltr'>secundum</span> <span class='ocrx_word' id='word_1_98' title='bbox 960 2680 1108 2760; x_wconf 86' lang='lat' dir='ltr'>Tychonis</span> <span class='ocrx_word' id='word_1_99' title='bbox 1133 2680 1370 2751; x_wconf 84' lang='lat' dir='ltr'>observationes,</span> <span class='ocrx_word' id='word_1_100' title='bbox 1394 2678 1584 2739; x_wconf 87' lang='lat' dir='ltr'>observatio-</span> 
     </span>
     <span class='ocr_line' id='line_1_12' title="bbox 230 2766 1585 2849; baseline -0.001 -24"><span class='ocrx_word' id='word_1_101' title='bbox 230 2784 284 2825; x_wconf 88' lang='lat' dir='ltr'>nes</span> <span class='ocrx_word' id='word_1_102' title='bbox 308 2766 530 2827; x_wconf 84' lang='lat' dir='ltr'>astronomicae</span> <span class='ocrx_word' id='word_1_103' title='bbox 553 2768 648 2827; x_wconf 89' lang='lat' dir='ltr'>omnis</span> <span class='ocrx_word' id='word_1_104' title='bbox 672 2769 804 2845; x_wconf 81' lang='lat' dir='ltr'>generis,</span> <span class='ocrx_word' id='word_1_105' title='bbox 830 2768 988 2846; x_wconf 86' lang='lat' dir='ltr'>praecipue</span> <span class='ocrx_word' id='word_1_106' title='bbox 1013 2768 1167 2849; x_wconf 86' lang='lat' dir='ltr'>eclipsium</span> <span class='ocrx_word' id='word_1_107' title='bbox 1191 2769 1353 2829; x_wconf 89' lang='lat' dir='ltr'>Lunarium</span> <span class='ocrx_word' id='word_1_108' title='bbox 1377 2766 1585 2845; x_wconf 83' lang='lat' dir='ltr'>Solariumque</span> 
     </span>
     <span class='ocr_line' id='line_1_13' title="bbox 229 2854 1598 2937; baseline -0.002 -23"><span class='ocrx_word' id='word_1_109' title='bbox 229 2854 392 2914; x_wconf 86' lang='lat' dir='ltr'>mandatae</span> <span class='ocrx_word' id='word_1_110' title='bbox 424 2855 483 2933; x_wconf 89' lang='lat' dir='ltr'>ipsi</span> <span class='ocrx_word' id='word_1_111' title='bbox 512 2866 599 2916; x_wconf 88' lang='lat' dir='ltr'>erant</span> <span class='ocrx_word' id='word_1_112' title='bbox 621 2857 660 2917; x_wconf 90' lang='lat' dir='ltr'>ab</span> <span class='ocrx_word' id='word_1_113' title='bbox 685 2857 868 2935; x_wconf 85' lang='lat' dir='ltr'>Imperatore</span> <span class='ocrx_word' id='word_1_114' title='bbox 895 2856 1056 2937; x_wconf 91' lang='lat' dir='ltr'>Rudolpbo</span> <span class='ocrx_word' id='word_1_115' title='bbox 1094 2876 1206 2937; x_wconf 88' lang='lat' dir='ltr'>eaeque</span> <span class='ocrx_word' id='word_1_116' title='bbox 1240 2858 1357 2936; x_wconf 88' lang='lat' dir='ltr'>quidem</span> <span class='ocrx_word' id='word_1_117' title='bbox 1392 2854 1598 2933; x_wconf 83' lang='lat' dir='ltr'>astrologiam.</span> 
     </span>
     <span class='ocr_line' id='line_1_14' title="bbox 232 2942 1585 3023; baseline 0.001 -20"><span class='ocrx_word' id='word_1_118' title='bbox 232 2942 365 3003; x_wconf 82' lang='lat' dir='ltr'>maxime</span> <span class='ocrx_word' id='word_1_119' title='bbox 399 2952 574 3021; x_wconf 83' lang='lat' dir='ltr'>spectantes</span> <span class='ocrx_word' id='word_1_120' title='bbox 603 2945 766 3006; x_wconf 89' lang='lat' dir='ltr'>adomino</span> <span class='ocrx_word' id='word_1_121' title='bbox 796 2946 846 3005; x_wconf 89' lang='lat' dir='ltr'>illo</span> <span class='ocrx_word' id='word_1_122' title='bbox 879 2946 1087 3023; x_wconf 86' lang='lat' dir='ltr'>superstitioni</span> <span class='ocrx_word' id='word_1_123' title='bbox 1116 2947 1275 3007; x_wconf 89' lang='lat' dir='ltr'>admodum</span> <span class='ocrx_word' id='word_1_124' title='bbox 1308 2944 1420 3006; x_wconf 90' lang='lat' dir='ltr'>dedito.</span> <span class='ocrx_word' id='word_1_125' title='bbox 1468 2942 1585 3013; x_wconf 81' lang='lat' dir='ltr'>Quibus</span> 
     </span>
     <span class='ocr_line' id='line_1_15' title="bbox 232 3031 1584 3112; baseline 0.001 -22"><span class='ocrx_word' id='word_1_126' title='bbox 232 3031 387 3091; x_wconf 85' lang='lat' dir='ltr'>mandatis</span> <span class='ocrx_word' id='word_1_127' title='bbox 410 3040 536 3093; x_wconf 88' lang='lat' dir='ltr'>naturae</span> <span class='ocrx_word' id='word_1_128' title='bbox 561 3032 685 3112; x_wconf 88' lang='lat' dir='ltr'>Kepleri</span> <span class='ocrx_word' id='word_1_129' title='bbox 716 3033 961 3094; x_wconf 87' lang='lat' dir='ltr'>convenientibus</span> <span class='ocrx_word' id='word_1_130' title='bbox 994 3044 1202 3108; x_wconf 85' lang='lat' dir='ltr'>„astronomus</span> <span class='ocrx_word' id='word_1_131' title='bbox 1227 3033 1417 3095; x_wconf 81' lang='lat' dir='ltr'>Caesareus“</span> <span class='ocrx_word' id='word_1_132' title='bbox 1447 3051 1506 3112; x_wconf 90' lang='lat' dir='ltr'>qua</span> <span class='ocrx_word' id='word_1_133' title='bbox 1528 3050 1584 3111; x_wconf 92' lang='lat' dir='ltr'>po-</span> 
     </span>
     <span class='ocr_line' id='line_1_16' title="bbox 232 3118 1673 3202; baseline -0.002 -22"><span class='ocrx_word' id='word_1_134' title='bbox 232 3119 291 3180; x_wconf 89' lang='lat' dir='ltr'>tuit</span> <span class='ocrx_word' id='word_1_135' title='bbox 324 3118 483 3196; x_wconf 84' lang='lat' dir='ltr'>diligentia</span> <span class='ocrx_word' id='word_1_136' title='bbox 515 3129 547 3182; x_wconf 90' lang='lat' dir='ltr'>et</span> <span class='ocrx_word' id='word_1_137' title='bbox 574 3122 673 3182; x_wconf 91' lang='lat' dir='ltr'>studio</span> <span class='ocrx_word' id='word_1_138' title='bbox 704 3122 871 3195; x_wconf 86' lang='lat' dir='ltr'>satisfecit,</span> <span class='ocrx_word' id='word_1_139' title='bbox 912 3123 1112 3201; x_wconf 86' lang='lat' dir='ltr'>astrologica,</span> <span class='ocrx_word' id='word_1_140' title='bbox 1147 3124 1252 3202; x_wconf 88' lang='lat' dir='ltr'>quibus</span> <span class='ocrx_word' id='word_1_141' title='bbox 1290 3142 1327 3182; x_wconf 93' lang='lat' dir='ltr'>ea</span> <span class='ocrx_word' id='word_1_142' title='bbox 1358 3129 1439 3183; x_wconf 86' lang='lat' dir='ltr'>certe</span> <span class='ocrx_word' id='word_1_143' title='bbox 1468 3121 1585 3183; x_wconf 88' lang='lat' dir='ltr'>ratione</span> <span class='ocrx_word' id='word_1_144' title='bbox 1669 3173 1673 3177; x_wconf 85' lang='lat'>.</span> 
     </span>
     <span class='ocr_line' id='line_1_17' title="bbox 232 3209 1584 3290; baseline 0.001 -23"><span class='ocrx_word' id='word_1_145' title='bbox 232 3226 321 3287; x_wconf 89' lang='lat' dir='ltr'>quam</span> <span class='ocrx_word' id='word_1_146' title='bbox 345 3209 513 3286; x_wconf 86' lang='lat' dir='ltr'>Imperator</span> <span class='ocrx_word' id='word_1_147' title='bbox 535 3210 655 3271; x_wconf 90' lang='lat' dir='ltr'>colebat</span> <span class='ocrx_word' id='word_1_148' title='bbox 678 3229 783 3289; x_wconf 89' lang='lat' dir='ltr'>parum</span> <span class='ocrx_word' id='word_1_149' title='bbox 817 3210 922 3271; x_wconf 91' lang='lat' dir='ltr'>tribuit</span> <span class='ocrx_word' id='word_1_150' title='bbox 943 3209 1109 3290; x_wconf 88' lang='lat' dir='ltr'>Keplerus,</span> <span class='ocrx_word' id='word_1_151' title='bbox 1145 3221 1178 3272; x_wconf 88' lang='lat' dir='ltr'>ut</span> <span class='ocrx_word' id='word_1_152' title='bbox 1208 3211 1275 3271; x_wconf 89' lang='lat' dir='ltr'>aliis</span> <span class='ocrx_word' id='word_1_153' title='bbox 1307 3211 1381 3270; x_wconf 90' lang='lat' dir='ltr'>locis</span> <span class='ocrx_word' id='word_1_154' title='bbox 1405 3209 1584 3288; x_wconf 90' lang='lat' dir='ltr'>comproba-</span> 
     </span>
     <span class='ocr_line' id='line_1_18' title="bbox 231 3296 1583 3377; baseline 0.004 -23"><span class='ocrx_word' id='word_1_155' title='bbox 231 3296 344 3369; x_wconf 88' lang='lat' dir='ltr'>vimus,</span> <span class='ocrx_word' id='word_1_156' title='bbox 370 3307 511 3375; x_wconf 89' lang='lat' dir='ltr'>quantom</span> <span class='ocrx_word' id='word_1_157' title='bbox 534 3298 634 3377; x_wconf 88' lang='lat' dir='ltr'>potuit</span> <span class='ocrx_word' id='word_1_158' title='bbox 656 3299 892 3377; x_wconf 78' lang='lat' dir='ltr'>subterfugiens,</span> <span class='ocrx_word' id='word_1_159' title='bbox 918 3301 1119 3361; x_wconf 88' lang='lat' dir='ltr'>astronomica</span> <span class='ocrx_word' id='word_1_160' title='bbox 1142 3318 1213 3360; x_wconf 89' lang='lat' dir='ltr'>vero</span> <span class='ocrx_word' id='word_1_161' title='bbox 1228 3297 1363 3359; x_wconf 84' lang='lat' dir='ltr'>omnibus</span> <span class='ocrx_word' id='word_1_162' title='bbox 1379 3299 1476 3359; x_wconf 89' lang='lat' dir='ltr'>modis</span> <span class='ocrx_word' id='word_1_163' title='bbox 1492 3317 1583 3359; x_wconf 87' lang='lat' dir='ltr'>exco-</span> 
     </span>
     <span class='ocr_line' id='line_1_19' title="bbox 233 3384 1585 3466; baseline 0.001 -21"><span class='ocrx_word' id='word_1_164' title='bbox 233 3384 308 3446; x_wconf 88' lang='lat' dir='ltr'>lens.</span> <span class='ocrx_word' id='word_1_165' title='bbox 331 3416 373 3426; x_wconf 96' lang='lat'><em>-</em></span> <span class='ocrx_word' id='word_1_166' title='bbox 395 3387 479 3446; x_wconf 90' lang='lat' dir='ltr'>Inter</span> <span class='ocrx_word' id='word_1_167' title='bbox 502 3405 619 3460; x_wconf 86' lang='lat' dir='ltr'>omnes,</span> <span class='ocrx_word' id='word_1_168' title='bbox 654 3388 701 3466; x_wconf 91' lang='lat' dir='ltr'>qui</span> <span class='ocrx_word' id='word_1_169' title='bbox 727 3387 935 3448; x_wconf 88' lang='lat' dir='ltr'>astronomicis</span> <span class='ocrx_word' id='word_1_170' title='bbox 962 3388 1221 3449; x_wconf 85' lang='lat' dir='ltr'>observationibus</span> <span class='ocrx_word' id='word_1_171' title='bbox 1246 3396 1277 3449; x_wconf 92' lang='lat' dir='ltr'>et</span> <span class='ocrx_word' id='word_1_172' title='bbox 1309 3388 1432 3448; x_wconf 89' lang='lat' dir='ltr'>calculis</span> <span class='ocrx_word' id='word_1_173' title='bbox 1463 3394 1585 3466; x_wconf 80' lang='lat' dir='ltr'>operam</span> 
     </span>
     <span class='ocr_line' id='line_1_20' title="bbox 232 3474 1584 3556; baseline 0.001 -23"><span class='ocrx_word' id='word_1_174' title='bbox 232 3474 324 3548; x_wconf 90' lang='lat' dir='ltr'>dant,</span> <span class='ocrx_word' id='word_1_175' title='bbox 349 3482 484 3546; x_wconf 87' lang='lat' dir='ltr'>constat,</span> <span class='ocrx_word' id='word_1_176' title='bbox 513 3475 615 3554; x_wconf 90' lang='lat' dir='ltr'>quanti</span> <span class='ocrx_word' id='word_1_177' title='bbox 640 3477 703 3536; x_wconf 89' lang='lat' dir='ltr'>sint</span> <span class='ocrx_word' id='word_1_178' title='bbox 725 3477 866 3537; x_wconf 88' lang='lat' dir='ltr'>momenti</span> <span class='ocrx_word' id='word_1_179' title='bbox 886 3479 988 3556; x_wconf 90' lang='lat' dir='ltr'>optica</span> <span class='ocrx_word' id='word_1_180' title='bbox 1012 3478 1159 3556; x_wconf 88' lang='lat' dir='ltr'>quaedam</span> <span class='ocrx_word' id='word_1_181' title='bbox 1182 3476 1372 3556; x_wconf 89' lang='lat' dir='ltr'>problemata</span> <span class='ocrx_word' id='word_1_182' title='bbox 1396 3476 1424 3536; x_wconf 94' lang='lat' dir='ltr'>in</span> <span class='ocrx_word' id='word_1_183' title='bbox 1449 3475 1505 3535; x_wconf 89' lang='lat' dir='ltr'>hoc</span> <span class='ocrx_word' id='word_1_184' title='bbox 1528 3493 1584 3552; x_wconf 84' lang='lat' dir='ltr'>ge-</span> 
     </span>
     <span class='ocr_line' id='line_1_21' title="bbox 230 3562 1585 3644; baseline 0 -21"><span class='ocrx_word' id='word_1_185' title='bbox 230 3580 301 3623; x_wconf 88' lang='lat' dir='ltr'>nere</span> <span class='ocrx_word' id='word_1_186' title='bbox 325 3562 491 3624; x_wconf 88' lang='lat' dir='ltr'>studiorum</span> <span class='ocrx_word' id='word_1_187' title='bbox 499 3580 508 3641; x_wconf 84' lang='lat'>3</span> <span class='ocrx_word' id='word_1_188' title='bbox 532 3564 745 3634; x_wconf 75' lang='lat' dir='ltr'>retractiones,</span> <span class='ocrx_word' id='word_1_189' title='bbox 770 3565 909 3625; x_wconf 88' lang='lat' dir='ltr'>diametri</span> <span class='ocrx_word' id='word_1_190' title='bbox 929 3566 1025 3640; x_wconf 90' lang='lat' dir='ltr'>Solis,</span> <span class='ocrx_word' id='word_1_191' title='bbox 1050 3566 1154 3626; x_wconf 87' lang='lat' dir='ltr'>Lunae</span> <span class='ocrx_word' id='word_1_192' title='bbox 1177 3565 1437 3644; x_wconf 84' lang='lat' dir='ltr'>planetarumque,</span> <span class='ocrx_word' id='word_1_193' title='bbox 1463 3563 1585 3642; x_wconf 87' lang='lat' dir='ltr'>quanti-</span> 
     </span>
     <span class='ocr_line' id='line_1_22' title="bbox 230 3651 1584 3732; baseline -0.001 -21"><span class='ocrx_word' id='word_1_194' title='bbox 230 3658 314 3711; x_wconf 80' lang='lat' dir='ltr'>tates</span> <span class='ocrx_word' id='word_1_195' title='bbox 349 3651 520 3713; x_wconf 88' lang='lat' dir='ltr'>umbrarum</span> <span class='ocrx_word' id='word_1_196' title='bbox 551 3653 581 3713; x_wconf 91' lang='lat' dir='ltr'>in</span> <span class='ocrx_word' id='word_1_197' title='bbox 615 3653 801 3714; x_wconf 89' lang='lat' dir='ltr'>luminarium</span> <span class='ocrx_word' id='word_1_198' title='bbox 825 3654 964 3732; x_wconf 88' lang='lat' dir='ltr'>deliquiis</span> <span class='ocrx_word' id='word_1_199' title='bbox 988 3655 1043 3715; x_wconf 77' lang='lat' dir='ltr'>lac.</span> <span class='ocrx_word' id='word_1_200' title='bbox 1068 3654 1142 3714; x_wconf 89' lang='lat' dir='ltr'>haee</span> <span class='ocrx_word' id='word_1_201' title='bbox 1172 3654 1272 3713; x_wconf 89' lang='lat' dir='ltr'>omnia</span> <span class='ocrx_word' id='word_1_202' title='bbox 1296 3652 1469 3712; x_wconf 90' lang='lat' dir='ltr'>desiderant</span> <span class='ocrx_word' id='word_1_203' title='bbox 1492 3670 1584 3729; x_wconf 87' lang='lat' dir='ltr'>pacu-</span> 
     </span>
     <span class='ocr_line' id='line_1_23' title="bbox 231 3738 1585 3821; baseline 0 -21"><span class='ocrx_word' id='word_1_204' title='bbox 231 3738 338 3800; x_wconf 91' lang='lat' dir='ltr'>liarem</span> <span class='ocrx_word' id='word_1_205' title='bbox 362 3740 601 3820; x_wconf 91' lang='lat' dir='ltr'>inquisitionem,</span> <span class='ocrx_word' id='word_1_206' title='bbox 634 3741 810 3802; x_wconf 87' lang='lat' dir='ltr'>innitentem</span> <span class='ocrx_word' id='word_1_207' title='bbox 834 3740 963 3821; x_wconf 91' lang='lat' dir='ltr'>Opticae</span> <span class='ocrx_word' id='word_1_208' title='bbox 994 3742 1206 3804; x_wconf 88' lang='lat' dir='ltr'>fundamentis.</span> <span class='ocrx_word' id='word_1_209' title='bbox 1253 3739 1491 3802; x_wconf 87' lang='lat' dir='ltr'>Observationes</span> <span class='ocrx_word' id='word_1_210' title='bbox 1515 3739 1585 3819; x_wconf 87' lang='lat' dir='ltr'>Ty-</span> 
     </span>
     <span class='ocr_line' id='line_1_24' title="bbox 230 3828 1586 3912; baseline -0.001 -23"><span class='ocrx_word' id='word_1_211' title='bbox 230 3828 366 3889; x_wconf 89' lang='lat' dir='ltr'>chonis</span> <span class='ocrx_word' id='word_1_212' title='bbox 390 3829 545 3904; x_wconf 86' lang='lat' dir='ltr'>Brahei‚</span> <span class='ocrx_word' id='word_1_213' title='bbox 570 3830 774 3891; x_wconf 79' lang='lat' dir='ltr'>interamnae</span> <span class='ocrx_word' id='word_1_214' title='bbox 798 3831 916 3891; x_wconf 91' lang='lat' dir='ltr'>illorum</span> <span class='ocrx_word' id='word_1_215' title='bbox 933 3841 1098 3912; x_wconf 89' lang='lat' dir='ltr'>temporum</span> <span class='ocrx_word' id='word_1_216' title='bbox 1124 3831 1212 3909; x_wconf 87' lang='lat' dir='ltr'>longe</span> <span class='ocrx_word' id='word_1_217' title='bbox 1235 3829 1525 3909; x_wconf 85' lang='lat' dir='ltr'>praestantissimae,</span> <span class='ocrx_word' id='word_1_218' title='bbox 1551 3847 1586 3888; x_wconf 88' lang='lat' dir='ltr'>eo</span> 
     </span>
     <span class='ocr_line' id='line_1_25' title="bbox 232 3916 1586 3999; baseline -0.001 -22"><span class='ocrx_word' id='word_1_219' title='bbox 232 3934 349 3998; x_wconf 90' lang='lat' dir='ltr'>quoqne</span> <span class='ocrx_word' id='word_1_220' title='bbox 373 3918 498 3979; x_wconf 89' lang='lat' dir='ltr'>aliorum</span> <span class='ocrx_word' id='word_1_221' title='bbox 524 3918 752 3980; x_wconf 89' lang='lat' dir='ltr'>observationes</span> <span class='ocrx_word' id='word_1_222' title='bbox 777 3922 1011 3994; x_wconf 85' lang='lat' dir='ltr'>antecedebant,</span> <span class='ocrx_word' id='word_1_223' title='bbox 1046 3920 1124 3999; x_wconf 90' lang='lat' dir='ltr'>quod</span> <span class='ocrx_word' id='word_1_224' title='bbox 1148 3918 1415 3981; x_wconf 87' lang='lat' dir='ltr'>refractionum</span> <span class='ocrx_word' id='word_1_225' title='bbox 1439 3916 1586 3978; x_wconf 89' lang='lat' dir='ltr'>rationem</span> 
     </span>
     <span class='ocr_line' id='line_1_26' title="bbox 232 4004 1586 4087; baseline -0.001 -21"><span class='ocrx_word' id='word_1_226' title='bbox 232 4004 387 4067; x_wconf 82' lang='lat' dir='ltr'>trabebant</span> <span class='ocrx_word' id='word_1_227' title='bbox 402 4006 441 4067; x_wconf 89' lang='lat' dir='ltr'>ab</span> <span class='ocrx_word' id='word_1_228' title='bbox 456 4005 517 4068; x_wconf 88' lang='lat' dir='ltr'>illis</span> <span class='ocrx_word' id='word_1_229' title='bbox 533 4014 585 4068; x_wconf 88' lang='lat' dir='ltr'>aut</span> <span class='ocrx_word' id='word_1_230' title='bbox 598 4008 687 4087; x_wconf 88' lang='lat' dir='ltr'>plane</span> <span class='ocrx_word' id='word_1_231' title='bbox 702 4009 906 4087; x_wconf 79' lang='lat' dir='ltr'>neglectarum</span> <span class='ocrx_word' id='word_1_232' title='bbox 923 4016 977 4069; x_wconf 89' lang='lat' dir='ltr'>aut</span> <span class='ocrx_word' id='word_1_233' title='bbox 991 4017 1072 4069; x_wconf 90' lang='lat' dir='ltr'>certa</span> <span class='ocrx_word' id='word_1_234' title='bbox 1089 4028 1145 4068; x_wconf 90' lang='lat' dir='ltr'>oon</span> <span class='ocrx_word' id='word_1_235' title='bbox 1161 4009 1217 4068; x_wconf 90' lang='lat' dir='ltr'>rite</span> <span class='ocrx_word' id='word_1_236' title='bbox 1233 4006 1445 4068; x_wconf 89' lang='lat' dir='ltr'>adhibitarum.</span> <span class='ocrx_word' id='word_1_237' title='bbox 1471 4004 1586 4076; x_wconf 87' lang='lat' dir='ltr'>(Dubia</span> 
     </span>
     <span class='ocr_line' id='line_1_27' title="bbox 232 4093 1586 4177; baseline -0.001 -23"><span class='ocrx_word' id='word_1_238' title='bbox 232 4104 315 4155; x_wconf 86' lang='lat' dir='ltr'>certe</span> <span class='ocrx_word' id='word_1_239' title='bbox 331 4113 369 4154; x_wconf 92' lang='lat' dir='ltr'>ea</span> <span class='ocrx_word' id='word_1_240' title='bbox 385 4104 470 4169; x_wconf 90' lang='lat' dir='ltr'>sunt,</span> <span class='ocrx_word' id='word_1_241' title='bbox 495 4115 572 4175; x_wconf 91' lang='lat' dir='ltr'>quae</span> <span class='ocrx_word' id='word_1_242' title='bbox 596 4097 632 4156; x_wconf 90' lang='lat' dir='ltr'>de</span> <span class='ocrx_word' id='word_1_243' title='bbox 648 4097 863 4157; x_wconf 90' lang='lat' dir='ltr'>Ptolemaeo</span> <span class='ocrx_word' id='word_1_244' title='bbox 888 4097 1007 4177; x_wconf 89' lang='lat' dir='ltr'>quidam</span> <span class='ocrx_word' id='word_1_245' title='bbox 1023 4098 1166 4170; x_wconf 88' lang='lat' dir='ltr'>referunt,</span> <span class='ocrx_word' id='word_1_246' title='bbox 1191 4096 1277 4175; x_wconf 89' lang='lat' dir='ltr'>quasi</span> <span class='ocrx_word' id='word_1_247' title='bbox 1301 4096 1350 4156; x_wconf 91' lang='lat' dir='ltr'>ille</span> <span class='ocrx_word' id='word_1_248' title='bbox 1375 4093 1586 4155; x_wconf 82' lang='lat' dir='ltr'>retractionnm</span> 
     </span>
     <span class='ocr_line' id='line_1_28' title="bbox 232 4181 1586 4254; baseline -0.004 -11"><span class='ocrx_word' id='word_1_249' title='bbox 232 4184 501 4244; x_wconf 86' lang='lat' dir='ltr'>astronomicarum</span> <span class='ocrx_word' id='word_1_250' title='bbox 541 4186 688 4246; x_wconf 90' lang='lat' dir='ltr'>rationem</span> <span class='ocrx_word' id='word_1_251' title='bbox 726 4185 874 4248; x_wconf 82' lang='lat' dir='ltr'>habuerit</span> <span class='ocrx_word' id='word_1_252' title='bbox 926 4184 1013 4254; x_wconf 86' lang='lat' dir='ltr'>Quae</span> <span class='ocrx_word' id='word_1_253' title='bbox 1045 4204 1116 4247; x_wconf 88' lang='lat' dir='ltr'>vero</span> <span class='ocrx_word' id='word_1_254' title='bbox 1159 4185 1194 4245; x_wconf 91' lang='lat' dir='ltr'>de</span> <span class='ocrx_word' id='word_1_255' title='bbox 1228 4185 1359 4245; x_wconf 90' lang='lat' dir='ltr'>Bernh.</span> <span class='ocrx_word' id='word_1_256' title='bbox 1392 4181 1586 4243; x_wconf 86' lang='lat' dir='ltr'>Waltbero</span> 
     </span>
     <span class='ocr_line' id='line_1_29' title="bbox 231 4266 1584 4336; baseline -0.003 -3"><span class='ocrx_word' id='word_1_257' title='bbox 231 4271 338 4333; x_wconf 87' lang='lat' dir='ltr'>Norib.</span> <span class='ocrx_word' id='word_1_258' title='bbox 365 4266 524 4334; x_wconf 88' lang='lat' dir='ltr'>narrantur</span> <span class='ocrx_word' id='word_1_259' title='bbox 549 4273 721 4335; x_wconf 88' lang='lat' dir='ltr'>adhibuisse</span> <span class='ocrx_word' id='word_1_260' title='bbox 745 4275 830 4335; x_wconf 91' lang='lat' dir='ltr'>illum</span> <span class='ocrx_word' id='word_1_261' title='bbox 853 4274 1064 4336; x_wconf 82' lang='lat' dir='ltr'>refractionem</span> <span class='ocrx_word' id='word_1_262' title='bbox 1079 4275 1108 4334; x_wconf 93' lang='lat' dir='ltr'>iu</span> <span class='ocrx_word' id='word_1_263' title='bbox 1125 4273 1386 4333; x_wconf 87' lang='lat' dir='ltr'>observationibus</span> <span class='ocrx_word' id='word_1_264' title='bbox 1401 4268 1584 4332; x_wconf 90' lang='lat' dir='ltr'>astronomi-</span> 
     </span>
     <span class='ocr_line' id='line_1_30' title="bbox 232 4357 1586 4442; baseline -0.003 -22"><span class='ocrx_word' id='word_1_265' title='bbox 232 4360 285 4435; x_wconf 90' lang='lat' dir='ltr'>cis,</span> <span class='ocrx_word' id='word_1_266' title='bbox 310 4381 347 4421; x_wconf 88' lang='lat' dir='ltr'>ea</span> <span class='ocrx_word' id='word_1_267' title='bbox 371 4370 456 4422; x_wconf 87' lang='lat' dir='ltr'>certa</span> <span class='ocrx_word' id='word_1_268' title='bbox 475 4362 593 4440; x_wconf 92' lang='lat' dir='ltr'>quidem</span> <span class='ocrx_word' id='word_1_269' title='bbox 608 4370 687 4435; x_wconf 91' lang='lat' dir='ltr'>sunt,</span> <span class='ocrx_word' id='word_1_270' title='bbox 712 4381 807 4442; x_wconf 91' lang='lat' dir='ltr'>neque</span> <span class='ocrx_word' id='word_1_271' title='bbox 823 4372 923 4424; x_wconf 89' lang='lat' dir='ltr'>autem</span> <span class='ocrx_word' id='word_1_272' title='bbox 946 4362 1134 4424; x_wconf 86' lang='lat' dir='ltr'>excedebant</span> <span class='ocrx_word' id='word_1_273' title='bbox 1148 4361 1345 4423; x_wconf 80' lang='lat' dir='ltr'>retractiones</span> <span class='ocrx_word' id='word_1_274' title='bbox 1359 4357 1586 4427; x_wconf 85' lang='lat' dir='ltr'>horizontales.)</span> 
     </span>
     <span class='ocr_line' id='line_1_31' title="bbox 232 4448 1586 4532; baseline -0.004 -23"><span class='ocrx_word' id='word_1_275' title='bbox 232 4448 325 4512; x_wconf 87' lang='lat' dir='ltr'>Pauci</span> <span class='ocrx_word' id='word_1_276' title='bbox 351 4450 400 4530; x_wconf 92' lang='lat' dir='ltr'>qui</span> <span class='ocrx_word' id='word_1_277' title='bbox 423 4457 494 4510; x_wconf 87' lang='lat' dir='ltr'>ante</span> <span class='ocrx_word' id='word_1_278' title='bbox 510 4450 673 4530; x_wconf 88' lang='lat' dir='ltr'>Keplerum</span> <span class='ocrx_word' id='word_1_279' title='bbox 697 4451 734 4512; x_wconf 89' lang='lat' dir='ltr'>de</span> <span class='ocrx_word' id='word_1_280' title='bbox 753 4449 873 4531; x_wconf 90' lang='lat' dir='ltr'>Opticis</span> <span class='ocrx_word' id='word_1_281' title='bbox 896 4452 1014 4532; x_wconf 87' lang='lat' dir='ltr'>publice</span> <span class='ocrx_word' id='word_1_282' title='bbox 1038 4458 1174 4529; x_wconf 83' lang='lat' dir='ltr'>egerunt,</span> <span class='ocrx_word' id='word_1_283' title='bbox 1197 4450 1227 4511; x_wconf 92' lang='lat' dir='ltr'>in</span> <span class='ocrx_word' id='word_1_284' title='bbox 1252 4449 1337 4510; x_wconf 89' lang='lat' dir='ltr'>libris</span> <span class='ocrx_word' id='word_1_285' title='bbox 1360 4448 1422 4508; x_wconf 88' lang='lat' dir='ltr'>suis</span> <span class='ocrx_word' id='word_1_286' title='bbox 1446 4454 1586 4506; x_wconf 89' lang='lat' dir='ltr'>astrono-</span> 
     </span>
     <span class='ocr_line' id='line_1_32' title="bbox 233 4532 1587 4620; baseline -0.006 -21"><span class='ocrx_word' id='word_1_287' title='bbox 233 4538 322 4599; x_wconf 88' lang='lat' dir='ltr'>miam</span> <span class='ocrx_word' id='word_1_288' title='bbox 355 4557 462 4619; x_wconf 87' lang='lat' dir='ltr'>pamm</span> <span class='ocrx_word' id='word_1_289' title='bbox 493 4540 709 4618; x_wconf 89' lang='lat' dir='ltr'>respiciebant,</span> <span class='ocrx_word' id='word_1_290' title='bbox 744 4540 875 4600; x_wconf 77' lang='lat' dir='ltr'>maxilua</span> <span class='ocrx_word' id='word_1_291' title='bbox 905 4548 1053 4620; x_wconf 87' lang='lat' dir='ltr'>exparte</span> <span class='ocrx_word' id='word_1_292' title='bbox 1080 4538 1340 4618; x_wconf 81' lang='lat' dir='ltr'>„perspectivam“</span> <span class='ocrx_word' id='word_1_293' title='bbox 1369 4536 1434 4596; x_wconf 90' lang='lat' dir='ltr'>loco</span> <span class='ocrx_word' id='word_1_294' title='bbox 1458 4532 1587 4612; x_wconf 90' lang='lat' dir='ltr'>Opticae</span> 
     </span>
     <span class='ocr_line' id='line_1_33' title="bbox 233 4626 1587 4706; baseline -0.007 -17"><span class='ocrx_word' id='word_1_295' title='bbox 233 4626 447 4700; x_wconf 89' lang='lat' dir='ltr'>discutientes,</span> <span class='ocrx_word' id='word_1_296' title='bbox 480 4628 691 4689; x_wconf 86' lang='lat' dir='ltr'>refractionem</span> <span class='ocrx_word' id='word_1_297' title='bbox 724 4636 806 4690; x_wconf 90' lang='lat' dir='ltr'>certe</span> <span class='ocrx_word' id='word_1_298' title='bbox 837 4629 1071 4689; x_wconf 89' lang='lat' dir='ltr'>astronomicam</span> <span class='ocrx_word' id='word_1_299' title='bbox 1094 4648 1132 4688; x_wconf 91' lang='lat' dir='ltr'>ne</span> <span class='ocrx_word' id='word_1_300' title='bbox 1159 4628 1252 4688; x_wconf 90' lang='lat' dir='ltr'>verbo</span> <span class='ocrx_word' id='word_1_301' title='bbox 1276 4626 1393 4706; x_wconf 90' lang='lat' dir='ltr'>quidem</span> <span class='ocrx_word' id='word_1_302' title='bbox 1418 4628 1587 4701; x_wconf 86' lang='lat' dir='ltr'>tangentes,</span> 
     </span>
     <span class='ocr_line' id='line_1_34' title="bbox 236 4711 1587 4796; baseline -0.005 -20"><span class='ocrx_word' id='word_1_303' title='bbox 236 4725 366 4796; x_wconf 86' lang='lat' dir='ltr'>excepto</span> <span class='ocrx_word' id='word_1_304' title='bbox 380 4715 573 4780; x_wconf 85' lang='lat' dir='ltr'>Alhazeno</span> <span class='ocrx_word' id='word_1_305' title='bbox 591 4714 615 4789; x_wconf 89' lang='lat'>¹)</span> <span class='ocrx_word' id='word_1_306' title='bbox 630 4716 733 4777; x_wconf 83' lang='lat' dir='ltr'>Arabe</span> <span class='ocrx_word' id='word_1_307' title='bbox 749 4724 781 4777; x_wconf 93' lang='lat' dir='ltr'>et</span> <span class='ocrx_word' id='word_1_308' title='bbox 803 4717 864 4791; x_wconf 92' lang='lat' dir='ltr'>illo,</span> <span class='ocrx_word' id='word_1_309' title='bbox 890 4717 939 4795; x_wconf 90' lang='lat' dir='ltr'>qui</span> <span class='ocrx_word' id='word_1_310' title='bbox 954 4717 1031 4777; x_wconf 89' lang='lat' dir='ltr'>hunc</span> <span class='ocrx_word' id='word_1_311' title='bbox 1045 4724 1165 4777; x_wconf 88' lang='lat' dir='ltr'>secutus</span> <span class='ocrx_word' id='word_1_312' title='bbox 1181 4724 1228 4775; x_wconf 91' lang='lat' dir='ltr'>est</span> <span class='ocrx_word' id='word_1_313' title='bbox 1243 4716 1358 4789; x_wconf 88' lang='lat' dir='ltr'>ducem,</span> <span class='ocrx_word' id='word_1_314' title='bbox 1374 4711 1587 4773; x_wconf 89' lang='lat' dir='ltr'>Vitellione.</span> 
     </span>
     <span class='ocr_line' id='line_1_35' title="bbox 234 4801 1588 4888; baseline -0.005 -22"><span class='ocrx_word' id='word_1_315' title='bbox 234 4804 352 4886; x_wconf 84' lang='lat' dir='ltr'>Tycbo,</span> <span class='ocrx_word' id='word_1_316' title='bbox 386 4814 421 4865; x_wconf 90' lang='lat' dir='ltr'>ut</span> <span class='ocrx_word' id='word_1_317' title='bbox 452 4824 545 4884; x_wconf 89' lang='lat' dir='ltr'>supra</span> <span class='ocrx_word' id='word_1_318' title='bbox 577 4805 720 4878; x_wconf 87' lang='lat' dir='ltr'>diximus,</span> <span class='ocrx_word' id='word_1_319' title='bbox 754 4806 837 4866; x_wconf 96' lang='lat' dir='ltr'>illam</span> <span class='ocrx_word' id='word_1_320' title='bbox 865 4805 1060 4888; x_wconf 89' lang='lat' dir='ltr'>respiciebat,</span> <span class='ocrx_word' id='word_1_321' title='bbox 1095 4822 1273 4883; x_wconf 87' lang='lat' dir='ltr'>quamquam</span> <span class='ocrx_word' id='word_1_322' title='bbox 1300 4820 1423 4881; x_wconf 89' lang='lat' dir='ltr'>prorsus</span> <span class='ocrx_word' id='word_1_323' title='bbox 1447 4801 1588 4880; x_wconf 82' lang='lat' dir='ltr'>ignorans</span> 
     </span>
     <span class='ocr_line' id='line_1_36' title="bbox 233 4890 1587 4973; baseline -0.004 -17"><span class='ocrx_word' id='word_1_324' title='bbox 233 4911 335 4956; x_wconf 81' lang='lat' dir='ltr'>veram</span> <span class='ocrx_word' id='word_1_325' title='bbox 360 4895 424 4973; x_wconf 87' lang='lat' dir='ltr'>ejus</span> <span class='ocrx_word' id='word_1_326' title='bbox 455 4912 593 4968; x_wconf 88' lang='lat' dir='ltr'>causam,</span> <span class='ocrx_word' id='word_1_327' title='bbox 628 4894 673 4954; x_wconf 87' lang='lat' dir='ltr'>ita</span> <span class='ocrx_word' id='word_1_328' title='bbox 702 4902 736 4954; x_wconf 89' lang='lat' dir='ltr'>ut</span> <span class='ocrx_word' id='word_1_329' title='bbox 758 4895 969 4956; x_wconf 83' lang='lat' dir='ltr'>refractionem</span> <span class='ocrx_word' id='word_1_330' title='bbox 1002 4894 1092 4954; x_wconf 89' lang='lat' dir='ltr'>aliam</span> <span class='ocrx_word' id='word_1_331' title='bbox 1116 4891 1196 4963; x_wconf 85' lang='lat' dir='ltr'>Soli,</span> <span class='ocrx_word' id='word_1_332' title='bbox 1229 4892 1320 4953; x_wconf 89' lang='lat' dir='ltr'>aliam</span> <span class='ocrx_word' id='word_1_333' title='bbox 1342 4890 1463 4964; x_wconf 89' lang='lat' dir='ltr'>Lunae,</span> <span class='ocrx_word' id='word_1_334' title='bbox 1496 4891 1587 4952; x_wconf 87' lang='lat' dir='ltr'>aliam</span> 
     </span>
     <span class='ocr_line' id='line_1_37' title="bbox 234 4979 1587 5065; baseline -0.004 -21"><span class='ocrx_word' id='word_1_335' title='bbox 234 4983 331 5048; x_wconf 79' lang='lat' dir='ltr'>stellis</span> <span class='ocrx_word' id='word_1_336' title='bbox 354 4983 423 5045; x_wconf 76' lang='lat' dir='ltr'>lixis</span> <span class='ocrx_word' id='word_1_337' title='bbox 446 4981 603 5045; x_wconf 85' lang='lat' dir='ltr'>tribueret.</span> <span class='ocrx_word' id='word_1_338' title='bbox 641 4982 791 5062; x_wconf 87' lang='lat' dir='ltr'>Keplerua</span> <span class='ocrx_word' id='word_1_339' title='bbox 814 4982 1029 5065; x_wconf 88' lang='lat' dir='ltr'>superveniens</span> <span class='ocrx_word' id='word_1_340' title='bbox 1043 4980 1194 5063; x_wconf 61' lang='lat' dir='ltr'>tychonis</span> <span class='ocrx_word' id='word_1_341' title='bbox 1216 4979 1343 5053; x_wconf 87' lang='lat' dir='ltr'>studiis,</span> <span class='ocrx_word' id='word_1_342' title='bbox 1367 4980 1438 5059; x_wconf 88' lang='lat' dir='ltr'>quid</span> <span class='ocrx_word' id='word_1_343' title='bbox 1461 4980 1509 5043; x_wconf 88' lang='lat' dir='ltr'>his</span> <span class='ocrx_word' id='word_1_344' title='bbox 1531 4979 1587 5039; x_wconf 87' lang='lat' dir='ltr'>de-</span> 
     </span>
    </p>
   </div>
   <div class='ocr_carea' id='block_1_3' title="bbox 1337 5081 1375 5137">
    <p class='ocr_par' dir='ltr' id='par_1_3' title="bbox 1337 5081 1375 5137">
     <span class='ocr_line' id='line_1_38' title="bbox 1337 5081 1375 5137; baseline 0 -22"><span class='ocrx_word' id='word_1_345' title='bbox 1337 5081 1375 5137; x_wconf 62' lang='lat'>1*</span> 
     </span>
    </p>
   </div>
   <div class='ocr_carea' id='block_1_4' title="bbox 0 0 1857 5842">
    <p class='ocr_par' dir='ltr' id='par_1_4' title="bbox 0 0 1857 5842">
     <span class='ocr_line' id='line_1_39' title="bbox 0 0 1857 5842; baseline 0 0"><span class='ocrx_word' id='word_1_346' title='bbox 0 0 1857 5842; x_wconf 95' lang='lat' dir='ltr'> </span> 
     </span>
    </p>
   </div>
  </div>
 </body>
</html>
