3692 5842
801 470 882 537 capnt
900 470 920 521 ¹·
1480 466 1538 536 tlt

267 647 480 729 Prop.XXlI.
519 647 597 710 Lux
621 649 774 710 colores
799 650 1003 722 illustrans
1026 646 1261 729 undiquaque
1284 649 1542 729 repercutitur

176 746 219 799 et
251 738 403 800 colores
441 737 630 800 illustrati
668 738 819 799 radiant
851 738 886 799 in
924 737 1068 802 orbern.
1102 746 1140 797 ut
1172 738 1232 797 lux
1266 738 1366 816 ipsa:
1402 738 1542 802 fortius

176 837 307 889 tamen
332 827 371 889 iu
394 826 585 889 directum.
623 826 702 889 Nam
726 828 833 901 omnia,
859 827 950 888 etiam
968 845 1043 905 qnae
1067 826 1203 887 colorata
1217 836 1296 899 sunt,
1321 828 1541 907 quadamtenus

176 923 255 977 suut
286 916 448 995 perspicua
479 934 534 995 per
560 915 608 978 li.
634 923 665 977 et
688 916 737 977 lux
765 918 882 977 colores
905 934 959 995 per
991 914 1175 976 soliditatem
1209 916 1368 978 collustrat
1395 936 1450 998 per
1481 912 1539 990 16;

177 1023 253 1084 ergo
278 1022 315 1064 ex
348 1003 426 1065 omni
460 1004 566 1067 latere.
612 1002 682 1065 Jarn
716 1024 785 1065 vero
820 1006 902 1066 color
931 1013 978 1066 est
1009 1003 1084 1064 lucis
1117 1005 1297 1066 correlatum
1321 1006 1359 1066 ad
1391 1006 1540 1068 actionem

177 1103 326 1155 mutuam.
374 1094 441 1154 Lux
464 1111 535 1154 vero
564 1093 636 1156 ferit
667 1095 796 1155 colorem
829 1094 918 1173 idque
949 1092 1078 1171 undique
1102 1112 1156 1173 per
1179 1092 1374 1157 soliditatem.
1421 1095 1540 1173 Reper-

176 1182 293 1244 cutitur
316 1182 408 1261 igitur
431 1181 517 1262 quasi
542 1203 561 1243 a
584 1182 797 1262 superficiebus
826 1183 966 1261 undique.
1013 1183 1059 1243 At
1087 1182 1174 1243 simul
1199 1191 1231 1243 et
1260 1182 1386 1263 tingitur
1409 1202 1463 1264 psr
1490 1179 1539 1246 16.

179 1271 390 1350 Repercussns
421 1289 493 1350 ergo
526 1271 629 1332 radius
661 1272 789 1333 colorem
825 1271 918 1332 habet
950 1270 1039 1332 medii
1075 1289 1127 1332 seu
1161 1270 1293 1348 objecti:
1334 1272 1416 1335 color
1449 1272 1542 1352 igitur

181 1359 285 1421 radiat
308 1360 362 1421 dic.
409 1359 487 1421 Hinc
511 1380 549 1421 ea
571 1360 721 1432 colorata,
747 1380 822 1440 quae
848 1361 942 1420 etiam
964 1359 994 1420 in
1023 1378 1137 1420 summo
1161 1360 1257 1437 gradu
1279 1372 1351 1423 sunt
1374 1362 1539 1441 laevigata,

179 1457 284 1510 tamen
308 1449 429 1510 radiant
458 1449 601 1529 undique,
631 1450 710 1529 quod
737 1468 794 1510 non
818 1450 904 1510 fieret
927 1448 953 1509 si
982 1448 1077 1508 omnis
1102 1449 1194 1510 lura
1224 1450 1381 1530 superficie
1407 1451 1460 1515 illa
1482 1471 1541 1513 una

178 1538 209 1599 in
233 1538 356 1617 plagam
382 1556 470 1598 unam
493 1546 741 1618 repercuteretur,
768 1538 899 1617 nihilque
922 1544 1098 1617 penetraret
1122 1538 1224 1599 sedem
1248 1539 1407 1616 genuinam
1431 1540 1540 1603 coloris

178 1636 233 1687 aut
258 1645 315 1687 non
340 1626 520 1705 tingeretur.
566 1628 633 1689 Lux
662 1627 792 1688 enimin
822 1628 951 1688 materia
975 1634 1007 1687 et
1034 1626 1231 1706 dispositione
1259 1628 1377 1690 interno
1406 1629 1540 1711 corporis

176 1733 236 1776 uon
263 1715 292 1775 in
316 1714 382 1793 ejus
407 1715 485 1776 nudo
517 1716 655 1777 termino.
703 1715 736 1777 Si
761 1716 807 1777 cui
839 1715 935 1793 magis
967 1716 1086 1794 placet,
1120 1715 1145 1776 is
1175 1716 1259 1777 dicat
1289 1719 1423 1781 colorum
1457 1721 1540 1782 luces

176 1802 363 1883 potentiales
386 1824 405 1864 a
428 1805 493 1866 luce
517 1804 545 1865 iu
574 1812 675 1866 actum
703 1805 819 1866 traduci
844 1816 875 1865 et
903 1804 1043 1877 excitari,
1072 1803 1196 1883 perinde
1221 1814 1253 1867 ut
1282 1806 1331 1868 ille
1356 1808 1454 1883 calor,
1487 1806 1538 1887 qui

177 1900 229 1953 est
252 1892 281 1953 iu
305 1892 480 1973 zyngibere,
510 1913 635 1954 accessu
658 1894 802 1955 humoris
821 1893 995 1955 stimulatur
1027 1911 1118 1972 seque
1142 1894 1206 1972 ipse
1240 1895 1374 1960 incendit
1397 1907 1428 1958 et
1452 1915 1537 1959 com-

176 1981 330 2043 municare
353 1999 387 2042 se
411 1981 534 2065 incipit3
558 1983 637 2062 quod
661 1982 740 2044 idem
761 1983 875 2044 faciunt
896 1982 994 2044 oninia
1017 1981 1142 2042 semina.
1181 1983 1227 2044 De
1248 1984 1303 2045 bac
1328 1994 1437 2066 quarta
1462 1985 1537 2048 lucis

177 2070 281 2149 specie
305 2090 401 2150 pauca
426 2071 528 2133 dicunt
551 2072 653 2151 optici.
700 2072 827 2133 Dicatur
850 2073 936 2133 nobis
961 2073 1027 2133 lux
1050 2072 1334 2137 communicata.
1381 2075 1461 2137 Nam
1486 2076 1537 2137 lux

179 2171 214 2220 et
235 2178 414 2239 repercussa
438 2168 469 2220 et
496 2160 626 2222 infracta
653 2170 703 2221 est
734 2161 923 2222 nihilominus
955 2161 1034 2221 illius
1066 2160 1109 2220 rei
1134 2159 1198 2233 lux,
1232 2162 1309 2223 unde
1338 2164 1457 2243 allapsa
1479 2164 1536 2226 boo

176 2248 303 2328 patitur.
350 2248 491 2310 athaes
517 2250 566 2310 lux
587 2250 651 2329 jam
674 2251 708 2311 fit
736 2250 954 2329 quodammodo
979 2249 1044 2327 ejus
1071 2250 1236 2328 superficiei
1261 2252 1324 2326 lux,
1350 2272 1438 2333 quam
1463 2253 1536 2316 illu·

178 2345 343 2399 strar-erat.
389 2337 449 2398 Est
471 2346 573 2399 antem
597 2339 662 2418 eJus
685 2339 886 2400 consideratio
912 2338 1041 2400 maxime
1066 2340 1239 2401 necessaria
1262 2337 1491 2415 astronomo.*)

268 2425 495 2506 Prop.XXlll.
532 2427 609 2489 Lux
632 2447 697 2507 per
721 2428 976 2489 substantiam
1001 2427 1247 2490 coloratorum
1270 2430 1537 2509 pellucidoruns

177 2515 410 2576 descendens
434 2534 650 2595 quecunque
679 2517 915 2596 refringitur,
941 2527 978 2579 et
1001 2517 1148 2578 colores
1178 2517 1361 2581 illustrati
1384 2520 1538 2582 radiant

177 2605 212 2665 in
235 2605 382 2685 plagam
406 2624 425 2665 a
449 2606 529 2666 luce
553 2605 832 2681 orbiculariter,
858 2608 997 2668 lortius
1021 2615 1137 2667 tamen
1163 2605 1195 2666 in
1221 2607 1410 2670 directum.
1459 2607 1535 2672 (ium

176 2692 257 2754 enim
284 2695 334 2753 lux
357 2694 474 2755 colores
498 2713 551 2774 per
584 2695 769 2756 soliditatem
803 2695 993 2756 substantiae
1027 2696 1184 2756 collustret
1208 2697 1277 2776 (per
1303 2693 1373 2773 16),
1404 2717 1476 2778 ergo
1499 2716 1537 2758 ex
1577 2695 1581 2705 '

180 2783 263 2844 omni
289 2783 384 2844 latero
408 2782 577 2845 collustrat.
624 2785 669 2844 At
690 2784 777 2845 simul
800 2785 925 2855 transit,
959 2783 1030 2864 quia
1061 2783 1221 2862 pellucido.
1267 2785 1337 2847 Jam
1361 2806 1431 2848 vero
1456 2788 1538 2849 color

177 2881 227 2934 est
252 2872 328 2933 lucis
359 2871 540 2933 correletum
564 2874 602 2932 ad
632 2873 782 2934 actionem
814 2882 957 2934 mutuam.
1005 2874 1111 2951 ltaque
1145 2873 1295 2935 transiens
1324 2877 1440 2937 colores
1459 2893 1537 2937 sese

178 2960 349 3034 dilatando,
375 2980 394 3020 a
417 2959 590 3022 substantia
613 2962 746 3023 colorum
769 2962 973 3033 contrahetur,
999 2961 1077 3041 qnod
1102 2969 1150 3022 est
1173 2963 1306 3044 refringi.
1345 2962 1436 3027 Color
1460 2965 1539 3044 enirn

178 3050 228 3111 hic
252 3068 371 3130 quoque
397 3058 430 3110 nt
444 3050 525 3130 prius
545 3049 642 3112 induit
664 3059 802 3112 naturam
826 3050 1003 3130 superficiei.
1042 3051 1087 3111 At
1109 3050 1197 3112 simul
1218 3060 1249 3114 et
1272 3054 1397 3132 tingitur
1415 3073 1469 3133 per
1489 3048 1536 3117 lb.

177 3138 344 3202 Retractus
368 3138 461 3219 igitur
474 3140 576 3201 radius
599 3140 729 3201 colorem
745 3141 838 3201 habet
852 3140 952 3213 medii,
978 3140 1060 3201 color
1074 3139 1166 3219 igitur
1189 3141 1288 3205 radiat
1303 3151 1373 3222 post
1397 3143 1536 3204 medium.

177 3228 219 3289 Et
243 3228 314 3309 quia
339 3230 388 3308 qui
418 3228 515 3289 miuus
546 3229 718 3305 refringitur
751 3229 857 3290 fortior
889 3237 954 3302 est,
988 3229 1085 3291 minus
1118 3248 1188 3290 vero
1223 3231 1393 3312 refringitur
1417 3234 1466 3312 qui
1491 3240 1539 3294 est

177 3319 295 3380 directo
319 3318 449 3397 propior,
475 3335 546 3397 ergo
570 3318 620 3398 qui
644 3328 715 3379 suut
737 3318 852 3379 directo
876 3318 1040 3397 propiores,
1067 3318 1206 3380 fortiores
1230 3329 1309 3384 sunt.
1357 3321 1423 3383 Hoc
1448 3322 1539 3402 igitur

178 3416 270 3486 pacto
295 3407 330 3468 fit
354 3407 405 3468 lux
428 3406 516 3467 medii
541 3407 667 3468 colorati
690 3407 812 3487 propria
836 3408 922 3487 eique
947 3408 1191 3470 communicetur.

269 3494 528 3558 Corollariurn.
585 3494 688 3557 Causa
725 3497 853 3557 dicenda
886 3496 960 3572 fnit,
999 3516 1051 3558 cur
1089 3516 1154 3557 curn
1188 3494 1241 3556 Sol
1275 3502 1375 3557 aerem
1408 3498 1538 3577 undique

178 3584 350 3664 aequaliter
372 3585 539 3659 collustret,
565 3586 691 3666 quilibet
710 3593 810 3647 tamen
835 3586 996 3647 maximum
1016 3585 1130 3646 sentiat
1150 3584 1213 3663 ejus
1234 3585 1312 3647 aeris
1337 3585 1536 3663 splendorem,

176 3732 475 3741 ——-——--—-—-.
489 3732 498 3740 ..

188 3855 194 3862 -
268 3813 297 3883 *)
321 3818 460 3879 Quomodo
482 3818 587 3871 oriatur
607 3819 678 3872 haec
698 3826 799 3888 quarto
821 3819 890 3873 lucis
912 3819 1033 3888 specics,
1064 3817 1263 3872 communicata
1284 3835 1397 3888 nempe,
1420 3818 1467 3873 ubi
1489 3819 1538 3874 lux

179 3898 253 3953 Solis
274 3915 313 3951 ex
333 3913 391 3951 nna
411 3898 472 3950 sola
491 3900 582 3968 plaga
602 3899 729 3952 allabens
751 3899 792 3952 ita
816 3900 847 3952 tit
872 3900 986 3969 propria
1014 3898 1209 3968 superficiebus
1238 3915 1286 3951 scu
1315 3898 1443 3953 laevibus
1465 3900 1538 3954 colo·

177 3979 248 4034 ratis
270 3995 320 4031 seu
341 3978 457 4046 asperis,
480 3985 512 4032 ut
532 3996 587 4031 non
607 3985 714 4032 tantum
737 3979 930 4033 orbiculariter
951 3986 1103 4050 spargatur
1125 3977 1196 4042 (oum
1224 3978 1392 4032 solummodo
1414 3979 1440 4033 in
1463 3980 1538 4034 lotus

178 4076 197 4113 a
221 4059 289 4113 Sole
320 4074 447 4112 aversum
476 4058 573 4129 spargi
603 4059 744 4123 debuerit,
775 4059 797 4112 si
829 4060 977 4113 mansisset
1003 4059 1122 4128 simplex
1152 4052 1343 4128 repercussa),
1376 4063 1423 4113 sed
1454 4060 1538 4114 etiam

178 4139 300 4194 colorem
330 4137 483 4208 superficiei
511 4154 579 4191 suae
610 4138 723 4192 induat:
755 4139 838 4208 hujus
867 4140 978 4210 inquam
1013 4147 1088 4192 ortus
1116 4139 1174 4192 dixi
1206 4140 1298 4192 modos
1326 4142 1408 4200 duos,
1440 4140 1538 4208 quibus

179 4219 272 4274 nescio
300 4236 355 4288 qno
376 4226 460 4287 pacto
481 4218 546 4272 mihi
568 4236 621 4272 non
640 4220 726 4289 plane
747 4219 898 4273 satisfacio.
941 4222 1022 4273 Alter
1043 4219 1130 4272 utitur
1159 4236 1335 4288 repercussu,
1364 4219 1538 4281 retractione,

179 4299 374 4370 pelluciditote
396 4315 446 4367 per
466 4299 557 4353 omnia
577 4315 693 4369 corpora
719 4302 919 4370 quadamtenus
947 4307 1044 4363 eunte,
1067 4299 1260 4368 penetratione
1281 4298 1350 4352 lucis
1368 4298 1473 4352 Soloris
1493 4298 1539 4352 rel

180 4380 235 4433 diei
256 4380 285 4434 in
315 4378 466 4449 aliqualem
495 4379 726 4449 profunditatem,
758 4398 830 4450 quae
860 4380 951 4434 omnia
981 4381 1098 4433 nondum
1129 4379 1255 4433 videntur
1286 4379 1368 4448 plane
1400 4379 1537 4434 sufficere.

180 4461 263 4515 Alter
284 4459 351 4512 dicit
371 4458 478 4529 quidem
500 4459 611 4528 aliquid,
634 4462 681 4513 sed
703 4464 808 4514 modurn
831 4479 884 4514 non
905 4460 1016 4514 indicat.
1059 4460 1171 4529 ltaque,
1194 4459 1234 4513 uti
1255 4466 1300 4511 est
1327 4459 1435 4512 occulto
1456 4458 1538 4523 ratio,

181 4541 316 4612 quomodo
336 4540 386 4594 lux
408 4546 438 4593 et
458 4541 592 4593 tenebrae
613 4540 745 4593 materiae
767 4541 882 4594 vinculis
904 4540 1022 4611 astringi
1044 4539 1163 4608 possint,
1187 4540 1228 4592 ito
1247 4539 1357 4591 videtur
1382 4538 1464 4591 etiam
1486 4538 1539 4591 hoc

181 4622 334 4676 etiamnum
355 4621 549 4690 quaerendum,
572 4622 704 4690 quomodo
727 4637 745 4673 a
766 4622 827 4674 luce
852 4621 1044 4675 adventitiae
1066 4620 1183 4674 materia
1207 4635 1315 4672 rursum
1342 4618 1489 4671 eliciantur
1509 4624 1539 4671 et

182 4702 263 4773 quasi
277 4701 328 4755 tax
342 4701 376 4753 de
391 4699 451 4754 lace
472 4700 667 4754 incendantur:
689 4702 774 4754 fietne
789 4701 815 4754 id
837 4701 979 4771 principiis
999 4702 1133 4755 hactenus
1148 4699 1192 4751 vel
1214 4698 1343 4752 assumtis
1363 4697 1407 4751 vel
1428 4700 1538 4752 demon·

183 4782 291 4846 stratis,
313 4798 351 4836 an
365 4797 430 4833 vero
452 4780 564 4850 insuper
585 4780 669 4834 aliis?
690 4782 751 4834 Hoc
771 4782 916 4850 problema
936 4781 1033 4852 optiois
1048 4786 1077 4832 et
1098 4778 1269 4849 philosophis
1284 4784 1345 4832 esto
1359 4777 1538 4855 propositum

183 4863 204 4917 li
225 4861 442 4917 considerabunt
462 4860 555 4924 enam,
578 4878 614 4915 an
629 4878 700 4931 quae
715 4861 768 4915 boc
783 4869 866 4931 pacto
887 4864 998 4916 radiosa
1018 4859 1231 4927 constituuntur,
1253 4875 1290 4911 ex
1311 4875 1405 4912 eorum
1425 4874 1538 4912 nurnero

183 4942 282 4998 baberi
310 4941 433 5012 possint,
463 4940 562 5011 quibus
591 4942 724 5010 competit
753 4959 870 4997 summus
901 4941 1047 4996 densitatis
1074 4940 1200 5011 gradus?
1231 4939 1302 4993 Nam
1327 4938 1411 4993 etiarn
1436 4955 1538 4994 summe

184 5024 329 5079 densonrm
350 5021 442 5077 lucida
461 5021 485 5076 si
505 5020 608 5076 tuerint
627 5030 734 5092 puncta
753 5022 874 5092 singula,
896 5040 947 5093 pro
968 5040 998 5077 se
1019 5022 1144 5092 quodque
1164 5018 1257 5074 radiat
1277 5019 1478 5079 orbiculariter.
