3692 5842
384 485 445 552 180
850 483 1040 549 Paralipomena
1056 485 1082 533 in
1101 481 1268 534 l'rtallionom.

382 665 467 725 fieret
490 662 648 735 retractio,
673 679 739 721 curu
762 660 902 739 pellucidi
927 659 1098 739 superficies
1123 669 1193 722 sunt
1215 660 1345 740 planae;
1369 665 1403 720 nt
1425 658 1455 719 in
1486 676 1596 740 aquam
1630 657 1738 720 eadem

381 760 466 813 recta
489 751 595 812 iisdem
620 749 738 828 angulis
762 749 883 824 incidit,
909 750 1014 829 quibus
1039 749 1067 809 in
1094 750 1214 810 tundnrn
1238 766 1334 829 aquae
1361 747 1539 826 parallelum
1564 748 1604 809 ad
1627 765 1738 827 snper-

381 841 488 902 ficiem.
531 840 588 899 Hic
613 838 783 898 ditl'erentia
806 838 985 899 incidentiae
1009 838 1101 907 nulla,
1128 850 1159 899 at
1183 857 1240 899 non
1265 837 1347 898 nulla
1368 835 1521 898 retractio.

470 928 699 1005 Progrediamur
722 926 760 986 ad
785 946 836 987 eos
860 928 980 1000 modos,
1009 926 1058 1006 qni
1083 929 1265 1006 conjungunt
1294 943 1416 987 causam
1445 933 1601 1005 utramque
1632 922 1737 984 densi·

382 1026 478 1079 tatem
504 1025 535 1077 et
560 1016 761 1076 incidentium.

469 1104 586 1166 Primus
615 1123 682 1164 sese
716 1104 804 1163 offert
827 1103 867 1176 is,
900 1104 949 1181 qui
974 1124 992 1162 a
1014 1103 1208 1163 Rothmanuo
1243 1102 1300 1164 fuit
1331 1101 1466 1180 objectus
1494 1099 1630 1182 Tychoni
1661 1100 1738 1162 iuter

382 1195 477 1256 initia.
516 1192 574 1267 Sit,
599 1192 702 1271 inquit,
728 1191 869 1252 retractio
895 1199 1011 1252 tantum
1028 1188 1059 1253 3¹
1083 1192 1111 1253 in
1136 1191 1300 1262 horizonte,
1325 1189 1490 1251 babebitin
1508 1186 1572 1252 45⁰
1594 1188 1737 1251 ruinartio

384 1278 469 1363 l¹l,‘.
517 1280 630 1343 Sensus
662 1281 713 1340 fiet
745 1280 830 1346 talis,
865 1280 1076 1340 refractionem
1109 1280 1269 1340 inanimam
1302 1279 1519 1340 horizontalern
1551 1277 1739 1339 constituis

383 1371 473 1432 medii
498 1370 666 1439 densitate,
696 1389 761 1429 earn
786 1368 930 1446 paulatim
955 1370 1057 1448 spargi
1079 1387 1133 1446 per
1157 1387 1261 1428 omncs
1290 1367 1517 1428 incidentiarum
1547 1367 1679 1446 gradus,
1705 1375 1738 1428 ut

375 1449 493 1541 'quanto
518 1459 651 1520 elevetur
675 1459 772 1518 lunren
788 1458 816 1518 in
832 1456 960 1517 arcubus
975 1457 1087 1528 circuli,
1111 1465 1198 1517 tanta
1216 1456 1409 1535 proportione
1428 1456 1595 1516 amanima
1613 1454 1736 1517 decres-

383 1556 454 1610 cant
477 1548 674 1608 retractiones
694 1547 834 1625 reliquae,
861 1546 953 1605 donec
969 1547 997 1607 in
1013 1546 1125 1606 vertice
1148 1545 1353 1606 obliterantur.
1392 1544 1479 1605 Hunc
1494 1543 1615 1606 modurn
1631 1553 1736 1623 postea

382 1647 505 1715 uterque
529 1635 630 1716 Tycho
655 1643 686 1695 et
709 1635 917 1695 Rothmannus
941 1642 1129 1712 agnoverunt
1152 1634 1356 1712 experientiae
1376 1651 1555 1712 repugnare.
1603 1631 1734 1694 Narnia

383 1725 486 1785 tabula
511 1722 685 1783 Vitellianis
708 1742 791 1801 prop.
818 1720 848 1784 8.
874 1722 924 1782 lib.
945 1719 994 1786 10.
1021 1723 1113 1783 etiam
1132 1722 1160 1782 in
1179 1742 1257 1802 aqua
1280 1722 1517 1802 praecipitantur
1540 1721 1737 1782 retractiones

384 1832 487 1873 versus
515 1812 713 1884 horizontem,
744 1831 797 1871 nec
826 1811 1009 1888 respondent
1038 1811 1197 1871 roeticales
1226 1812 1290 1882 (vel
1319 1811 1420 1890 quasi)
1449 1808 1736 1871 horizontalibnsin

385 1901 442 1962 hac
465 1900 657 1979 proportione
682 1918 801 1960 arcuum
826 1899 1017 1961 incidentiae.
1064 1901 1098 1959 Iu
1123 1906 1191 1960 aere
1217 1919 1292 1978 quae
1317 1899 1390 1960 liunt
1413 1899 1624 1970 retractiones,
1649 1897 1736 1959 multe

384 1989 481 2066 magis
512 2006 617 2048 versus
647 1988 831 2048 horizontem
859 1989 1076 2065 procumbunt,
1106 1996 1138 2048 ut
1166 1988 1266 2049 videre
1291 1997 1338 2048 est
1361 1988 1390 2048 in
1415 1987 1544 2061 tabulis,
1571 1995 1737 2067 quaesunt

383 2078 464 2138 iuter
488 2076 758 2157 progymnasmata
773 2076 923 2156 Tyehouis
950 2077 1000 2137 tol.
1018 2073 1071 2139 79.
1091 2073 1162 2137 124.
1183 2073 1258 2138 280.
1275 2074 1318 2148 ²¹)
1366 2073 1505 2138 Ceterum
1529 2075 1587 2136 hoc
1610 2075 1736 2136 subitum

384 2167 599 2227 incrementum
623 2164 703 2224 circa
726 2165 910 2225 horizontem
933 2175 1039 2227 neuter
1063 2184 1099 2225 ex
1127 2166 1194 2243 ipsa
1225 2166 1320 2226 torma
1346 2182 1503 2225 mensurae
1531 2163 1654 2244 putavit
1677 2161 1735 2224 eri·

383 2263 480 2327 stere,
504 2252 622 2331 utrique
646 2253 808 2313 verisimile
834 2252 904 2319 luit,
940 2263 991 2313 aut
1015 2254 1235 2333 proportionari
1268 2253 1464 2315 retractiones
1498 2252 1737 2315 inclinationibus

386 2351 438 2403 aut
461 2341 581 2403 aliunde
605 2341 784 2401 intervenire
810 2360 918 2401 noram
938 2361 1070 2416 cansam,
1096 2360 1203 2402 novum
1229 2362 1334 2420 nempe
1358 2361 1501 2422 vaporum
1522 2359 1644 2420 corpus.
1677 2339 1737 2420 Ego

385 2449 456 2492 vero
491 2430 576 2501 dico,
607 2448 776 2490 mensuram
809 2428 901 2489 talern
935 2449 1003 2491 esse
1036 2430 1268 2500 instituendam,
1302 2451 1339 2492 ex
1372 2451 1429 2511 qua
1462 2430 1536 2491 haec
1571 2427 1738 2491 necessario

384 2527 549 2599 sequantur
572 2518 664 2578 nihilo
692 2518 919 2578 interveniente.
978 2519 1055 2580 h'anr
1092 2519 1169 2580 satis
1202 2529 1284 2580 tutos
1315 2538 1369 2579 uos
1403 2520 1503 2581 reddit
1535 2519 1681 2597 analogia
1706 2515 1739 2578 ab

386 2626 465 2687 aqua
488 2607 525 2667 ad
550 2613 665 2675 adrem,
690 2615 722 2667 ut
746 2616 915 2667 statuamus
941 2607 1056 2668 unicam
1081 2608 1160 2668 aeris
1189 2607 1374 2686 superficiem
1405 2614 1499 2668 totam
1524 2608 1602 2669 hanc
1627 2605 1739 2686 cnlpaur

385 2696 542 2757 sustinere.
555 2689 590 2773 *l
638 2694 671 2755 Si
696 2694 826 2755 enimin
851 2714 939 2773 aqua,
964 2716 1040 2775 qnae
1065 2698 1160 2757 densa
1183 2705 1232 2757 est
1255 2697 1422 2768 admodum,
1447 2696 1649 2758 retractiones
1673 2713 1739 2756 sen·

385 2783 513 2845 sibiliter
536 2784 705 2843 concedunt
729 2800 833 2844 versus
857 2784 1041 2846 horizontem
1070 2794 1175 2864 estque
1201 2786 1229 2845 in
1255 2785 1409 2845 horizonte
1442 2784 1587 2846 retractio
1611 2783 1739 2845 maxima

386 2872 506 2934 circiter
529 2867 597 2944 37⁰,
624 2871 756 2951 nihilque
780 2871 828 2933 hic
851 2873 1015 2934 intervenit
1037 2882 1159 2953 praeter
1183 2893 1279 2954 aquae
1304 2874 1499 2952 superficiem,
1525 2873 1621 2935 multo
1646 2870 1738 2952 magia

385 2967 512 3038 vergent
544 2959 741 3020 retractiones
765 2961 804 3020 ad
836 2960 1033 3036 horizontem,
1069 2963 1117 3023 ubi
1151 2961 1288 3024 densitas
1321 2962 1430 3041 exigua
1462 2962 1568 3036 medii,
1603 2959 1739 3023 retractio

390 3047 586 3108 horizontalis
611 3048 754 3127 despecta
778 3059 809 3108 et
832 3049 929 3110 exilis.

477 3137 578 3214 Atque
612 3136 757 3197 hactenus
790 3145 822 3196 et
855 3138 907 3197 illa
941 3138 1045 3198 ultima
1074 3137 1226 3218 Tychouis
1254 3138 1365 3198 Brahei
1399 3137 1499 3218 opinio
1533 3137 1586 3198 tol.
1616 3133 1671 3202 95.
1693 3131 1739 3200 θΐι

388 3225 699 3305 Progymnasmatum,
734 3226 869 3304 quamvis
893 3243 964 3288 vero
993 3227 1121 3287 omnium
1145 3227 1290 3304 proxima,
1315 3228 1447 3289 refutata
1471 3226 1547 3287 tuit:
1583 3225 1739 3306 quaesere

388 3322 436 3374 est
467 3313 633 3391 ejusmodi:
669 3314 884 3392 aprolixitate
919 3315 1066 3375 transitus
1099 3315 1241 3375 constitui
1270 3316 1406 3376 modulos
1439 3314 1677 3390 retractionum,
1707 3313 1738 3373 de

386 3402 492 3481 quibus
516 3419 570 3481 per
598 3402 796 3482 quantitatem
831 3402 1057 3463 inclinationum
1091 3412 1226 3464 sumatur
1252 3423 1323 3482 pars
1352 3403 1597 3483 proportionalis.
1645 3403 1739 3464 Fieret

386 3491 414 3551 in
439 3491 592 3551 horizonte
617 3509 711 3570 aquae
737 3491 868 3562 infinita,
899 3490 1026 3553 oriretur
1049 3510 1086 3551 ex
1110 3492 1311 3571 corpulentia,
1344 3500 1504 3571 augeretur
1528 3510 1596 3552 cum
1619 3491 1738 3571 protun-

475 3665 505 3732 *)
528 3670 641 3736 Duplex
663 3681 707 3721 est
734 3668 843 3736 uaporis
873 3670 958 3721 omnis
989 3669 1078 3721 ratio:
1110 3670 1168 3722 alia
1189 3687 1248 3722 eum
1280 3670 1371 3740 surgit
1392 3688 1427 3722 ex
1450 3670 1553 3723 Terrae
1585 3668 1738 3728 visceribus,

386 3752 479 3802 calore
502 3750 617 3817 quodarn
640 3761 749 3801 terreno
771 3750 937 3801 subrectus:
961 3758 1024 3801 tunc
1045 3748 1165 3802 enimet
1187 3757 1314 3802 naturam
1336 3750 1423 3802 habet
1444 3749 1611 3803 ascendendi
1632 3749 1736 3804 ebullit

387 3847 438 3898 que
461 3846 496 3879 ex
519 3829 655 3880 montanis
677 3828 765 3880 instar
787 3829 878 3890 tontis,
901 3837 930 3882 et
953 3846 970 3880 a
993 3830 1105 3898 fastigio
1132 3829 1301 3882 ebullitionis
1324 3831 1349 3881 in
1371 3829 1489 3882 declivia
1514 3830 1619 3882 circulo
1647 3829 1737 3882 didun-

388 3909 470 3969 ditur,
494 3908 608 3976 primunr
632 3914 716 3976 utque
739 3908 825 3976 trigue
847 3917 1005 3961 montanum
1028 3910 1142 3976 patitur,
1165 3910 1312 3979 gignitque
1327 3910 1385 3961 tere
1402 3919 1498 3962 ventos
1513 3909 1567 3962 hoc
1586 3915 1680 3978 pacto.
1713 3907 1737 3962 la

390 3989 442 4040 hoc
464 3988 557 4056 itaque
580 3995 656 4039 statu
687 3988 839 4056 pellucidus
862 3996 906 4041 est
934 3990 1021 4040 instar
1052 4004 1150 4057 aquae.
1191 3989 1346 4059 Propterea
1375 3989 1519 4042 stellarum
1550 3990 1657 4044 lumina
1682 3995 1738 4042 tarr

388 4067 506 4137 grandia
528 4077 667 4135 apparent
688 4074 718 4119 et·
739 4068 891 4121 scintillant
913 4069 1042 4120 rnulturn:
1073 4084 1125 4136 quo
1147 4068 1244 4121 indicio
1270 4078 1367 4122 rentes
1389 4076 1419 4122 et
1438 4069 1528 4122 hieme
1550 4068 1738 4123 resolutione·

389 4147 499 4215 trigoris
522 4148 626 4198 instare
648 4147 740 4200 scitur.

476 4226 542 4278 Alia
562 4226 627 4277 item
657 4225 730 4278 ratio
751 4237 793 4277 est
823 4227 932 4295 vaporis
964 4227 1138 4279 consistentis
1160 4236 1188 4279 et
1215 4227 1372 4296 frigefacti,
1404 4228 1449 4297 qui
1476 4229 1576 4281 haeret
1597 4229 1673 4282 iuera
1693 4241 1739 4280 unt

389 4308 448 4358 loco
470 4306 565 4357 mistus
588 4305 667 4356 tunris
697 4306 889 4364 crassioribus,
921 4324 972 4375 per
993 4324 1071 4375 quern
1094 4307 1238 4360 stellarum
1260 4308 1364 4360 lumina
1385 4310 1517 4366 obscura.
1540 4309 1645 4370 rubea,
1667 4317 1696 4360 et
1715 4315 1739 4358 nt

390 4385 522 4453 Virgilius
545 4385 597 4446 ait,
630 4385 791 4453 ferruginea
820 4396 973 4453 apparent,
1006 4388 1050 4455 qui
1083 4387 1236 4454 pellucidus
1267 4404 1440 4457 nequaquam
1469 4397 1520 4440 est.
1565 4388 1638 4441 illud
1658 4401 1740 4458 ςεπυ

389 4481 481 4516 rurum
503 4473 532 4515 et
553 4472 789 4516 momentaneum:
820 4465 869 4516 hoe
891 4466 998 4534 quidem
1027 4467 1214 4534 rqrrotidinnunr
1236 4475 1263 4518 et
1286 4484 1416 4536 perenne.
1463 4469 1533 4521 lllnd
1556 4467 1615 4521 lere
1641 4477 1740 4521 menter

389 4544 504 4604 obsidet,
528 4543 579 4595 hoc
601 4544 752 4610 promiscue
775 4561 879 4597 onrncrn
902 4548 1047 4598 Terrarum
1070 4546 1166 4598 taciem
1187 4547 1269 4616 tegit.

478 4623 545 4675 Cum
566 4623 660 4691 itaque
675 4640 756 4692 nego,
775 4640 890 4692 raporea
910 4642 1071 4677 concurrere
1086 4627 1120 4678 ad
1143 4627 1299 4678 torrnandas
1321 4626 1508 4688 retractiones,
1531 4629 1565 4679 de
1580 4626 1634 4679 hoc
1654 4633 1740 4695 poste·

390 4703 453 4755 riori
484 4718 587 4772 genere
619 4702 763 4771 intelligo:
795 4704 932 4770 quiahoc
961 4722 1009 4771 pro
1039 4722 1124 4757 causa
1151 4714 1289 4773 perpetua
1320 4706 1509 4759 adducebatur
1529 4707 1566 4759 ab
1588 4705 1741 4760 macutes

390 4783 472 4849 hujus
504 4781 652 4849 opinionis,
686 4783 768 4834 etiarn
800 4783 875 4834 coelo
907 4784 1089 4837 serenissimo.
1132 4789 1169 4836 ht
1196 4786 1271 4852 prius
1303 4802 1435 4855 vaporum
1462 4802 1552 4856 genua
1579 4787 1640 4856 ipse
1664 4785 1743 4839 etiarn

391 4861 462 4914 intra
484 4861 602 4913 adhibeo
624 4863 657 4912 ad
680 4862 798 4914 rariores
820 4864 952 4930 quasdam
974 4873 1001 4916 et
1025 4864 1216 4917 insolentiores
1237 4866 1418 4920 retractiones
1440 4866 1610 4920 efficiendas.
1661 4871 1742 4933 (Rata

390 4938 605 5068 rendadeqt)haec
631 4940 760 4987 annotatio
781 4940 856 4988 etiarn
876 4940 908 4988 ad
927 4956 994 5002 prop.
1016 4939 1039 4989 9.
1060 4944 1153 4991 numeri
1173 4939 1189 4989 6
1207 4941 1279 5004 hujus
1298 4945 1394 5006 eapitis.
1414 4945 1450 4994 sic
1470 4953 1496 4994 at
1514 4943 1549 4994 ad
1567 4941 1743 4996 mutarim

391 5021 464 5058 numa
523 5043 528 5055 .
