3692 5842
784 479 866 547 capus
883 480 903 532 ¹·
1459 483 1520 554 145

161 663 287 719 uncum
311 655 371 719 sit:
397 674 454 737 quo
477 657 597 720 nomine
620 676 687 721 cum
712 660 776 722 luce
801 661 830 721 in
855 659 933 722 idem
957 659 1067 723 caloris
1095 664 1278 726 consortium
1301 664 1417 743 veniet,
1443 685 1521 746 qua-

161 755 253 826 tenns
277 746 328 808 lux
351 745 469 808 animae
492 747 623 812 soboles.

252 835 340 897 Inest
362 833 481 915 quidem
505 844 537 898 et
560 836 706 917 stirpibus
738 856 809 898 suus
842 839 980 898 coloret
1009 837 1148 915 plantis,
1171 846 1204 901 at
1227 847 1258 901 et
1286 840 1312 902 is
1345 861 1460 923 qnoque
1484 843 1522 905 ab

162 922 307 1002 igniculo,
331 924 381 1004 qui
405 925 541 1004 quamvis
560 928 677 988 nonita
702 926 912 987 manifestent
931 925 959 985 in
985 925 1172 1002 animalibus,
1199 928 1228 989 in
1252 929 1397 1011 stirpibus
1420 940 1522 995 tamen

164 1012 262 1086 inest,
288 1012 367 1093 quod
389 1012 458 1075 inde
482 1022 586 1093 patet,
610 1015 680 1095 quia
703 1015 825 1076 tandem
849 1033 957 1093 corpus
982 1033 1067 1075 sunm
1091 1017 1278 1096 depascitur,
1304 1020 1334 1080 in
1359 1020 1522 1082 seminibus

164 1100 276 1176 latens,
301 1109 334 1163 et
351 1102 529 1166 vermiculos
548 1113 639 1166 noctu
663 1104 798 1165 lucentes
822 1111 948 1180 generat
962 1109 993 1163 et
1013 1103 1103 1181 ligna,
1125 1116 1192 1166 orta
1212 1108 1334 1169 tandem
1352 1109 1521 1188 putredine,

163 1187 211 1250 ita
231 1189 409 1266 inflammat,
434 1198 468 1253 ut
491 1191 591 1254 lucula
614 1193 650 1253 de
675 1201 762 1253 nocte
786 1191 878 1253 etiam
903 1191 997 1273 oculis
1022 1193 1116 1254 videri
1141 1204 1241 1274 queat.

255 1278 290 1340 Iu
314 1279 410 1341 Terra
431 1281 560 1342 calorem
581 1281 681 1343 inesse
703 1281 802 1341 sciunt
824 1299 937 1353 omues,
962 1281 1121 1343 animalem
1140 1284 1240 1345 inesse
1264 1285 1441 1347 facultatem
1464 1285 1523 1348 luci

163 1375 339 1445 cognatam,
363 1367 474 1430 caloris
498 1370 646 1444 tutricem,
672 1388 730 1430 non
748 1388 851 1429 omnes
877 1368 1061 1444 fatebuntur,
1085 1371 1188 1453 itaque
1215 1374 1252 1433 ad
1277 1375 1362 1453 ignes
1387 1374 1523 1436 Aetueos

163 1473 297 1536 provoco
321 1456 414 1518 etad
438 1457 573 1520 thermas
601 1457 831 1520 innumerabiles
865 1459 983 1535 igneum
1016 1460 1146 1522 calorem
1171 1462 1346 1524 referentes.
1386 1463 1522 1526 Indidem

166 1544 260 1624 igitur
283 1544 362 1625 ignis
386 1545 488 1624 prodit
510 1548 588 1609 unde
612 1555 644 1609 et
666 1547 757 1610 calor.
792 1547 825 1607 ln
846 1547 932 1621 oleis,
957 1548 985 1607 iu
1011 1548 1160 1628 sulphure,
1185 1550 1344 1625 bitumine,
1368 1552 1451 1614 calor
1473 1552 1521 1613 in-

165 1641 223 1705 est,
246 1634 303 1695 sed
326 1633 357 1695 in
380 1635 525 1715 potentia,
552 1645 587 1698 nt
609 1643 641 1699 et
663 1635 751 1715 ignis.
798 1637 877 1698 Nam
906 1636 1056 1697 calefacta
1080 1639 1123 1699 sio
1153 1646 1186 1699 ut
1216 1659 1273 1701 non
1302 1640 1524 1702 inflammentur

163 1722 327 1784 remittunt
342 1723 411 1803 igne
434 1734 550 1786 remoto
569 1726 646 1787 huuc
665 1725 815 1798 calorem3
839 1725 963 1786 incensa
977 1744 1048 1786 vero
1063 1728 1222 1789 manifeste
1245 1730 1418 1803 ostendunt,
1444 1730 1521 1790 unde

163 1810 242 1891 ipsis
265 1829 338 1872 suus
361 1812 453 1881 calor,
478 1833 544 1876 cnm
568 1814 744 1892 deflagrent.
783 1811 939 1883 Quaedam
964 1813 1086 1875 humore
1110 1823 1291 1896 suppetente
1315 1818 1464 1892 calefiunt,
1489 1826 1524 1879 at

164 1899 256 1961 simul
281 1919 314 1960 se
339 1899 406 1981 ipsa
429 1902 606 1978 incendunt,
632 1910 665 1963 nt
688 1903 818 1964 faenum.
866 1902 899 1962 Iu
924 1921 1057 1977 sumum,
1082 1906 1211 1966 calorem
1235 1907 1390 1986 praecedit
1413 1907 1522 1981 anima,

166 1988 333 2051 comitatur
356 1990 435 2069 ignis
458 1991 521 2052 sive
546 1992 605 2054 lox.
646 1997 743 2065 (temp.
761 2017 786 2065 p.
806 1997 860 2062 57.)

257 2077 349 2158 Prop.
383 2079 536 2142 XXXlll.
588 2082 700 2143 Lucis
738 2082 843 2143 calor
879 2081 1157 2143 immateriatus
1196 2089 1262 2144 cst.
1314 2082 1406 2144 Lucis
1444 2083 1522 2145 enim

163 2166 307 2229 comitem
331 2167 456 2230 fecimus
479 2177 511 2232 et
535 2170 591 2231 luci
616 2171 699 2231 nulla
722 2179 769 2232 est
792 2171 930 2244 materia,
956 2171 999 2231 uti
1024 2189 1098 2231 nunc
1123 2189 1188 2230 eam
1213 2171 1448 2233 consideramus.

256 2256 348 2336 Prop.
378 2257 532 2320 XXXIV.
588 2259 702 2321 Lucis
741 2260 857 2321 calori
885 2261 924 2322 ‚iu
962 2259 1151 2320 materiam
1183 2270 1240 2322 est
1273 2260 1386 2322 actio.
1443 2260 1521 2322 Nam

163 2344 263 2407 omnis
286 2347 414 2407 materia
442 2347 570 2427 frigida,
604 2367 658 2428 per
682 2345 735 2411 32.
760 2350 812 2411 lux
835 2349 952 2423 calida,
978 2356 1049 2408 sunt
1071 2348 1162 2427 igitur
1186 2348 1241 2411 sub
1270 2349 1375 2410 eodem
1402 2367 1521 2428 genere.
1630 2402 1632 2411 .

165 2432 359 2496 Contrarium
383 2434 474 2514 igitur·
496 2437 613 2516 patitur
636 2458 655 2498 a
678 2438 839 2499 contrario.
878 2438 912 2498 ld
938 2437 1029 2498 etiam
1053 2436 1090 2498 ob
1115 2438 1268 2500 materiati
1288 2446 1320 2499 et
1342 2456 1400 2499 non
1425 2445 1524 2499 mate·

162 2522 235 2585 riati
259 2524 506 2587 contrarietatem
530 2526 732 2588 essentialem.
781 2526 880 2606 Supra
903 2545 988 2606 prop.
1016 2525 1065 2588 10.
1091 2527 1256 2604 agebamus
1280 2527 1316 2587 de
1341 2527 1524 2606 geometrica

163 2610 285 2673 actione
309 2624 342 2673 et
364 2615 504 2692 passione
529 2634 622 2676 causa
646 2616 717 2689 loci,
743 2616 792 2677 ubi
816 2617 903 2696 paria
932 2614 1084 2676 faciebant
1108 2615 1159 2675 lux
1182 2625 1214 2677 et
1237 2616 1418 2694 superficies.
1465 2616 1523 2678 Hic

158 2702 225 2781 jam
249 2700 377 2782 physica
400 2710 448 2784 est
471 2703 549 2765 actio
574 2722 633 2765 nou
664 2705 836 2784 reciprooa;
867 2724 935 2765 uam
967 2704 1095 2765 materia
1124 2712 1241 2765 tautum
1264 2704 1388 2783 patitur.
1436 2703 1523 2775 Quae

163 2809 237 2851 vero
263 2790 321 2851 luci
346 2791 478 2853 vicissim
502 2792 611 2853 inferre
636 2793 771 2864 videtur,
795 2793 979 2872 geometrica
1008 2793 1127 2854 actione
1152 2793 1240 2866 facit,
1265 2801 1299 2853 ut
1322 2793 1428 2871 globus
1453 2813 1523 2876 cry-

163 2878 307 2940 stallinus
323 2878 386 2941 Soli
407 2881 456 2942 din
481 2882 636 2961 expositus
660 2883 782 2942 tandem
803 2883 939 2957 calescit,
964 2883 1066 2943 radius
1086 2901 1139 2961 per
1163 2882 1283 2962 globum
1300 2882 1351 2942 din
1374 2883 1524 2944 transiens

163 2967 259 3029 nihilo
284 2976 333 3030 est
356 2968 493 3047 frigidior
516 2990 604 3050 quam
628 2970 724 3032 initio.

254 3057 347 3137 Prop.
371 3056 507 3120 XXXV.
547 3056 660 3120 Calor
681 3060 716 3120 in
741 3059 904 3120 materia
928 3069 1097 3138 tempore
1122 3060 1323 3121 excitatur.
1361 3060 1441 3121 Nam
1465 3059 1524 3121 etsi

164 3146 217 3207 lux
241 3146 352 3207 comite
376 3147 476 3208 calore
500 3147 530 3208 in
554 3156 705 3210 momento
730 3149 835 3220 adest,
868 3147 996 3208 materia
1019 3157 1121 3208 tamen
1146 3167 1181 3208 eo
1204 3148 1269 3227 ipso
1294 3143 1373 3228 qnod
1397 3147 1526 3210 materie

163 3234 294 3314 tempori
317 3234 465 3315 subjacet.
513 3234 606 3298 Calor
632 3237 725 3316 igitur
753 3236 818 3316 jam
849 3237 1028 3298 materiatus
1052 3245 1083 3297 et
1111 3238 1251 3316 passivus
1275 3255 1334 3298 non
1363 3237 1421 3298 uisi
1445 3245 1524 3299 tem·

162 3342 237 3401 pore
262 3323 345 3404 gigni
368 3332 479 3404 potest.
526 3325 595 3388 Nou
619 3326 664 3387 sic
688 3326 725 3387 de
757 3325 906 3386 coloribus
931 3325 959 3386 in
991 3325 1136 3386 materiae
1168 3326 1316 3404 profundo
1347 3326 1522 3387 latentibus.

164 3410 445 3476 Considerabautur
467 3413 546 3476 enim
569 3422 602 3476 ut
627 3414 798 3494 superficies
822 3433 859 3474 ex
888 3423 996 3476 natura
1019 3414 1094 3475 lucis
1119 3424 1150 3475 et
1181 3414 1414 3476 illustrationis:
1446 3414 1523 3475 unde

164 3509 197 3563 et
219 3501 338 3564 illorum
363 3522 383 3563 a
405 3503 470 3565 lnce
495 3502 658 3565 illustratio
682 3512 892 3565 momentanea
915 3513 1082 3582 permanet.

252 3590 345 3670 Prop.
371 3590 523 3655 XXXVI.
570 3593 646 3654 Lux
679 3612 741 3655 res
774 3592 944 3654 destruit
977 3599 1014 3651 et
1036 3589 1172 3651 adurit.
1225 3590 1305 3650 Nam
1333 3607 1387 3668 per
1410 3584 1463 3651 34.
1493 3588 1523 3649 in

164 3678 326 3741 materiam
359 3680 433 3759 agit.
488 3680 607 3743 Similia
636 3701 706 3743 vero
740 3681 797 3742 sibi
831 3683 930 3742 facere
964 3680 1069 3741 nititur
1101 3677 1249 3758 patientia
1279 3698 1365 3739 more.
1393 3676 1521 3738 omnium

163 3767 330 3849 agentium.
376 3768 458 3849 Ergo
482 3771 639 3832 materiam
669 3771 827 3845 adoriens,
861 3770 890 3831 in
916 3788 974 3849 qna
997 3788 1095 3830 rerum
1119 3767 1254 3828 essentia
1282 3767 1440 3842 consistit,
1474 3784 1523 3827 res

165 3856 299 3937 perimit.
346 3857 382 3920 ld
407 3859 440 3919 fit
463 3860 676 3922 extenuatione
701 3869 733 3921 et
757 3858 999 3932 inflammatione,
1025 3866 1058 3918 ut
1081 3859 1155 3918 fiant
1178 3857 1279 3917 omnia
1302 3857 1362 3919 lux.

257 3946 348 4025 Prop.
372 3945 540 4010 XXXVII.
587 3949 666 4009 Lux
691 3949 844 4010 colores
878 3966 998 4008 rerum
1033 3953 1203 4025 tempore
1233 3945 1398 4007 dealbat.
1444 3945 1523 4006 Nam

164 4053 220 4115 per
239 4031 305 4098 36.'
321 4037 479 4099 materiam
499 4038 638 4099 destruit.
674 4040 719 4099 At
736 4055 790 4116 ρετ
810 4034 858 4099 15.
874 4037 1004 4096 εοΙοτιττττ
1021 4036 1154 4097 essentia
1172 4035 1312 4097 consistit
1330 4035 1360 4096 iu
1379 4034 1522 4095 materia:

165 4143 225 4205 qua
247 4132 393 4203 pereunte
417 4126 499 4188 color
531 4127 605 4206 ipsis
632 4128 721 4205 perit.
768 4126 902 4187 Dealbat
932 4133 1047 4195 autem,
1077 4125 1147 4203 qnia
1179 4126 1247 4203 (ρετ
1279 4124 1419 4195 eandem)
1453 4122 1524 4183 alba

165 4212 225 4276 luci
249 4213 428 4292 cognatiora
451 4223 540 4289 sunt,
572 4215 659 4294 nigra
682 4216 749 4295 plus
782 4214 973 4277 tenebrarum
998 4222 1029 4273 et
1057 4213 1216 4277 densitatis
1248 4212 1394 4273 materiae
1424 4209 1522 4289 parti-

164 4301 267 4382 cipia:
301 4302 370 4382 plus
399 4303 490 4383 igitur
513 4304 564 4366 lux
591 4303 685 4366 habet
707 4305 736 4366 in
770 4304 877 4384 nigris,
912 4304 991 4383 quod
1025 4302 1123 4379 tollat.
1171 4302 1206 4362 Id
1234 4320 1305 4362 vero
1329 4301 1364 4361 fit
1387 4311 1522 4377 tempore

186 4411 221 4455 er
244 4386 297 4466 34,
322 4387 375 4454 35.

164 4411 183 4472 p
257 4479 349 4560 Prop.
378 4479 561 4544 XXXVIII.
616 4482 693 4543 Lux
725 4481 831 4560 nigra
862 4479 1015 4564 facilius
1048 4478 1260 4540 inflammat
1293 4496 1395 4558 quam
1427 4474 1521 4537 alba.

163 4571 246 4636 Nam
269 4587 324 4650 per
346 4565 400 4632 30.
425 4570 523 4632 minus
547 4570 696 4632 radiorum
720 4590 740 4629 a
762 4570 856 4649 nigris
880 4569 1063 4643 revibratur,
1098 4567 1166 4648 plus
1190 4567 1281 4645 igitur
1304 4568 1333 4627 iu
1362 4564 1422 4625 illis
1446 4582 1521 4624 oon-

163 4659 303 4722 sumitur.
341 4659 414 4720 Plus
437 4658 529 4739 igitur
552 4659 603 4720 lux
627 4660 663 4721 de
688 4677 776 4738 opere
800 4677 853 4720 suo
878 4658 1007 4719 collocat
1025 4657 1055 4718 in
1076 4657 1170 4735 nigra,
1197 4656 1275 4735 quod
1298 4673 1351 4735 ρετ
1370 4650 1421 4716 36.
1446 4670 1520 4713 con·

163 4749 252 4811 sistit
279 4746 308 4809 in
342 4747 525 4810 destruendo
557 4756 590 4810 et
621 4747 844 4810 inflammando.
890 4747 969 4808 Hinc
1001 4754 1070 4807 orta
1098 4752 1154 4806 est·
1179 4744 1295 4824 opinio,
1328 4742 1421 4821 nigris
1454 4739 1522 4819 cogi

163 4838 281 4913 radios,
306 4835 385 4899 albis
408 4836 558 4916 dissipari.

257 4924 468 4990 Conclusiouis
505 4927 570 4989 loco
609 4933 730 4988 notetur
763 4923 811 5001 hic
842 4932 933 4985 sexta
970 4922 1052 4985 tertii
1077 4919 1262 4982 Vitellionis.
1281 4914 1322 4992 ¹⁰)
1376 4918 1521 4980 Testatur

164 5014 370 5098 experientia,
393 5009 603 5080 inhaerescere
633 5014 751 5096 species
775 5011 899 5075 visionis
923 5012 1010 5103 fortis
1033 5012 1062 5074 in
1085 5010 1153 5072 visu
1176 5007 1403 5090 aliquantisper,
1428 5008 1520 5070 etiarn

246 5118 336 5174 ιηιιιτ
350 5119 428 5174 om
443 5118 470 5162 n
1124 5115 1129 5124 '
1274 5111 1309 5166 to
