3692 5842
324 457 390 528 818
816 460 990 510 Arnonomlae
1007 458 1071 516 Pam
1088 456 1188 523 Optloa

326 634 484 707 detexerit,
510 635 629 713 quando
644 635 682 695 ab
698 634 812 713 eclipsi,
838 653 926 713 quam
943 635 1007 714 ipse
1022 636 1150 710 viderat,
1177 653 1310 707 exorsus,
1336 651 1505 696 sermonem
1523 634 1554 695 in
1575 650 1689 712 genere

325 726 437 794 nectit:
460 735 550 798 Luna,
569 724 674 803 iuquit,
699 734 807 787 etiamsi
835 739 922 787 totum
949 736 1098 805 aliquando
1120 736 1211 790 Solem
1239 734 1373 798 occultet,
1402 740 1497 789 tamen
1517 733 1541 787 is
1561 731 1690 787 delectu

326 815 474 872 latitudine
495 822 526 869 et
545 821 670 884 tempore
691 821 769 869 caret
792 814 942 892 (regulam
967 833 1003 874 ex
1027 833 1081 875 suo
1107 814 1182 875 facit
1211 813 1363 893 exemplo,
1398 813 1549 876 diversum
1583 809 1690 871 vidisti

326 903 356 964 iu
385 904 626 963 commemoratis
655 903 832 980 exemplis),
867 914 914 964 sed
946 914 1056 984 quidam
1084 914 1176 967 elucet
1205 914 1336 984 splendor
1363 912 1437 968 cirea
1465 912 1604 976 orbitam,
1636 927 1691 965 non

326 992 419 1049 sinens
441 993 527 1046 altam
549 994 713 1063 nimiamque
733 993 792 1046 ficri
813 995 946 1047 umbram.
997 992 1045 1052 Ita
1077 992 1168 1071 plane
1206 1002 1271 1065 est,
1307 992 1443 1071 quamvis
1476 990 1531 1054 Sol
1567 999 1692 1070 tegatur

328 1087 420 1152 totus,
446 1086 623 1142 certamen
649 1080 751 1142 Solem
777 1082 986 1153 circumstans,
1013 1099 1070 1160 quo
1095 1080 1159 1141 Soli
1183 1081 1313 1160 propior,
1338 1081 1396 1142 hoc
1419 1079 1609 1161 splendidior
1631 1087 1691 1140 est.

328 1168 445 1243 Quare,
481 1170 507 1229 si
532 1171 662 1232 crassior
687 1170 778 1230 luerit
801 1177 868 1242 aler,
903 1170 998 1248 deque
1023 1170 1076 1231 illo
1100 1170 1209 1248 exigua
1243 1171 1344 1250 aliqua
1375 1171 1543 1251 particula,
1578 1179 1694 1249 quanta

329 1277 404 1322 cono
437 1258 495 1318 visi
525 1258 606 1321 Solis
639 1258 845 1337 intercipitur,
880 1258 970 1318 fuerit
999 1257 1179 1333 obscurata,
1214 1258 1413 1321 circumstans
1446 1266 1499 1321 abr
1530 1258 1693 1339 splendere

329 1347 479 1408 videbitur
519 1347 657 1410 circulari
696 1349 801 1408 forma.
857 1347 1016 1407 Accedunt
1056 1348 1118 1409 alia
1152 1347 1369 1427 experimenta.
1421 1346 1591 1411 Confirmat
1622 1344 1695 1408 milri

332 1456 405 1500 saue
429 1437 469 1497 D.
493 1436 660 1511 Jessouius,
685 1437 769 1515 cujus
793 1455 859 1515 cap.
876 1437 916 1494 V.
942 1436 1126 1498 mentionem
1149 1437 1215 1511 feci,
1241 1457 1319 1499 anuo
1346 1434 1443 1502 1598.
1469 1435 1523 1500 25.
1545 1435 1621 1498 Feb.
1648 1434 1696 1495 vel

331 1524 362 1587 7.
387 1525 491 1586 Martii
522 1526 646 1606 eclipsin
672 1524 753 1587 Solis
783 1526 840 1586 sibi
864 1524 893 1585 in
924 1525 994 1586 aula
1018 1525 1164 1605 Torgensi
1188 1546 1242 1607 per
1265 1527 1360 1589 nubes
1393 1528 1500 1601 risam,
1532 1524 1697 1606 splendore

331 1615 447 1676 Lunam
472 1615 561 1695 pla'ue
587 1616 745 1692 cingente;
769 1632 860 1695 seque
885 1634 952 1675 eam
973 1613 1055 1675 Solis
1080 1614 1246 1677 laborantis
1271 1617 1398 1680 lormam
1421 1617 1642 1697 epigrammate
1667 1624 1699 1675 et

333 1703 482 1782 allegoria
505 1712 708 1785 prosecutum.
754 1704 814 1765 Illa
842 1712 943 1764 tamen
973 1703 1094 1783 eclipsis
1119 1704 1148 1765 iu
1172 1704 1334 1768 Braheauo
1357 1705 1473 1768 calculo
1497 1705 1605 1768 totalis
1629 1722 1697 1766 esse

333 1811 392 1856 uon
417 1794 533 1873 potuit,
566 1815 603 1855 ne
629 1793 747 1872 quidem
771 1812 824 1872 per
855 1792 1023 1871 legitimam
1046 1792 1150 1854 Lunae
1181 1795 1361 1857 diametrum
1384 1816 1402 1856 a
1425 1795 1570 1875 perigaeo
1595 1793 1696 1856 disce·

333 1881 444 1943 dentis.
482 1884 550 1945 Non
574 1882 674 1961 potuit
697 1881 788 1961 igitur
803 1880 962 1943 Jesseuius
986 1882 1114 1963 undique
1130 1881 1234 1945 Solem
1254 1883 1365 1960 ridere,
1389 1882 1443 1946 sed
1464 1884 1543 1965 quod
1567 1883 1698 1962 undique

333 1969 451 2032 Lunam
476 1973 670 2034 circumstare
695 1971 782 2043 uidit,
807 1971 949 2051 splendor
973 1981 1038 2032 erat
1062 1971 1152 2033 aeris.
1169 1965 1210 2047 '⁹)

423 2061 512 2122 Auno
537 2057 630 2123 1603.
656 2055 741 2143 8118.
755 2058 904 2133 Januarii,
930 2061 1004 2122 lrora
1020 2081 1079 2121 una
1098 2070 1168 2140 post
1191 2080 1330 2123 occasum
1345 2059 1438 2135 Solis,
1458 2062 1578 2124 Lunam
1601 2068 1698 2122 totam

337 2150 512 2212 obstruente
545 2150 607 2230 pila
647 2150 752 2221 turris,
795 2150 984 2210 nihilomiuus
1015 2150 1096 2211 orbis
1124 2150 1211 2213 albus
1239 2150 1316 2211 satis
1345 2152 1445 2214 clarus
1476 2151 1636 2231 apparuit,
1668 2158 1700 2210 ut

338 2248 461 2321 putares
495 2260 562 2301 esso
588 2239 703 2300 Lunam
732 2258 786 2317 per
818 2258 945 2318 aqueam
976 2239 1098 2305 nubem,
1132 2248 1185 2300 aut
1215 2240 1405 2319 splendorem
1428 2240 1535 2301 Lunae
1559 2239 1649 2319 qnasi
1672 2238 1700 2301 in

338 2348 417 2409 aqua
450 2329 584 2390 dilutum.
632 2328 700 2390 Non
733 2327 839 2389 habuit
869 2337 971 2390 tamen
1003 2325 1174 2390 evidentem
1204 2330 1307 2402 tinem,
1340 2330 1395 2392 sed
1428 2330 1649 2393 obliterabatur
1672 2327 1699 2389 iu

338 2417 457 2480 nubem.
504 2417 547 2482 Et
571 2417 658 2478 facile
684 2417 825 2496 splendor
848 2416 897 2477 hic
921 2416 959 2477 ab
983 2415 1049 2496 ipso
1078 2436 1203 2496 corpore
1232 2418 1459 2482 discernebatur
1485 2427 1569 2480 moto
1592 2418 1700 2498 capite.

339 2504 446 2569 Simile
471 2507 541 2587 quid
565 2506 636 2568 milri
661 2506 771 2568 accidit
794 2507 931 2585 sequenti
956 2503 1003 2569 16.
1021 2501 1072 2570 26.
1088 2506 1226 2569 ianuarii
1249 2508 1378 2585 vesperi,
1402 2507 1489 2569 Luna
1508 2507 1538 2568 in
1557 2508 1701 2588 perigaeo

338 2605 497 2669 versante,
520 2615 587 2659 cum
610 2596 740 2675 plurima
763 2595 971 2656 admiratione.
1018 2595 1162 2658 Rotulam
1192 2616 1318 2658 aeneam
1346 2597 1495 2676 exquisite
1524 2595 1701 2658 circularem

338 2686 421 2766 stylo
445 2685 632 2748 infibulatam
656 2685 685 2745 iu
708 2685 843 2765 perticae
876 2684 1033 2745 duodecim
1057 2685 1150 2764 pedes
1178 2685 1288 2764 longae
1321 2686 1448 2747 termino
1482 2685 1583 2748 altero
1622 2684 1702 2749 erexi

338 2776 638 2855 perpendiculariter,
665 2794 702 2835 ex
722 2775 819 2835 altero
840 2775 968 2835 termino
988 2775 1137 2854 applicari
1154 2775 1280 2847 oculum,
1306 2783 1338 2836 et
1352 2784 1422 2837 ante
1446 2775 1566 2837 oculum
1585 2775 1702 2837 tenuis-

339 2864 447 2925 simum
472 2864 606 2925 foramen
627 2864 656 2924 iu
681 2864 780 2924 altera
806 2864 950 2924 laminula
969 2883 1068 2936 aerea,
1093 2864 1135 2924 sic
1151 2874 1183 2924 ut
1199 2866 1284 2925 oculo
1299 2883 1353 2943 per
1377 2865 1509 2926 foramen
1525 2864 1555 2925 iu
1575 2865 1702 2927 rotulam

337 2952 596 3033 perpendicularis
625 2962 708 3013 esset
740 2962 936 3032 prospectus,
969 2955 1205 3033 necquicquam
1236 2954 1313 3014 oculi
1345 2954 1514 3015 latitudinis
1544 2954 1703 3016 occasione

339 3050 446 3120 posset
469 3042 654 3121 contingere.
694 3039 829 3120 Cumque
845 3042 977 3120 qualium
1001 3042 1191 3103 intervallum
1212 3044 1289 3103 oculi
1310 3051 1341 3105 et
1359 3043 1475 3106 rotulae
1499 3049 1570 3106 erat
1586 3039 1702 3115 10368,

340 3131 447 3193 talium
472 3133 588 3192 rotulae
614 3131 746 3192 latitudo
766 3127 828 3192 104
848 3140 940 3203 esset,
967 3139 1074 3210 tegens
1099 3151 1198 3192 arcum
1215 3125 1314 3213 3t¹l,‘
1338 3131 1498 3211 sperabam
1519 3132 1583 3194 ista
1605 3132 1703 3193 rotula

340 3219 459 3282 Lunam
482 3221 572 3300 plane
597 3229 710 3281 tectum
736 3219 781 3293 iri,
806 3229 931 3299 propter
954 3220 1030 3279 alios
1048 3222 1153 3281 modos
1177 3221 1368 3290 observandi,
1393 3240 1466 3302 quos
1490 3240 1550 3282 una
1575 3221 1702 3282 adbibe-

343 3308 424 3370 bam.
473 3309 567 3389 Atqui
601 3308 796 3370 circumcirca
825 3309 913 3369 Luna
945 3309 1112 3388 prominere
1146 3309 1313 3369 videbatur.
1361 3309 1418 3371 Hic
1450 3329 1497 3371 me
1530 3309 1702 3372 sollicitudo

341 3395 533 3471 incessebat,
558 3417 594 3459 ue
619 3397 760 3459 fortassis
784 3398 834 3458 alii
859 3398 952 3471 modi,
979 3398 1085 3476 quibus
1118 3397 1274 3476 plurimum
1298 3398 1367 3472 lido,
1402 3398 1471 3459 falsi
1495 3407 1612 3460 essent.
1661 3400 1701 3460 Ar

341 3487 496 3549 fallaciam
530 3506 598 3549 esse
634 3487 740 3548 statim
771 3487 885 3566 patuit,
915 3487 1001 3547 oculo
1030 3488 1068 3547 ad
1106 3487 1234 3547 rotulam
1265 3486 1535 3567 appropinquanto.
1584 3486 1703 3549 Etenim

341 3578 470 3638 noudum
502 3595 570 3637 sese
595 3576 762 3656 recipiebat
785 3576 879 3636 omnis
903 3576 958 3636 illa
981 3575 1127 3636 claritudo
1146 3583 1216 3654 post
1237 3576 1375 3648 rotulam,
1402 3575 1493 3637 etiam
1517 3595 1586 3637 oum
1606 3577 1647 3637 ad
1666 3573 1703 3638 l0

341 3666 451 3744 pedum
477 3666 737 3745 propinquitatem
761 3666 864 3727 oculus
883 3665 1009 3737 veniret,
1035 3666 1181 3743 quomodo
1200 3664 1317 3725 Lunam
1341 3667 1421 3726 ultra
1440 3660 1495 3726 dl‘
1519 3683 1703 3743 repraesen-

341 3764 408 3816 tare
432 3755 626 3833 oportuisset,
659 3755 736 3832 quod
754 3754 853 3814 sciunt
877 3771 979 3813 omnes
1004 3754 1113 3813 falsum
1129 3771 1207 3815 esse.
1243 3754 1347 3832 Neque
1362 3754 1445 3832 potui
1470 3753 1703 3818 determinatam

342 3861 508 3920 agnoscere
544 3843 735 3917 distantiam,
771 3862 809 3903 eu
832 3862 891 3922 qua
924 3851 1078 3921 tegeretur
1101 3843 1201 3915 Luna,
1236 3860 1354 3921 semper
1376 3843 1453 3903 euim
1477 3842 1610 3904 lucidum
1635 3840 1704 3922 quid

343 3931 541 3993 circumcirca
564 3931 640 4000 vidi,
665 3932 756 3992 etiam
782 3952 800 3991 a
824 3940 939 4010 septem
964 3932 1072 4010 pedum
1101 3931 1271 3992 intervallo.
1318 3932 1383 3991 Nec
1406 3931 1499 3992 multo
1524 3931 1608 3991 aliud
1633 3929 1703 3991 mibi

344 4038 423 4081 auno
465 4018 559 4082 1600.
598 4018 698 4081 Gratii
731 4019 931 4098 objiciebatur
967 4021 1047 4080 circa
1078 4018 1318 4080 observationem
1353 4019 1491 4081 diametri
1526 4016 1611 4081 Solis
1652 4035 1704 4100 per

344 4109 477 4171 toramen
506 4108 681 4170 intromissi.
729 4109 854 4187 Apertis
878 4108 957 4170 euim
982 4107 1096 4169 duobus
1126 4107 1335 4182 foraminibus,
1367 4107 1463 4169 altero
1486 4106 1578 4175 milii,
1606 4106 1704 4168 altero

342 4197 403 4278 pisi
427 4198 643 4277 magnitudine,
669 4196 846 4276 circulisqne
865 4197 944 4258 binis
964 4197 993 4258 iu
1018 4196 1132 4257 tabella
1156 4195 1296 4275 opposita
1319 4196 1456 4277 depictis,
1481 4213 1606 4277 quornm
1627 4195 1705 4258 alter

345 4287 473 4348 alterum
497 4287 658 4348 excederet
681 4286 840 4346 intervallo
865 4295 961 4360 tanto,
987 4294 1098 4366 quanto
1123 4285 1255 4346 foramen
1280 4286 1377 4365 majus
1402 4305 1420 4346 a
1443 4284 1557 4345 minore
1583 4283 1704 4346 differe-

344 4374 416 4436 bat:
442 4376 544 4437 radius
575 4376 693 4456 quidem
718 4374 800 4436 Solis
823 4394 877 4454 per
905 4375 1002 4453 majus
1032 4374 1165 4435 foramen
1198 4373 1347 4435 immissus
1377 4372 1531 4455 aequabat
1558 4372 1705 4453 maiorem

345 4463 497 4537 circulum,
523 4474 555 4524 at
580 4464 684 4542 maJori
710 4464 856 4525 foramine
881 4464 1049 4534 obstructo,
1076 4462 1123 4541 qui
1148 4462 1322 4540 perminus
1347 4461 1584 4541 ingrediebatur,
1609 4477 1705 4540 neque

346 4553 505 4614 terminum
528 4554 735 4631 conspicuum,
768 4561 799 4612 et
823 4552 944 4613 limbum
972 4551 1119 4629 paulatim
1144 4551 1172 4611 iu
1197 4551 1313 4611 luscum
1340 4552 1470 4612 colorem
1493 4559 1705 4610 transeuntem

346 4640 519 4713 obtinebat,
549 4642 675 4722 denique
699 4641 840 4702 minorem
868 4640 1009 4700 circulum
1033 4639 1122 4717 longe
1149 4639 1323 4718 superabat.
1370 4638 1486 4701 Radius
1516 4637 1598 4700 eninr
1621 4635 1706 4700 sotir

347 4749 401 4808 per
429 4739 492 4792 tam
520 4739 681 4805 angustum
714 4730 846 4790 foramen
874 4728 963 4788 valde
996 4736 1170 4789 attenuatus
1198 4746 1256 4787 nou
1285 4729 1378 4789 multo
1412 4726 1522 4789 clarina
1550 4726 1706 4788 illustrare

347 4827 469 4894 poterat
496 4836 657 4900 papyrum,
694 4836 782 4899 quarn
813 4816 889 4877 radii
917 4835 955 4876 ex
983 4824 1051 4878 aere
1077 4815 1180 4877 Solem
1213 4816 1447 4888 circumstante,
1480 4832 1609 4894 qaorum
1639 4831 1706 4875 curn

349 4902 506 4966 Solaribus
530 4907 715 4968 continuatio
746 4905 891 4983 majorem
914 4905 999 4983 justo
1030 4905 1257 4983 amplitudinem
1291 4915 1323 4967 et
1354 4905 1549 4984 llrliginosnrn
1573 4902 1706 4966 colorem

348 4994 609 5074 repraesentabat.
633 4993 712 5057 Erat
725 5003 827 5055 autern
837 4994 902 5073 ejus
916 4994 975 5057 diei
986 5000 1038 5058 adr
1051 5011 1143 5073 snpra
1156 4994 1276 5056 modum
1290 4993 1476 5073 splendidas,
1491 4990 1582 5071 longe
1593 4989 1706 5056 aSols-
