3692 5842
835 478 917 546 caper
935 481 1001 533 m.
1533 481 1599 551 ⁶33

237 666 354 724 mento.
400 655 483 718 Tunc
515 654 593 720 enim
625 676 752 719 necesse
784 677 842 720 non
875 659 967 720 luerit
991 658 1029 720 ad
1053 659 1300 722 scintillationem
1332 662 1599 725 demonstrandam

238 765 392 812 assumere
416 745 525 819 vitam,
559 745 617 807 nisi
640 746 744 821 illam,
778 766 854 827 quae
877 754 927 809 εει
950 749 1109 823 flammae,
1140 768 1216 829 quae
1239 751 1411 813 carbonum.
1457 755 1503 814 At
1526 753 1600 815 illud

237 836 392 918 explicare
406 852 464 896 non
479 851 612 913 possum,
628 854 680 897 cur
695 836 889 899 circumcirca
903 837 1051 915 sparserit
1065 836 1187 899 radios?
1211 857 1277 901 cum
1292 848 1445 902 nostrates
1461 842 1599 903 flammae

237 945 261 988 a
282 932 368 988 certa
389 933 422 984 et
444 922 504 984 lixa
526 924 628 986 radice
661 934 855 987 succrescant
876 925 906 987 in
937 927 1051 1001 altum;
1085 945 1139 989 nec
1162 927 1346 1004 verisimile,
1381 930 1506 991 eandem
1538 930 1599 992 illic

238 1032 310 1078 eaeo
333 1030 465 1093 pugnam
488 1013 619 1075 humoris
638 1032 703 1075 curn
723 1014 802 1094 igne,
828 1033 903 1094 quae
922 1014 970 1076 hic
994 1014 1073 1093 apud
1096 1033 1151 1076 nos
1166 1015 1362 1079 undulantem
1380 1018 1463 1079 illum
1486 1027 1599 1080 motum

237 1103 427 1168 flammarum
451 1101 561 1177 elficit;
585 1101 643 1164 nisi
666 1103 732 1183 quie
756 1104 832 1164 forte
856 1103 934 1164 hauc
956 1103 1053 1164 nostri
1077 1103 1156 1165 aeris
1180 1104 1389 1168 humiditatem
1413 1107 1596 1169 reclamante

238 1192 344 1274 optica
376 1189 537 1269 disciplina
567 1191 597 1252 in
628 1191 807 1253 altissimum
840 1211 934 1272 usqne
969 1193 1122 1254 aetherem
1154 1193 1319 1255 subvehere
1351 1196 1435 1257 velit.
1482 1194 1599 1266 Quodsi

239 1279 434 1344 arrcumcirca
457 1279 544 1355 radii,
568 1280 780 1343 nutrimentum
803 1280 895 1361 igitur
919 1279 949 1342 in
970 1281 1077 1356 medio,
1103 1299 1211 1361 corpus
1234 1282 1336 1362 igitur.
1383 1284 1417 1344 ln
1441 1285 1497 1346 hac
1521 1285 1596 1346 fluc-

237 1368 378 1432 tuatione
407 1376 550 1448 sequatur
573 1369 699 1449 quilibet
723 1371 801 1450 quod
818 1370 909 1430 volet.
950 1367 1072 1432 Certum
1096 1379 1153 1446 est,
1178 1379 1232 1432 aut
1254 1373 1404 1433 flammam
1428 1373 1522 1434 luisse
1545 1383 1599 1434 aut

237 1459 336 1522 vitam
360 1456 519 1531 habuieee;
543 1457 600 1520 nisi
617 1460 694 1520 forte
718 1478 816 1520 rerum
840 1458 1001 1520 earundem
1017 1460 1163 1535 (luminis,
1189 1461 1331 1536 colorum,
1356 1461 1597 1534 soirrtillationie)

237 1545 410 1610 effectrices
443 1565 553 1608 causae
586 1565 644 1608 non
675 1556 746 1609 sunt
775 1548 899 1608 eaedem
932 1549 987 1608 sub
1012 1550 1099 1610 Luna
1121 1557 1154 1610 et
1184 1548 1264 1611 inter
1296 1550 1382 1611 lixae.
1430 1548 1518 1620 Quod
1549 1552 1597 1629 qui

236 1635 355 1716 objicit,
378 1635 407 1697 is
422 1653 539 1697 omnem
564 1635 785 1718 inquisitionem
804 1636 846 1698 rei
861 1636 948 1698 nobis
972 1637 1143 1716 exprobrat.
1180 1638 1227 1698 At
1245 1638 1340 1700 multa
1355 1647 1434 1713 sunt,
1450 1640 1596 1719 quaedam

236 1723 268 1788 in
294 1723 415 1806 Opticie
438 1724 531 1786 etiam
554 1746 573 1787 a
596 1744 642 1786 me
666 1732 737 1787 sunt
760 1726 866 1798 allata,
889 1744 965 1805 quae
989 1735 1132 1806 arguunt,
1156 1744 1215 1786 non
1240 1735 1303 1787 tam
1327 1729 1479 1789 essentiae
1502 1727 1596 1788 disei-

235 1813 406 1877 militudine
430 1832 519 1893 quam
542 1813 710 1876 intervallis
733 1814 878 1876 distincta
901 1832 968 1875 esse
993 1815 1046 1877 illa
1072 1814 1220 1876 coelestia
1241 1816 1280 1876 ab
1305 1815 1352 1878 his
1375 1816 1595 1879 sublunaribue.

235 1903 283 1968 Ut
296 1902 403 1965 Mosen
428 1910 558 1977 taceam,
583 1903 632 1983 qui
647 1904 703 1965 hae
727 1922 822 1983 aquas
837 1904 875 1966 ab
895 1903 957 1964 illis
980 1904 1064 1984 aquis
1084 1904 1151 1964 sola
1174 1904 1358 1983 expansione
1374 1904 1433 1976 (sic
1446 1904 1597 1967 Hebraico

238 1991 322 2054 docti
357 1990 510 2071 accipiunt
541 2011 647 2054 vocem
677 1993 820 2073 raquiah)
853 2001 994 2073 separat;
1026 2012 1091 2056 cum
1121 2002 1226 2054 essent
1248 1993 1278 2053 in
1302 1992 1404 2054 mundi
1436 1994 1596 2073 primordio

237 2081 395 2144 confusae.
443 2079 486 2141 Ut
509 2077 708 2161 Copornicum
736 2082 827 2142 etiam
856 2083 991 2156 mittam,
1026 2083 1075 2162 qui
1098 2081 1211 2142 Telluri
1242 2079 1300 2159 ipsi
1328 2082 1380 2160 jue
1408 2081 1542 2144 civitatis
1565 2083 1596 2144 in

237 2170 325 2234 coelo
348 2168 442 2231 dedit.

333 2257 492 2338 Utcunque
516 2258 639 2332 habeat,
664 2257 737 2319 illud
762 2258 790 2320 in
810 2276 919 2338 genere
943 2275 1054 2330 verum,
1079 2257 1200 2318 stellam
1223 2256 1301 2319 hanc
1323 2276 1432 2338 corpus
1448 2267 1479 2319 et
1498 2267 1596 2321 mate·

238 2347 317 2412 riam
341 2365 426 2409 snam
450 2346 602 2408 habuisse.
648 2346 728 2409 Nam
752 2346 918 2408 Patriciani
941 2348 1027 2427 ignes
1049 2345 1243 2406 immateriati
1266 2354 1299 2407 et
1320 2346 1468 2423 viventes,
1493 2349 1598 2428 quales

238 2437 351 2500 atellae
376 2436 459 2509 lacit,
484 2436 601 2515 pridem
624 2435 806 2497 refrixerunt
828 2436 963 2515 adeoque
986 2435 1127 2495 exstincti
1153 2443 1233 2496 sunt.
1281 2433 1468 2498 Ostendetur
1491 2455 1595 2499 exem·

237 2526 338 2608 plum,
372 2525 421 2587 ubi
446 2525 542 2586 lumen
566 2526 615 2586 vel
639 2543 672 2585 se
695 2525 761 2604 ipso
789 2532 875 2586 stans
898 2526 948 2586 vel
971 2524 1010 2585 ab
1033 2522 1235 2585 illustratione
1268 2524 1392 2586 alterius
1424 2525 1597 2604 dependens

239 2612 375 2678 caruerit
396 2613 534 2692 subjecto
558 2613 729 2685 materiato,
753 2622 922 2693 corporato.
960 2613 1051 2674 Dicet
1074 2613 1203 2674 sortasse
1228 2612 1388 2689 Patricius,
1412 2615 1475 2675 tale
1498 2616 1595 2676 lumen

238 2722 309 2768 aare
333 2701 460 2764 Solem?
488 2702 669 2783 Principium
692 2701 825 2782 petitur:
855 2703 891 2763 de
915 2702 976 2765 illis
1001 2702 1030 2762 in
1053 2703 1151 2774 coelo,
1177 2721 1254 2782 quae
1277 2721 1345 2765 sese
1369 2722 1428 2764 non
1450 2703 1597 2782 praebent

237 2792 468 2866 contrectanda,
493 2791 659 2871 disputatio
675 2801 742 2866 est;
766 2809 877 2871 quaero
898 2792 1066 2870 exemplum
1085 2791 1113 2851 in
1131 2791 1236 2854 Terra.
1269 2790 1360 2852 Dicet
1379 2791 1432 2853 illa
1450 2792 1597 2853 coelestia

237 2901 299 2946 non
323 2898 390 2942 esee
415 2880 526 2943 similia
548 2882 595 2942 hie
617 2880 834 2941 terrestribus?
866 2878 928 2942 Cur
951 2881 1042 2960 igitur
1065 2880 1211 2959 disputat,
1235 2880 1299 2958 ipse
1323 2881 1412 2942 homo
1437 2882 1474 2943 de
1493 2883 1596 2953 Terra,

237 2972 270 3034 in
295 2970 381 3049 cnjus
405 2978 507 3031 mente
530 2971 602 3031 nihil
618 2977 675 3042 est,
701 2970 778 3048 quod
794 2988 852 3030 non
870 2970 960 3031 fuerit
983 2970 1150 3048 ingressum
1173 2987 1227 3048 per
1249 2989 1388 3052 sensuum
1410 2970 1597 3033 terrestrium

237 3059 371 3142 portas?
403 3059 468 3120 Imo
491 3078 562 3121 vero
586 3059 640 3119 illa
663 3059 730 3137 ipsa
757 3059 903 3120 coelestia
931 3059 1044 3119 lumina
1066 3058 1105 3119 ad
1129 3078 1183 3119 nos
1214 3057 1401 3120 descendunt
1421 3060 1450 3120 in
1476 3061 1596 3122 Terras.

239 3147 396 3212 Ostendat
418 3148 512 3227 igitur
531 3148 631 3227 aliquo
651 3147 715 3207 loco
740 3147 838 3209 lumen
865 3148 1005 3220 coeleste,
1030 3147 1160 3225 speciem
1176 3145 1267 3222 Solis,
1283 3148 1387 3210 Lunae
1407 3157 1460 3210 ant
1478 3150 1595 3224 stellae,

236 3237 289 3302 uhi
313 3237 396 3300 absit
419 3237 539 3319 aliquod
562 3235 730 3314 subjectum
753 3236 944 3299 illustrabile.
991 3234 1140 3314 Nuspiam
1163 3235 1308 3311 inveniet,
1338 3236 1391 3297 sed
1416 3248 1469 3299 aut
1492 3240 1595 3318 splen·

238 3327 344 3390 dorem
367 3326 396 3386 in
420 3332 509 3401 atre,
544 3325 663 3406 qnando
687 3324 714 3386 is
738 3325 827 3387 valde
851 3343 973 3387 crassus
998 3332 1064 3392 εει,
1098 3323 1203 3385 autin
1232 3324 1328 3399 nube,
1361 3344 1436 3406 quae
1459 3326 1525 3405 jam
1550 3335 1598 3388 εει

239 3433 348 3496 aquea,
373 3415 479 3477 autin
503 3415 635 3494 speculo.

328 3504 408 3566 Nam
441 3505 518 3584 quod
541 3505 571 3565 iu
596 3502 678 3565 cavis
711 3501 842 3581 speculis
874 3500 1021 3580 imagines
1054 3507 1242 3579 spectantem
1275 3499 1354 3562 inter
1382 3508 1414 3561 et
1442 3501 1596 3580 speculum

236 3593 408 3658 consistunt
444 3595 494 3667 (ut
517 3593 635 3655 videtur
661 3593 692 3654 in
723 3598 793 3653 aere
818 3598 849 3653 et
872 3590 959 3671 qnasi
986 3590 1052 3652 eine
1080 3591 1234 3669 corpore),
1266 3588 1405 3669 deceptio
1428 3597 1477 3650 εει
1500 3589 1593 3665 visus,

235 3693 272 3748 ut
293 3683 325 3745 iu
350 3680 468 3761 Opticie
497 3682 684 3763 explicatum
717 3681 795 3742 unde
820 3690 851 3742 et
873 3680 911 3740 ab
936 3678 1150 3758 imaginatione
1179 3678 1298 3756 accepit
1325 3696 1449 3752 nomeu;
1483 3677 1597 3760 inqua

236 3773 323 3836 locus
346 3771 466 3853 quidem
489 3772 519 3834 in
537 3778 607 3833 atre
631 3770 807 3849 concipitur,
832 3768 950 3849 species
974 3769 1043 3848 ipsa
1064 3769 1131 3829 viso
1154 3786 1211 3828 non
1235 3776 1285 3829 εει
1308 3768 1390 3844 alibi,
1414 3766 1473 3828 nisi
1495 3767 1526 3828 in
1541 3787 1596 3831 suo

234 3862 360 3944 proprio
388 3861 526 3941 subjecto
550 3881 604 3922 ceu
628 3861 721 3935 sonte,
751 3859 839 3939 inque
868 3858 954 3920 oculo
978 3856 1160 3937 spectantis,
1194 3855 1268 3918 licet
1293 3875 1401 3919 averso
1425 3876 1444 3918 a
1467 3876 1513 3933 re,
1542 3876 1596 3938 per

235 3949 471 4014 ffluehetionem
494 3972 513 4012 a
536 3949 657 4028 speculo
682 3966 903 4028 repercussam,
934 3948 1019 4009 utin
1045 3944 1164 4026 Opticie
1188 3945 1321 4008 docetur.
1365 3948 1411 4008 At
1434 3946 1521 4009 uobis
1546 3947 1594 4009 hic

231 4039 383 4122 jamnon
407 4048 456 4100 est
478 4039 616 4120 quaestio
640 4040 677 4097 de
701 4039 785 4111 loco,
816 4037 930 4099 sedda
954 4054 1098 4116 corpore,
1133 4034 1211 4116 quod
1239 4035 1385 4115 fulgorem
1411 4035 1515 4109 illum,
1539 4054 1595 4116 quo

235 4129 276 4192 de
299 4127 457 4211 loquimur,
481 4128 765 4209 repraesentaverit.
811 4126 904 4188 Dicat
926 4125 1089 4197 Patricius,
1111 4123 1138 4185 si
1161 4124 1277 4202 placet,
1302 4125 1394 4186 etiam
1417 4124 1479 4187 illic
1503 4125 1595 4186 luisse

235 4219 393 4300 speculum
417 4218 547 4299 aliquod,
573 4217 732 4279 dummodo
756 4235 863 4296 corpus
887 4215 1022 4276 fateatur
1039 4232 1134 4294 neque
1157 4211 1376 4275 immateriatoe
1400 4212 1486 4274 nobie
1509 4213 1595 4293 ignes

235 4307 392 4374 obtrudat.

327 4396 422 4459 Porro
445 4413 541 4475 neque
574 4402 746 4455 automatoe
778 4392 863 4471 ignes
886 4392 965 4453 ullos
995 4391 1155 4452 ostendere
1187 4397 1291 4469 potest
1321 4389 1399 4451 citra
1426 4390 1595 4454 materiam.

234 4485 386 4552 Pisuetae
410 4494 491 4548 certe
516 4503 619 4545 omnes
642 4481 839 4554 rotunditate,
864 4481 1001 4549 maculis,
1026 4479 1184 4554 coloribus,
1209 4479 1402 4541 incrementis
1426 4498 1465 4539 ex
1483 4499 1596 4559 appro-

234 4575 424 4660 pinquando,
449 4572 670 4654 parallaxihns,
696 4571 802 4652 quibus
826 4568 855 4630 in
880 4570 1081 4648 coguitionem
1109 4568 1244 4630 venimus
1272 4586 1373 4628 earum
1397 4577 1499 4630 certae
1523 4570 1596 4630 alti·

235 4663 360 4739 tudinis,
386 4671 552 4744 arguuntur
575 4681 644 4722 esee
668 4678 803 4740 corpora,
829 4677 888 4720 non
912 4658 1106 4720 immateriati
1130 4658 1233 4737 ignes;
1257 4666 1348 4737 atque
1368 4657 1470 4719 horum
1495 4658 1597 4738 aliqua

235 4755 316 4820 aare
339 4752 561 4834 complanatis
584 4750 698 4811 hahent
720 4746 898 4810 communia.
936 4747 971 4808 In
996 4747 1042 4808 his
1062 4746 1163 4808 Terris
1186 4764 1257 4806 vero
1281 4745 1347 4826 quis
1366 4764 1496 4825 unquam
1520 4747 1598 4808 vidit

234 4845 357 4926 iguem,
391 4843 439 4906 cui
462 4859 519 4901 nou
544 4839 636 4901 suerit
662 4837 794 4918 corpus?
835 4837 957 4918 Loquor
980 4835 1017 4897 de
1045 4836 1134 4898 rebus
1164 4834 1362 4896 naturalibus.
1408 4834 1493 4897 Nihil
1515 4835 1595 4898 enim

235 4931 289 4996 hio
311 4951 411 4997 moror
433 4929 569 5011 spiritus,
594 4928 668 4990 nihil
688 4927 798 4990 lumina
812 4925 925 5001 divina,
951 4943 1027 5006 quae
1046 4924 1157 4998 vident,
1183 4922 1232 5003 qui
1247 4925 1296 4986 rel
1315 4924 1435 4986 arcanis
1459 4925 1597 4986 fruuntur

236 5022 381 5108 alloquiis
402 5020 453 5083 vel
476 5018 664 5082 exsecranda
691 5015 866 5080 cmioaitate
898 5015 1077 5078 daemonum
1105 5013 1240 5093 gaudent
1270 5010 1469 5076 commerciis.
1514 5013 1595 5078 Nam
