3692 5842
767 496 849 562 care
867 498 899 547 v.
919 495 944 545 ¹·
1164 467 1172 480 '
1469 487 1535 566 ert

175 672 243 746 das,
266 692 325 735 non
350 692 422 735 vero
446 674 526 736 alter
547 675 578 736 in
602 676 877 753 compensationem
902 674 1026 736 alterius
1054 675 1169 738 amissi.
1216 676 1335 738 Natura
1358 677 1438 739 enim
1461 678 1534 741 nihil

170 764 310 842 jacturae
334 763 480 826 destinat.
527 762 614 826 Situs
638 782 739 825 corum
763 765 790 825 in
816 764 966 825 altissimo
991 764 1070 838 loco,
1097 774 1129 826 nt
1152 765 1235 826 visus
1260 765 1297 826 ad
1322 775 1408 828 tanto
1432 786 1534 828 remo-

175 851 255 914 tiora
277 851 346 914 loca
370 851 565 932 pertingeret.
614 850 690 915 Cum
722 852 799 913 enim
830 862 913 914 terra
942 861 974 914 et
996 872 1078 913 mare
1107 854 1298 932 potissimum
1323 854 1363 916 sit
1395 855 1535 936 sphaeri-

170 957 257 1017 cum,
282 941 388 1004 oculus
411 940 495 1002 nulla
526 942 693 1004 collocatus
717 942 746 1003 in
772 942 957 1003 sublimitate
985 941 1059 1002 nihil
1093 944 1181 1021 plane
1207 943 1243 1003 de
1270 944 1396 1021 planitie
1429 954 1536 1024 posset

173 1031 292 1105 intueri,
318 1040 434 1093 tumore
458 1031 539 1110 globi
568 1050 688 1112 quaqua
711 1050 829 1092 versum
860 1031 1068 1110 praepeditus.
1114 1033 1151 1093 ld
1175 1051 1230 1092 nos
1255 1032 1365 1094 docent
1388 1033 1532 1107 ciconiae,

173 1119 302 1181 maxime
326 1117 576 1198 camelopardali,
603 1129 703 1181 erecto
728 1120 805 1181 collo
830 1121 868 1180 ad
892 1119 989 1181 visum
1013 1130 1044 1181 et
1068 1122 1201 1182 auditum
1230 1139 1328 1183 rerum
1352 1131 1535 1184 remotarum

173 1217 259 1269 tanto
284 1208 505 1270 distinotiorem
529 1208 726 1288 capiendum:
752 1228 842 1287 supra
862 1211 962 1269 ornuia
986 1209 1115 1289 aquilae,
1141 1229 1216 1289 quae
1240 1210 1409 1272 universam
1432 1212 1534 1291 regio-

173 1316 240 1359 nem
263 1297 398 1377 praedae
429 1317 523 1358 causa
551 1299 733 1360 lustraturae
763 1298 903 1358 sublimia
931 1307 1047 1377 petunt.
1096 1297 1197 1369 Quare
1225 1299 1336 1359 clarius
1366 1300 1533 1374 Jesseuius,

172 1405 261 1467 quam
285 1387 444 1461 Platerus,
473 1386 540 1448 ideo
569 1388 712 1449 sublimes
737 1406 803 1447 esse
829 1388 949 1459 oculos,
974 1388 1024 1447 ille
1050 1388 1088 1447 ad
1112 1389 1198 1467 plura
1222 1389 1406 1465 spectanda,
1430 1388 1478 1450 hic
1501 1396 1535 1451 ut

172 1475 292 1555 singula
316 1495 355 1535 ex
379 1475 442 1537 alto
465 1477 571 1537 melius
594 1476 810 1555 perspicerent.
857 1476 937 1538 Nam
961 1475 1038 1555 quod
1062 1477 1182 1555 singula
1206 1476 1325 1551 attinet,
1352 1478 1457 1538 melius
1481 1477 1535 1539 ille

172 1564 382 1645 epropinquo
414 1564 622 1643 inspiciuntur.
670 1565 712 1625 Et
735 1583 886 1625 nummum
910 1565 939 1626 in
971 1574 1082 1625 terram
1114 1566 1283 1644 projectum
1311 1574 1364 1628 aut
1397 1568 1533 1646 plantam

171 1653 317 1716 humilem
350 1653 581 1732 contemplaturi
613 1655 715 1715 oculos
750 1653 945 1714 demittimus.
992 1654 1038 1714 De
1072 1654 1191 1715 homine
1221 1653 1348 1715 Ouidius
1381 1656 1478 1716 ethice
1502 1662 1535 1716 et

173 1762 209 1802 sa
232 1744 350 1805 ienter:

210 1763 229 1823 p
441 1834 587 1903 Pronaque
608 1850 667 1886 cunr
689 1841 817 1901 spectent
837 1832 970 1885 animalia
990 1839 1085 1884 cetera
1106 1840 1208 1886 terram

445 1915 483 1967 Os
504 1913 604 1966 homini
627 1913 744 1966 sublime
766 1913 848 1977 dedit,
872 1913 1031 1982 coelumque
1054 1913 1125 1965 tueri

440 1993 538 2057 Jussit,
561 2001 590 2047 et
611 2000 717 2046 erectos
740 1996 775 2047 ad
796 1994 888 2046 sidera
909 1994 1009 2047 tollere
1030 1992 1133 2048 vultus.

261 2100 308 2161 At
329 2098 453 2180 physice
477 2098 503 2159 si
528 2097 709 2166 consideres,
735 2117 829 2178 neque
854 2098 930 2159 oculi
955 2098 1074 2158 suntin
1099 2098 1211 2158 vertice
1235 2117 1330 2178 neque
1355 2118 1431 2160 cara
1454 2100 1532 2161 oculi

171 2207 301 2263 sursum,
327 2188 381 2248 sed
406 2188 445 2248 ad
469 2187 567 2248 latera
590 2197 621 2247 et
646 2187 784 2247 deorsum
807 2187 938 2247 secundo
962 2205 1035 2247 naso
1059 2186 1155 2264 magis
1178 2195 1295 2267 patent.
1333 2188 1439 2267 Itaque
1465 2209 1531 2250 ser-

171 2276 269 2339 monis
295 2276 496 2337 comnrntandi
530 2294 623 2336 causa
647 2275 690 2336 sic
722 2275 749 2334 in
784 2276 901 2336 homine
926 2275 976 2336 siti
1000 2295 1068 2336 esse
1096 2275 1253 2350 videntur,
1283 2296 1350 2337 cum
1380 2278 1422 2338 sit
1446 2278 1532 2339 homo

172 2366 285 2427 animal
309 2365 454 2426 sociabile
479 2374 511 2425 et
533 2364 698 2443 politicum.
746 2366 819 2443 lpse
846 2365 948 2443 itaque
979 2383 1105 2443 corpora
1128 2365 1166 2425 ad
1194 2366 1372 2427 societatem
1403 2366 1533 2429 invitant

173 2454 271 2536 magis
304 2474 395 2535 quam
428 2452 610 2515 animalium.
657 2454 765 2533 Itaque
795 2454 871 2514 hanc
895 2453 1009 2515 Plateri
1043 2454 1225 2515 sententiam
1249 2458 1297 2527 (ut
1325 2463 1410 2517 recta
1442 2456 1531 2517 rebus

171 2553 404 2624 opponerentur,
429 2543 610 2604 anteriorem
635 2543 732 2603 locum
755 2543 962 2616 obtinuerunt)
988 2544 1065 2622 quod
1090 2543 1240 2604 hominem
1264 2544 1382 2619 attinet,
1407 2545 1531 2623 pulchre

172 2634 210 2694 de
234 2634 295 2694 alio
319 2632 439 2694 bomine
463 2631 574 2693 homiui
603 2632 742 2710 opposito
767 2632 932 2711 acceperis.
981 2633 1054 2692 Alia
1082 2652 1174 2693 causa
1204 2633 1317 2711 petitur
1341 2653 1360 2693 a
1383 2634 1531 2713 dignitate

170 2722 312 2784 hominis.
361 2720 437 2783 (lum
461 2721 639 2782 animalibus
663 2721 772 2782 ceteris
796 2730 902 2800 pestus
928 2721 1088 2795 debeatur,
1114 2722 1261 2783 demissos
1292 2722 1404 2783 habent
1428 2724 1531 2784 oculos

171 2811 210 2871 ad
234 2810 293 2871 sibi
317 2810 464 2891 proxima.
511 2810 606 2870 Homo
636 2820 841 2871 creaturarum
872 2811 1018 2871 dominus
1037 2810 1081 2870 sic
1110 2811 1254 2872 directum
1283 2810 1376 2872 habet
1405 2811 1530 2883 vultum,

170 2909 206 2961 nt
228 2899 380 2975 continue,
405 2900 493 2979 quam
517 2899 579 2959 late
603 2908 730 2977 pateant
754 2899 872 2959 termini
897 2899 1099 2977 possessionis
1119 2919 1201 2973 suae,
1228 2900 1425 2979 contemplari
1451 2899 1530 2962 invi-

170 2996 264 3062 tetur,
288 2988 309 3048 ii
333 2996 404 3049 suut
427 2989 542 3049 coelum
566 2988 672 3066 ipsum,
698 2988 848 3048 montibus
873 2998 907 3048 ut
930 2988 1049 3049 ridetur
1073 2988 1255 3067 contiguum.

261 3075 323 3139 Sed
348 3096 442 3139 causa
465 3096 517 3137 cur
540 3077 569 3137 in
593 3076 671 3137 idem
695 3078 776 3137 latus
800 3086 928 3154 vergant
951 3077 1027 3138 oculi
1052 3087 1083 3137 et
1106 3097 1194 3138 eures
1223 3078 1335 3157 petitur
1359 3078 1529 3139 rectissime

171 3187 192 3228 a
213 3175 312 3240 motu,
347 3166 486 3247 quicum
511 3165 573 3227 fieri
602 3165 738 3226 debuerit
761 3167 790 3226 in
815 3165 893 3226 linea
917 3175 1002 3227 recta
1034 3165 1180 3227 horizonti
1213 3168 1377 3245 parallelo,
1412 3168 1530 3229 omuino

171 3257 269 3318 flexus
302 3256 500 3317 membrorum
525 3262 556 3315 et
586 3254 662 3315 situs
696 3255 934 3315 necessariorum
967 3274 1107 3316 sensuum
1136 3256 1164 3316 iu
1197 3257 1320 3335 plagam
1350 3258 1386 3317 de
1420 3257 1530 3318 circulo

170 3343 337 3406 horizontis
370 3344 496 3405 eandem
527 3362 650 3422 vergere
684 3343 859 3405 debuerunt.
914 3342 1047 3424 Cumque
1081 3342 1217 3405 Galenus
1251 3346 1403 3407 oculorum
1436 3365 1531 3407 causa

170 3442 264 3513 capnt
283 3433 313 3494 in
333 3433 452 3494 sublimi
472 3450 539 3494 esse
563 3432 683 3504 dixerit,
708 3452 774 3493 cunr
795 3453 851 3494 non
877 3441 1003 3512 possent
1022 3433 1098 3493 oculi
1121 3434 1208 3512 longe
1230 3455 1249 3495 a
1267 3436 1390 3495 cerebro
1410 3434 1529 3508 abesse,

170 3524 271 3603 sitque
295 3530 538 3595 consentaneum,
564 3521 631 3582 ideo
647 3530 678 3582 et
697 3523 805 3582 collum
826 3522 958 3583 flexibile
981 3522 1101 3595 lactum,
1127 3530 1159 3582 ut
1179 3522 1217 3581 ad
1237 3541 1282 3597 ea,
1308 3541 1384 3602 quae
1405 3543 1424 3582 a
1444 3531 1529 3601 tergo

171 3620 256 3686 aunt,
282 3610 414 3672 videnda
437 3619 469 3672 et
492 3610 641 3672 audienda
666 3628 772 3671 sensus
802 3611 936 3672 converti
960 3620 1107 3690 possent,
1136 3610 1203 3671 hinc
1232 3630 1289 3671 non
1318 3611 1419 3689 inepte
1443 3628 1528 3671 com-

170 3701 240 3781 poni
273 3699 394 3761 videtur
421 3708 565 3780 tanquam
590 3700 809 3760 exelementis
835 3700 964 3760 ethaeo
989 3699 1198 3761 ratiocinatio:
1228 3699 1295 3761 ideo
1319 3699 1433 3760 vicinus
1457 3717 1527 3759 esse

170 3790 275 3851 oculos
308 3789 448 3863 cerebro,
482 3789 553 3868 quia
586 3788 705 3867 objecta
737 3789 819 3848 visus
853 3797 884 3849 et
918 3790 1037 3850 auditus
1069 3796 1264 3849 sunt‘cause
1297 3788 1395 3850 finalis
1428 3796 1528 3849 motus

172 3880 289 3953 localis,
314 3886 347 3939 et
368 3896 440 3939 vero
463 3886 562 3938 motus
586 3878 690 3939 localis
715 3877 810 3938 omnis
834 3877 862 3938 in
887 3879 1002 3939 cerebri
1026 3877 1150 3939 arbitrio
1175 3878 1251 3940 situs
1275 3888 1332 3940 est.
1371 3878 1414 3939 Ut
1436 3877 1529 3957 igitur

172 3977 256 4031 artus
280 3966 416 4048 corporis
436 3965 540 4047 quovis
556 3967 677 4027 fulmine
697 3966 786 4028 citius
801 3966 839 4026 ad
858 3967 1067 4046 persequenda
1082 3987 1119 4027 ea
1142 3967 1378 4046 accingerentur,
1405 3985 1529 4047 quorum

171 4066 297 4139 spectra
318 4075 374 4137 per
396 4074 504 4117 sensus
528 4057 567 4116 ad
591 4056 745 4117 cerebrum
778 4056 940 4127 ferrentur,
975 4057 1077 4118 oculos
1101 4058 1131 4118 in
1155 4056 1221 4135 ipso
1251 4056 1337 4136 quasi
1370 4056 1529 4135 complexu

171 4146 290 4209 cerebri
313 4146 456 4207 constitui
480 4144 622 4223 oportuit.

260 4236 378 4297 Latent
400 4234 477 4295 oculi
507 4233 616 4311 singuli
640 4232 668 4292 iu
694 4231 821 4293 cameris
855 4232 979 4312 singulis
1010 4233 1183 4295 securitatis
1213 4253 1326 4308 eausa;
1359 4232 1530 4313 prominent

171 4333 285 4398 tamem
310 4343 348 4385 ne
371 4323 517 4384 lateribus
540 4341 676 4382 camerae
701 4320 835 4400 impediti
861 4342 919 4383 non
948 4331 1073 4400 possent
1098 4323 1126 4383 in
1151 4332 1247 4384 totum
1276 4320 1527 4401 hemisphaerium

171 4434 228 4476 uno
262 4412 374 4475 intuitu
404 4411 588 4492 prospicere.
635 4412 680 4470 At
707 4430 773 4471 cum
807 4411 911 4472 totalis
941 4411 997 4471 iste
1034 4420 1211 4490 prospectus
1240 4431 1297 4473 non
1330 4419 1436 4491 posset
1460 4427 1528 4470 esse

172 4504 336 4565 distinctus
358 4500 421 4578 nisi
440 4502 470 4561 in
500 4499 617 4573 medio,
653 4519 671 4558 a
702 4499 847 4560 lateribus
880 4519 949 4560 vero
983 4500 1124 4560 confusus
1157 4510 1257 4569 esset,
1290 4508 1403 4561 motum
1433 4497 1528 4559 oculis

172 4592 282 4654 adesse
306 4590 491 4652 celerrimum
516 4589 656 4668 oportuit,
683 4607 739 4668 quo
763 4589 869 4652 melius
892 4596 1070 4668 prospectus
1095 4589 1307 4650 transferretur
1331 4588 1368 4649 ad
1394 4587 1528 4667 singulas

139 4741 150 4760 ,
172 4680 388 4762 hemisphaerii
410 4687 525 4759 partes.

262 4768 419 4850 Amplius:
444 4787 510 4829 cum
533 4766 595 4828 bini
619 4765 696 4828 oculi
721 4764 782 4826 sint
805 4765 843 4826 ob
867 4764 1083 4827 discernendas
1107 4784 1204 4827 rerum
1229 4765 1404 4839 distantias,
1429 4765 1529 4827 direc-

172 4859 256 4938 tione
279 4858 356 4940 ipsis
380 4877 433 4920 seu
456 4856 643 4918 contortione
675 4855 855 4916 creberrima
882 4873 957 4933 opus
991 4855 1062 4929 luit,
1097 4874 1172 4934 qnae
1205 4853 1309 4915 itidem
1338 4863 1437 4916 motus
1469 4861 1526 4916 est.

172 4948 242 5011 Non
264 4967 339 5011 vero
363 4945 553 5027 expediebat,
578 4944 681 5006 oculos
705 4944 761 5005 hoc
784 4951 867 5005 motu
891 4950 996 5005 centro
1021 4963 1074 5004 suo
1091 4942 1231 5005 emoveri.
1266 4944 1307 5005 Ut
1330 4943 1421 5022 igitur
1440 4961 1530 5023 super

173 5045 278 5103 centro
306 5044 515 5112 mouerentur,
546 5033 722 5114 sphaericos
755 5032 886 5096 exterius
917 5051 986 5094 esse
1014 5033 1161 5111 oportuit,
1195 5032 1253 5094 nisi
1277 5041 1425 5112 quatenus
1449 5032 1531 5097 intra

1257 5136 1317 5196 15*
