3692 5842
1449 431 1512 484 a·
1553 433 1697 484 nbu-
1737 433 1942 499 ομιοιι.
2958 437 3044 506 03

325 599 498 651 circuli
538 615 629 654 reu
654 598 773 664 600,
815 610 1040 656 conti-mu
1075 609 1183 672 ejus
1206 608 1284 666 Δ,
1328 614 1507 673 quarta

324 670 558 722 diametri
594 671 643 723 Ι..
718 673 937 727 Necesse
981 683 1060 727 est
1102 693 1273 730 omnes
1328 679 1492 730 radios

320 739 589 805 paralleloe
635 760 669 795 a
709 743 824 796 Sole
868 748 935 797 ad
976 748 1072 798 hoc
1118 750 1371 813 speculum
1405 750 1490 800 de-

317 813 498 862 mine·
539 817 730 867 reflecti
771 832 938 868 versus
976 827 1205 884 quartam
1247 820 1277 869 λ.
1321 828 1373 871 et
1428 822 1495 871 ibi

319 884 493 949 colligi
539 888 593 936 in
639 889 833 940 circello
874 892 1051 955 exigno
1105 906 1196 942 seu
1239 894 1399 943 verius
1441 894 1493 943 in

319 954 508 1006 lineola
546 956 644 1009 20.
717 960 816 1010 Hic
867 968 945 1010 est
979 962 1117 1012 focus
1161 970 1367 1028 quartae
1410 966 1494 1013 in-

319 1025 472 1077 fimae
509 1027 812 1088 adhaerens.
864 1034 944 1082 cui
990 1035 1032 1081 si
1076 1034 1370 1085 adhibeatur
1417 1036 1489 1085 fo·

319 1111 458 1154 mes,
503 1099 674 1166 ignem
718 1103 890 1153 statim
930 1105 1169 1169 concipit,
1225 1106 1356 1170 quod
1391 1121 1489 1155 nou

319 1169 511 1219 accidit
549 1177 722 1222 centro
752 1174 813 1223 Δ.
858 1175 1017 1225 Arcus
1041 1176 1229 1240 speculi
1253 1176 1358 1226 HK
1374 1191 1489 1240 sup·

318 1240 522 1305 ponitur
560 1238 685 1302 300,
729 1259 846 1311 ergo
869 1246 1035 1296 radius
1072 1246 1202 1298 Solis
1242 1248 1338 1298 ΤΚ
1369 1249 1491 1297 inci·

319 1310 445 1361 dens
497 1314 551 1363 in
606 1316 796 1379 speculi
852 1324 1089 1381 punctum
1126 1318 1182 1370 K
1224 1326 1493 1369 extremum

318 1382 594 1434 reflectitur
618 1386 686 1436 ad
717 1395 957 1451 punctum
984 1389 1212 1439 diametri
1248 1387 1317 1446 0,
1366 1389 1493 1454 quod

317 1467 408 1518 per
432 1468 679 1505 canonem
703 1459 1059 1523 triangulorum
1086 1460 1241 1510 distat
1265 1475 1297 1509 a
1316 1469 1496 1525 quarta

319 1524 548 1576 diametri
573 1523 605 1574 λ
646 1528 753 1579 fere
797 1525 882 1592 ¹l2.
923 1532 1075 1580 totius
1109 1531 1338 1581 diametri
1382 1546 1491 1593 spe·

319 1595 437 1647 enli-
512 1597 713 1663 Reliqui
753 1600 881 1650 radii
924 1600 1122 1652 Solares
1167 1599 1237 1664 (e.
1283 1619 1332 1667 g.
1373 1599 1491 1661 VI.)

315 1667 643 1720 reflectuntur
691 1671 758 1721 ad
801 1672 1096 1722 diametrum
1141 1674 1218 1723 ita
1257 1682 1315 1723 ut
1358 1674 1495 1722 illam

316 1738 625 1792 intersecant
645 1743 776 1792 inter
802 1741 846 1792 0
872 1750 924 1793 et
942 1740 990 1804 λ,
1020 1750 1071 1794 et
1094 1745 1297 1807 proinde
1324 1758 1494 1793 omnes

316 1809 617 1875 colliguntur
653 1815 868 1877 proxime
897 1821 1125 1878 quartam
1164 1812 1211 1863 λ.
1266 1814 1408 1876 Quod
1452 1815 1492 1862 si

309 1884 428 1944 jam
470 1884 700 1934 conferas
749 1886 1056 1949 superficiem
1106 1887 1255 1935 totins
1305 1886 1492 1951 speculi

313 1953 461 2004 rm<
498 1951 650 2019 (quod
694 1964 963 2006 assumtum
1013 1966 1090 2007 est
1117 1953 1236 2018 600)
1283 1973 1395 2008 cum
1437 1956 1748 2021 portiuncula
1783 1955 1870 2005 illa
1896 1963 1986 2004 tua
2011 1956 2193 2006 dimidii
2240 1959 2437 2022 graduS.
2479 1976 2606 2025 quae
2641 1964 2748 2013 sola
2792 1965 2857 2014 ad
2891 1974 3028 2017 cent·

312 2041 424 2075 rum
476 2026 641 2075 radios
686 2028 926 2085 reflectit,
970 2030 1327 2093 proportionem
1367 2027 1701 2093 deprehendes
1746 2027 2150 2091 termillecuplam
2197 2037 2247 2077 et
2294 2033 2699 2096 quingentuplam
2751 2037 2828 2085 vel
2878 2039 3030 2086 etiam

311 2099 569 2159 majorem.
622 2098 697 2147 Ex
737 2114 831 2163 quo
879 2100 1197 2149 manifestum
1237 2099 1312 2155 fit.
1352 2100 1515 2149 radios
1559 2100 1608 2146 in
1651 2099 1759 2148 foco
1784 2114 1934 2162 prope
1961 2106 2188 2163 quartam
2215 2098 2244 2147 λ
2280 2102 2510 2152 collectos
2557 2102 2762 2152 350010³
2797 2121 3031 2170 superare

311 2183 424 2226 eos,
475 2170 558 2233 qui
585 2168 652 2219 ad
692 2177 915 2220 centrum
958 2171 1306 2224 reflectuntur.
1361 2177 1417 2220 ut
1465 2177 1727 2234 propterea
1757 2172 1934 2227 mirum
1975 2186 2074 2218 non
2115 2173 2208 2224 sit.
2253 2173 2319 2221 ibi
2364 2175 2523 2237 potius
2549 2190 2696 2239 quam
2736 2176 2814 2227 hic
2855 2179 3023 2242 ignem

310 2240 551 2297 accendi,
594 2247 645 2290 et
668 2241 871 2305 proinde
913 2242 1008 2292 foci
1052 2242 1433 2306 appellationem
1469 2248 1676 2305 quartae
1718 2241 1945 2290 diametri
1982 2239 2012 2287 λ
2053 2241 2236 2299 deberi,
2280 2259 2377 2294 uon
2418 2253 2598 2295 centro.

490 2365 897 2446 Keplerus:
973 2367 1064 2427 De
1111 2365 1342 2446 Magini
1394 2366 1638 2446 speculo
1686 2383 1877 2445 neque
1941 2365 2050 2426 tibi
2098 2386 2213 2447 ego
2263 2368 2484 2448 digitos
2532 2371 2778 2451 eripiam
2828 2393 3018 2456 neque

311 2465 376 2517 tu
424 2454 567 2518 mihi
617 2455 912 2529 rationes;
961 2474 1100 2517 nam
1147 2475 1350 2518 verum
1400 2466 1711 2535 utrumque
1761 2461 1878 2515 est.
1948 2452 2145 2517 Sumit
2192 2457 2292 2517 ille
2343 2459 2505 2520 fundi
2537 2462 2765 2540 speculi
2816 2483 3019 2527 arcum

310 2539 462 2618 60⁰3
513 2546 569 2606 si
615 2554 881 2607 sumeret
925 2540 1073 2617 900,
1123 2546 1309 2625 plana
1354 2554 1518 2607 esset
1565 2543 2000 2605 demonstratio
2049 2545 2122 2605 de
2174 2543 2286 2607 GP
2333 2549 2510 2626 paulo
2559 2550 2786 2613 minore
2837 2572 3018 2633 quam

306 2644 527 2716 quarta
571 2635 762 2714 ipsius
809 2632 951 2696 AG.
1045 2636 1258 2714 Itaque
1304 2634 1364 2696 in
1398 2632 1456 2695 G
1505 2633 1704 2695 radiat
1750 2651 2001 2712 magnus
2047 2653 2254 2713 margo
2283 2635 2403 2697 AG
2424 2633 2535 2712 (ἓ),
2584 2658 2791 2719 margo
2841 2642 3024 2704 altior

304 2724 513 2788 radiat
571 2724 730 2786 infra
777 2722 868 2797 G,
918 2723 1193 2784 humilior
1239 2742 1423 2802 supra
1471 2720 1548 2785 G.
1643 2720 1916 2783 Sentitur
1964 2730 2165 2785 autem
2212 2726 2468 2787 maxime
2514 2727 2568 2787 is
2617 2748 2851 2808 marg0,
2923 2732 3023 2811 qui

305 2822 405 2876 est
450 2812 771 2876 maximus.
864 2814 1077 2891 Itaque
1125 2812 1177 2874 si
1222 2811 1456 2891 Magini
1502 2811 1807 2891 speculum
1856 2811 2039 2873 etiam
2088 2823 2326 2875 careret
2373 2816 2578 2889 fund0,
2630 2817 2838 2879 relicto
2894 2819 3024 2881 solo

305 2902 602 2982 margine,
650 2902 910 2963 radiatio
940 2910 1105 2963 esset
1150 2920 1338 2981 aeque
1389 2901 1578 2963 fortis.
1671 2901 1843 2961 Haec
1891 2900 2215 2962 delineatio
2264 2913 2432 2964 caret
2477 2904 2647 2966 vitio.
2729 2905 3039 2970 Radiatio-

304 2989 424 3062 QD
473 2990 877 3070 repercutitur
919 2992 980 3052 in
1027 2991 1111 3065 H,
1164 2990 1304 3070 quia
1349 2987 1492 3063 QD,
1562 2990 1679 3051 ΒΗ
1726 2997 1869 3050 sunt
1916 2990 2112 3050 latera
2158 2994 2512 3071 sexanguli3
2586 2994 2675 3056 sic
2720 2995 2848 3069 RB,
2884 2995 3020 3060 WC

303 3079 361 3142 in
410 3080 510 3154 Μ,
559 3080 703 3160 quia
739 3088 880 3142 sunt
926 3080 1124 3141 latera
1170 3077 1563 3160 quadranguli
1611 3078 1742 3152 RB,
1774 3076 1906 3152 ΒΟ,
1947 3076 2101 3140 WC.
2197 3080 2492 3159 Marginis
2542 3081 2720 3161 igitur
2768 3085 2879 3146 BD
2913 3106 3020 3148 ra-

307 3168 504 3232 diatio
552 3169 858 3248 spargitur
904 3187 1012 3248 per
1056 3169 1201 3242 HM,
1253 3167 1539 3247 marginis
1585 3168 1716 3240 BL,
1759 3165 1866 3228 ΟΕ
1913 3166 2171 3228 radiatio
2220 3187 2328 3247 per
2373 3170 2499 3232 MN
2547 3173 2882 3252 spargitur;
2932 3175 3020 3236 sic

301 3258 446 3332 LK,
495 3258 606 3319 EF
650 3276 758 3336 per
801 3256 953 3332 ΝΟ,
1003 3265 1068 3319 et
1112 3258 1235 3328 KI,
1283 3256 1395 3322 FG
1443 3275 1551 3336 per
1590 3255 1725 3329 ΟΡ,
1788 3254 2039 3335 denique
2085 3257 2206 3331 IH,
2266 3256 2386 3319 HG
2427 3278 2534 3339 per
2579 3261 2711 3323 PA.
2789 3263 3019 3326 Verum

304 3347 488 3427 igitur
538 3355 638 3408 est
681 3346 837 3427 quod
886 3346 1047 3420 dicO,
1100 3346 1295 3407 focum
1341 3345 1399 3405 in
1449 3345 1692 3423 speculo
1741 3344 2057 3423 sphaerico
2104 3365 2368 3407 concavo
2401 3366 2675 3425 sparsum
2726 3369 2860 3412 esse
2907 3370 3018 3430 per

299 3436 421 3500 HA
471 3435 852 3497 diametrum.
946 3434 1036 3497 At
1079 3434 1343 3497 vicissim
1391 3434 1538 3494 illud
1596 3451 1824 3513 quoque
1883 3452 2084 3495 verum
2134 3444 2261 3511 ost,
2330 3435 2388 3497 in
2435 3437 2503 3498 M
2550 3440 2831 3517 majorem
2881 3459 3014 3501 esse

304 3524 657 3587 violentiam
704 3524 1023 3600 radiorum,
1073 3543 1247 3604 quam
1287 3522 1346 3584 in
1391 3522 1471 3597 N,
1505 3521 1581 3597 O,
1631 3522 1680 3583 P
1710 3523 1804 3584 vel
1831 3521 1914 3584 A.
2010 3520 2213 3583 Causa
2259 3532 2356 3586 est
2403 3525 2573 3599 haec,
2622 3527 2759 3607 quia
2811 3548 3017 3606 margo

303 3612 411 3676 CB
458 3622 560 3676 est
606 3614 797 3692 major
843 3632 1023 3693 quam
1069 3613 1204 3686 EL,
1255 3612 1364 3673 ΕΚ
1410 3612 1508 3674 vel
1549 3610 1661 3673 GI.
1755 3614 2048 3674 Attamen
2097 3611 2148 3672 si
2197 3631 2271 3672 ex
2319 3613 2546 3676 duabus
2595 3615 2867 3694 sphaeris
2917 3616 3011 3677 in-

301 3703 578 3784 aequalis
625 3702 1089 3781 magnitudinis,
1158 3720 1404 3783 quarum
1465 3700 1744 3761 diametri
1804 3706 2014 3761 essent
2060 3699 2117 3761 in
2173 3701 2558 3780 proportione
2609 3702 2712 3765 ΟΒ
2773 3704 2848 3764 ad
2899 3703 3012 3778 GI,

299 3813 373 3855 ex
419 3794 648 3873 majore
695 3801 1027 3854 sumeretur
1072 3810 1279 3871 margo
1329 3788 1450 3864 GI,
1514 3808 1588 3850 ex
1643 3789 1869 3852 minore
1926 3808 2130 3867 margo
2181 3788 2314 3865 ΟΒ,
2385 3790 2471 3852 sic
2529 3798 2598 3853 ut
2646 3790 2737 3853 GI
2794 3801 2856 3855 et
2907 3792 3013 3855 ΟΒ

297 3893 508 3948 essent
552 3883 860 3964 aequaleS,
912 3891 1053 3944 tunc
1099 3887 1262 3943 certe
1309 3878 1625 3940 violentior
1662 3886 1830 3940 esset
1873 3875 2138 3940 incensio
2187 3878 2245 3939 in
2292 3879 2343 3940 P
2382 3898 2557 3959 quam
2605 3880 2665 3941 in
2711 3882 2805 3957 M,
2873 3884 3015 3963 quia

298 3974 545 4038 reflexio
594 3970 687 4035 GI
726 3972 938 4034 fortior
994 3979 1092 4032 est
1136 3988 1313 4050 quam
1360 3967 1604 4029 reflexio
1655 3965 1790 4041 CB,
1858 3975 1921 4028 et
1966 3966 2107 4046 quia
2169 3986 2266 4030 res
2314 3968 2372 4029 in
2422 3969 2488 4029 M
2537 3968 2742 4048 posita
2789 3972 3012 4034 avertit

299 4061 455 4139 CM,
504 4063 633 4125 ΒΜ
680 4062 758 4123 ad
796 4062 1109 4142 oppositas
1154 4060 1398 4140 plagaS,
1446 4055 1506 4116 in
1553 4055 1605 4116 P
1652 4074 1792 4116 vero
1842 4056 2042 4136 posita
2088 4057 2312 4135 excipit
2360 4056 2500 4131 GP,
2546 4059 2631 4120 131>
2677 4079 2753 4121 ex
2799 4061 3010 4122 eadem

298 4153 499 4233 plaga.
597 4151 792 4213 Vides
839 4152 1022 4231 igitur
1066 4168 1180 4210 non
1232 4148 1482 4208 formam
1529 4145 1639 4206 sed
1684 4145 2087 4223 quantitatem
2135 4146 2368 4208 efficere
2428 4146 2610 4209 istam
2657 4148 3007 4210 violentiam

299 4240 658 4304 incensionis
705 4240 765 4302 in
813 4247 1030 4320 quarta
1075 4247 1182 4300 tua
1246 4233 1551 4307 diametri,
1620 4240 1690 4294 ut
1736 4233 2074 4312 quantitate
2114 4244 2391 4297 manente
2443 4236 2633 4298 forma
2678 4256 2820 4299 vero
2870 4256 3004 4299 mu-

297 4338 426 4392 tata
462 4330 703 4392 omnino
752 4329 966 4391 fortior
1012 4327 1118 4387 fiat
1163 4325 1450 4387 incensio.
1546 4322 1880 4382 Videamus
1927 4340 2069 4382 vero
2118 4322 2303 4384 etiam
2342 4325 2414 4385 de
2462 4324 2602 4399 hoc,
2655 4346 2729 4386 an
2763 4324 2882 4386 OH
2928 4326 3010 4387 sit

295 4427 510 4499 quarta
568 4417 850 4481 diametri
904 4417 1002 4478 vel
1061 4415 1183 4480 ΑΗ
1256 4416 1351 4476 vel
1416 4411 1527 4475 FK
1574 4409 1821 4491 speculi.
1918 4408 2072 4473 Cum
2134 4412 2318 4490 igitur
2373 4414 2483 4473 ΕΗ
2548 4413 2630 4473 sit
2676 4409 2822 4486 30⁰,
2894 4413 3009 4477 erit

295 4507 438 4572 FAo
483 4504 638 4580 300,
683 4508 870 4587 igitur
913 4506 1014 4568 Ao
1059 4500 1308 4570 86603,
1357 4510 1421 4564 et
1466 4502 1553 4563 oF
1598 4497 1837 4563 50000.
1933 4499 2015 4560 Et
2064 4517 2195 4561 cum
2230 4500 2400 4563 YFO
2448 4501 2545 4562 vel
2576 4500 2722 4563 FO&
2749 4501 2833 4563 sit
2863 4498 3003 4577 60⁰,

296 4596 554 4675 qualium
609 4596 795 4676 igitur
840 4598 927 4658 1³6
972 4590 1192 4659 50000
1249 4592 1461 4654 talium
1524 4585 1615 4650 60
1665 4581 1915 4661 288673
1966 4607 2117 4668 quae
2167 4590 2335 4650 aufer
2382 4611 2419 4651 a
2465 4591 2593 4664 δΑ,
2640 4598 2839 4652 restat
2884 4590 3003 4655 AO

297 4682 544 4761 57736,
594 4694 659 4748 et
702 4686 855 4748 haec
901 4684 978 4746 ab
1030 4683 1148 4745 ΑΗ
1191 4680 1401 4743 ablata
1446 4676 1730 4757 relinquit
1760 4675 1879 4738 OH
1923 4672 2172 4751 42264,
2223 4679 2415 4740 minus
2463 4697 2639 4758 quam
2690 4679 3003 4744 dimidium

294 4773 439 4851 An,
493 4775 690 4840 minus
737 4775 921 4838 etiam
970 4790 1146 4854 quam
1193 4778 1471 4850 quartam
1518 4766 1799 4828 diametri
1856 4766 2179 4844 sphaerae,
2248 4768 2441 4829 minus
2503 4767 2760 4847 denique
2821 4787 3004 4851 quam

297 4861 596 4929 dimidium
637 4863 754 4927 ΕΚ
799 4862 1075 4926 diametri
1120 4858 1369 4938 speculi.
1465 4855 1644 4929 Quod
1690 4855 1741 4917 si
1773 4852 1937 4917 CHB
1986 4854 2070 4915 sit
2099 4849 2248 4930 900,
2299 4853 2404 4918 ΟΒ
2453 4864 2549 4918 est
2595 4856 2755 4919 latus
2803 4859 3001 4937 quad-

297 4952 410 5016 rati
451 4952 675 5018 “AM
719 4952 1069 5027 semilatus,
1119 4946 1357 5012 70711.
1435 4949 1645 5026 Itaque
1676 4943 1802 5006 ΜΗ
1832 4940 2079 5019 29289,
2129 4944 2309 5024 paulo
2355 4945 2492 5025 plus
2540 4963 2722 5024 quarn
2768 4947 2999 5027 quinta,
