3692 5842
345 482 409 551 17²
782 535 784 539 .
813 487 1003 552 Paralipomena
1021 490 1046 538 m
1065 487 1231 538 Vitelliemm.

343 665 449 726 eadem
468 673 561 739 recta,
587 685 651 726 curn
672 684 774 729 omnes
790 666 894 727 sintin
914 666 1062 727 communi
1082 667 1224 730 sectione.
1264 667 1426 728 Praeterea
1441 674 1473 727 et
1487 666 1537 736 (E.
1553 665 1611 736 Xl.
1630 660 1697 735 19).

342 754 418 816 haec
442 755 605 816 communis
638 756 734 816 sectio
763 755 821 816 erit
851 755 1107 834 perpendicularis
1135 774 1225 835 super
1253 757 1377 817 eandem
1411 756 1624 833 refringentem
1649 754 1697 815 rel

343 844 593 923 repercutientem
618 844 814 925 superficiem.
862 843 965 915 Quare
988 863 1103 905 rursum
1132 865 1235 906 omnes
1258 844 1300 905 rei
1325 845 1408 905 visae
1438 844 1585 922 imagines
1610 851 1698 904 eruut

343 931 371 993 iu
395 933 633 1014 perpendiculari
658 953 696 994 ex
718 953 749 995 re
769 934 799 995 in
823 933 1009 1012 superficiem
1033 952 1085 993 seu
1116 934 1327 1013 refringeutem
1351 953 1404 995 seu
1427 933 1697 1012 repercutientsm:

343 1022 430 1103 idque
453 1029 592 1096 eatenus,
628 1031 775 1103 quatenus
803 1022 950 1083 distantia
982 1030 1159 1102 punctomm
1182 1024 1225 1084 rei
1257 1024 1340 1084 visae
1365 1023 1404 1084 ad
1429 1023 1541 1084 dictum
1574 1022 1697 1083 modum

342 1130 394 1174 εειι
418 1130 472 1192 per
502 1111 587 1173 binos
620 1112 721 1173 oculos
753 1131 805 1172 seu
838 1129 892 1189 per
926 1112 1011 1172 unius
1043 1112 1120 1173 oculi
1154 1113 1331 1175 diametrum
1366 1111 1534 1173 latitudinis
1567 1112 1697 1191 capitur.

343 1198 478 1281 Cumque
503 1201 546 1275 (in
571 1201 686 1280 specie)
712 1199 882 1281 superficies
912 1201 1073 1279 sphaeram
1101 1202 1391 1281 perpendiculariter
1413 1221 1521 1263 secans
1545 1219 1600 1281 per
1624 1219 1698 1261 ceu-

341 1297 419 1351 trum
443 1290 509 1368 ejus
532 1298 679 1363 trauseat,
705 1308 797 1370 quare
822 1298 852 1349 et
875 1289 981 1351 talium
1006 1290 1129 1350 duarum
1154 1291 1317 1353 communis
1338 1292 1443 1365 sectio,
1470 1291 1526 1351 hoc
1546 1297 1595 1351 est
1618 1289 1699 1350 linea

341 1378 504 1457 imaginum
527 1389 560 1440 et
581 1380 624 1441 rei
648 1378 775 1440 risibilis
798 1396 852 1457 per
876 1387 1009 1439 centrum
1034 1380 1186 1441 transibit.

428 1468 496 1529 Nou
520 1467 611 1547 igitur
633 1470 754 1529 occulta
776 1475 886 1528 natura
908 1467 994 1540 lucis,
1021 1485 1079 1528 non
1104 1478 1229 1531 naturae
1254 1469 1433 1531 universalis
1458 1466 1619 1545 ingenium,
1646 1465 1699 1527 sed

341 1556 408 1616 sola
430 1557 514 1617 visus
540 1558 669 1618 latitudo
693 1557 772 1618 inter
804 1575 913 1617 causas
943 1556 1105 1631 concurrit,
1141 1578 1193 1621 cur
1216 1560 1299 1619 visus
1333 1557 1492 1636 imaginem
1516 1565 1646 1635 reponat
1669 1555 1697 1615 iu

341 1646 593 1725 perpendiculari.

332 1747 341 1760 ·
431 1735 602 1814 Propositio
635 1734 753 1795 XVlll.
811 1732 899 1804 Quod
933 1733 959 1793 si
991 1732 1085 1794 visum
1119 1735 1209 1796 aliter
1246 1736 1395 1816 applices,
1433 1735 1476 1795 sic
1510 1744 1544 1793 ut
1577 1737 1700 1804 (contra

341 1827 494 1897 naturam)
517 1824 671 1905 utriusque
695 1822 771 1883 ocrrli
797 1823 838 1882 sit
861 1822 966 1883 eadem
991 1823 1163 1902 superficies
1192 1824 1370 1886 retractoria
1392 1823 1440 1884 rel
1464 1821 1697 1901 repercusseria,

684 1922 736 1985 Γῆς.
758 1918 802 1967 57.
1138 1914 1202 1990 jam
1245 1916 1333 1993 plane
1375 1912 1526 1973 diversum
1569 1910 1697 1971 accidet.

1100 2018 1119 2067 c
1145 2004 1176 2063 ln
1201 2003 1342 2064 convexis
1367 2002 1443 2062 enim
1468 2000 1600 2079 speculis
1616 2009 1648 2059 ει
1669 1999 1697 2060 iu

1141 2093 1247 2153 mediis
1267 2090 1456 2152 densioribus
1475 2090 1622 2168 imagines
1642 2107 1697 2149 ex·

1141 2180 1249 2242 cedent
1279 2201 1294 2242 a
1322 2179 1562 2260 perpendiculari
1596 2186 1629 2238 et
1660 2177 1699 2238 ad

1139 2271 1236 2331 risum
1260 2271 1414 2332 accedent.
1462 2267 1551 2339 Quod
1574 2277 1610 2329 ut
1633 2265 1698 2327 cui-

1140 2378 1194 2439 que
1210 2367 1357 2439 promtum
1372 2367 1420 2419 est
1434 2358 1593 2438 explorare
1608 2365 1697 2435 atque

1139 2449 1231 2510 etiam
1252 2448 1323 2510 mini
1339 2467 1392 2526 per
1409 2446 1626 2526 experientiam
1642 2445 1699 2506 suit

1138 2540 1314 2617 probatum:
1351 2539 1393 2597 ita
1412 2538 1475 2614 jam
1500 2536 1575 2598 lucis
1605 2554 1698 2596 causa

1139 2626 1361 2688 demonstrabo.

1206 2713 1696 2795 Sitprimumsuperticiessphae-

1139 2807 1202 2867 rica
1237 2824 1372 2867 convexa
1409 2801 1484 2874 EG,
1522 2811 1628 2864 centro
1660 2802 1695 2864 L.

1138 2894 1285 2958 Punctum
1319 2894 1440 2955 radians
1472 2893 1502 2953 in
1532 2891 1579 2965 D,
1614 2891 1696 2953 risus

1139 2985 1167 3044 in
1185 2983 1250 3058 CH,
1276 3004 1351 3064 quae
1374 2982 1461 3044 sitin
1486 2981 1592 3042 eadem
1618 2982 1697 3042 linea

1139 3092 1204 3133 cnm
1228 3074 1272 3147 L,
1307 3081 1340 3134 ut
1373 3071 1490 3133 scilicet
1522 3071 1696 3150 superficies

1138 3162 1328 3223 retractionis
1341 3181 1395 3240 per
1405 3170 1562 3240 utrumque
1578 3160 1695 3220 oculum

1139 3250 1163 3314 C
1197 3261 1230 3311 et
1261 3252 1289 3310 H
1325 3253 1365 3312 sit
1406 3250 1520 3311 eadem.
1578 3249 1696 3309 Puncta

1139 3360 1362 3419 repercusserunt
1388 3340 1447 3399 sint
1472 3339 1507 3408 E,
1533 3335 1574 3397 G.
1611 3337 1694 3399 Con-

1139 3439 1297 3491 nectantur
1329 3429 1394 3503 DE,
1428 3425 1491 3500 EC,
1526 3425 1596 3498 DG,
1624 3427 1693 3498 Gll,

1139 3528 1170 3579 et
1192 3521 1401 3580 continuentur
1425 3514 1488 3584 cl).
1504 3514 1574 3587 HG,
1601 3517 1695 3577 donec

1138 3616 1325 3669 concurrant.
1352 3606 1399 3668 Sit
1415 3625 1577 3666 concursus
1598 3625 1693 3685 puuc-

338 3704 400 3760 tum
425 3699 458 3761 S.
507 3700 666 3768 Ducuntur
695 3701 786 3761 etiarn
817 3702 1027 3780 contingentes
1056 3699 1196 3759 circulum
1220 3697 1249 3757 in
1275 3694 1313 3768 G,
1340 3696 1375 3767 E,
1400 3696 1517 3775 sintque
1542 3693 1611 3765 Ao,
1637 3695 1694 3756 OK

336 3796 369 3847 et
391 3797 608 3850 connectantur
641 3798 753 3869 puncta
779 3788 817 3861 G,
842 3790 868 3850 E
893 3800 995 3862 recta,
1030 3806 1105 3866 quae
1137 3786 1326 3846 continuetur
1359 3786 1496 3864 utrinque
1527 3784 1556 3845 in
1586 3785 1630 3856 M,
1655 3785 1693 3846 N.

336 3873 412 3938 Cum
436 3895 508 3956 ergo
533 3878 618 3938 DEK
643 3880 685 3939 sit
708 3880 844 3957 aequalis
869 3880 978 3958 angulo
1005 3876 1104 3946 CEO,
1129 3876 1226 3936 minor
1253 3893 1324 3936 vero
1354 3875 1437 3935 DEN
1463 3874 1572 3953 angulo
1596 3873 1693 3942 DEK.

335 3964 430 4025 minor
459 3985 530 4043 ergo
555 3977 587 4027 et
611 3967 698 4028 DEN
731 3968 840 4046 angulo
866 3967 968 4041 CEO,
1001 3975 1032 4027 et
1064 3965 1110 4026 bis
1140 3965 1235 4024 minor
1268 3964 1325 4024 erit
1353 3964 1438 4024 DEN
1471 3963 1580 4041 angulo
1606 3962 1694 4024 CEM

336 4053 451 4131 majori.
499 4056 540 4116 Et
573 4076 638 4117 cnm
672 4057 714 4117 sit
737 4054 826 4117 DGO
861 4057 997 4136 aequalis
1031 4053 1139 4132 angulo
1169 4051 1260 4114 ΗΘΛ
1292 4055 1344 4124 (ex
1378 4053 1443 4130 lege
1473 4056 1693 4130 repercussus),

335 4142 430 4222 major
454 4162 527 4204 vero
550 4143 639 4205 DGE
664 4163 753 4227 quam
778 4143 882 4217 DGO,
907 4146 1004 4225 major
1028 4163 1099 4223 ergo
1123 4141 1210 4203 DGE
1234 4161 1321 4221 quam
1346 4140 1450 4211 ΗΘΛ,
1474 4140 1575 4202 ethis
1599 4142 1696 4221 major

335 4251 423 4313 quam
449 4233 542 4294 llGM
566 4235 674 4294 minor.
722 4233 780 4294 Est
803 4252 873 4296 vero
898 4234 987 4296 EDG
1011 4232 1182 4294 differentia
1211 4232 1291 4291 inter
1313 4231 1399 4294 li'El)
1423 4231 1567 4309 majorem
1591 4231 1694 4292 immi·

336 4328 438 4383 nutum
463 4330 495 4383 et
519 4322 606 4384 EGD
630 4323 785 4397 minorem,
811 4323 864 4384 sed
888 4325 1053 4386 auratiorem
1078 4321 1235 4381 redditum.
1284 4319 1400 4381 Contra
1419 4318 1499 4380 ESG
1524 4320 1694 4382 differentia

334 4420 383 4471 εει
413 4410 490 4473 inter
520 4410 606 4474 CEG
639 4413 784 4490 majorem
820 4414 984 4475 auctiorem
1023 4410 1172 4471 redditum
1205 4409 1310 4470 eadem
1343 4429 1501 4481 mensura,
1533 4422 1565 4469 et
1596 4409 1692 4471 llGlll

336 4499 478 4561 minorem
511 4500 699 4562 imminutum
729 4520 846 4562 rursum
877 4504 983 4564 eadem
1018 4498 1199 4580 quantitate.
1246 4496 1349 4567 Quare
1374 4498 1453 4559 ESG
1480 4500 1572 4558 multu
1596 4499 1694 4578 major

337 4598 386 4651 est
409 4608 497 4669 quam
521 4588 618 4650 EDG.
667 4589 707 4651 Et
731 4601 779 4650 est
803 4590 883 4653 BSG
909 4592 987 4652 idem
1013 4589 1060 4669 qui
1087 4586 1166 4648 CSll
1191 4589 1328 4667 angulus,
1353 4609 1410 4668 quo
1434 4588 1602 4666 repercussi
1628 4585 1692 4650 ΟΕ.

339 4676 399 4739 HG
422 4679 572 4757 protracti
597 4688 786 4753 concurrunt,
813 4688 919 4760 estque
944 4681 967 4742 S
992 4680 1074 4740 locus
1099 4677 1241 4756 imaginis
1265 4678 1368 4756 puncti
1392 4677 1420 4736 D
1444 4675 1536 4757 (Cap.
1562 4678 1619 4744 lll.
1644 4676 1693 4747 Sl:

337 4765 424 4829 EDG
449 4785 519 4828 vero
544 4777 593 4829 est
616 4770 752 4847 angulus,
779 4788 836 4848 quo
860 4770 936 4830 radii
961 4777 1071 4832 exeunt
1094 4789 1112 4827 a
1135 4769 1162 4828 D
1186 4779 1306 4847 puncto.
1348 4768 1445 4847 lllajor
1469 4785 1539 4836 ergo
1564 4767 1692 4840 angulus

338 4856 376 4917 ad
403 4856 574 4935 imaginem,
601 4877 688 4937 quam
713 4860 762 4937 qui
778 4860 815 4919 ad
841 4869 982 4937 punctum
1002 4858 1133 4918 radians.
1174 4858 1299 4937 Propior
1318 4877 1389 4938 ergo
1407 4857 1557 4918 ridebitur
1582 4854 1690 4935 imago,

338 4964 426 5025 quarn
454 4955 596 5024 punctum
627 4947 760 5008 radians.
806 4948 882 5009 Dico
906 4948 929 5009 S
957 4966 1024 5009 esse
1056 4946 1135 5006 inter
1158 4945 1214 5005 DL
1243 4946 1519 5025 perpendicularem
1543 4963 1581 5005 ex
1606 4964 1638 5006 re
1663 4946 1691 5006 in

340 5042 486 5109 centrum,
511 5042 543 5096 at
565 5037 830 5116 perpendiculares
852 5055 908 5117 per
930 5036 967 5111 E,
992 5035 1021 5098 G
1045 5043 1157 5113 puncta
1180 5034 1382 5096 reflexionum.
