3692 5842
373 482 441 552 642
855 481 896 532 De
915 479 995 533 sulla
1011 479 1085 532 Nora
1101 478 1253 547 serpentuli

378 683 416 726 ex
440 662 500 727 situ
523 661 636 724 Terrae
658 661 697 723 ad
721 658 807 723 binos
831 656 981 741 planetas
994 659 1135 731 resultet,
1162 658 1220 722 hoc
1250 658 1362 741 ipsum,
1390 656 1525 738 inquam,
1557 658 1632 722 mihi
1653 660 1725 722 riam

375 750 558 816 monstravit
580 751 618 812 ad
643 751 726 813 illam
747 750 917 825 veritatem,
943 770 1002 830 qua
1017 750 1053 811 de
1068 749 1171 823 modo;
1195 749 1272 829 qnod
1287 745 1406 808 scilicet
1416 747 1607 828 principatus
1624 769 1726 811 canuc

372 842 403 905 in
427 842 522 903 Terra
545 840 665 914 sedeat,
699 858 757 900 non
781 839 811 901 in
834 839 967 920 planetis
990 839 1081 918 ipsis,
1105 838 1241 919 quodque
1268 837 1330 899 ista
1348 836 1508 898 commotio
1530 846 1660 900 naturae
1681 841 1728 900 fiat

373 953 393 993 a
416 950 448 992 se
472 930 540 1009 ipsa
561 929 680 1008 potius,
712 937 838 1008 propter
868 929 1097 1009 impressionem
1127 935 1318 1006 aspectuum,
1348 944 1384 987 eo
1417 926 1508 988 modo
1539 945 1601 1006 qno
1629 947 1726 990 sensus

373 1019 525 1101 particeps
559 1017 670 1079 animal
704 1017 743 1078 ad
776 1036 897 1078 sensum
930 1035 1027 1080 rerum
1058 1025 1248 1078 externamm
1271 1024 1505 1077 commoveatur.
1552 1016 1635 1078 Nam
1657 1017 1725 1097 quod

372 1110 464 1172 Picus
487 1126 525 1168 ex
546 1107 666 1169 Plotiuo
690 1106 835 1182 inculcat,
867 1125 924 1167 non
953 1124 1043 1186 posse
1063 1105 1165 1168 radios
1192 1105 1276 1167 coelo
1298 1104 1454 1184 profectos
1477 1104 1507 1166 in
1530 1105 1638 1168 Terris
1660 1106 1724 1167 mis·

373 1197 445 1271 ceri,
469 1204 503 1257 ut
526 1214 606 1257 nova
627 1196 723 1257 virtus
747 1204 801 1256 aut
823 1195 919 1256 forma
941 1195 1109 1275 proveniat,
1134 1195 1165 1256 id
1189 1194 1327 1273 equidem
1349 1191 1490 1254 tenebam
1515 1205 1625 1266 antea,
1648 1205 1724 1256 tene·

374 1287 444 1350 bam
467 1292 500 1347 et
522 1284 611 1359 illud,
640 1284 750 1359 videri,
784 1284 896 1346 rectius
920 1291 953 1344 et
974 1285 1098 1364 propius
1121 1283 1239 1345 misceri
1262 1300 1369 1363 posse,
1404 1282 1455 1362 qui
1486 1302 1506 1343 a
1533 1283 1724 1362 junctioribos

375 1380 570 1457 promanent;
595 1383 659 1435 tum
683 1381 784 1434 autem
808 1392 927 1452 semper
949 1373 1070 1434 misceri
1092 1372 1204 1447 radios,
1229 1369 1347 1433 etiamsi
1377 1389 1435 1432 non
1460 1389 1586 1451 semper
1599 1372 1629 1435 in
1643 1373 1725 1454 figura

374 1462 527 1543 triangula
550 1462 598 1523 vel
622 1462 807 1539 sexangula:
842 1461 968 1541 denique
1000 1462 1031 1522 in
1064 1462 1129 1541 ipso
1161 1460 1292 1523 naturali
1319 1478 1461 1539 corpore,
1496 1460 1548 1522 ubi
1573 1462 1726 1524 miscentur

374 1552 463 1625 radii,
487 1551 665 1613 coeuntibus
689 1551 729 1611 ad
751 1557 893 1629 punctum
916 1550 1021 1625 radiis,
1045 1550 1170 1629 figuram
1184 1568 1300 1612 omnem
1315 1567 1513 1612 evanescere:
1539 1550 1726 1612 haecomnia

376 1641 538 1719 diligenter
560 1639 792 1719 perpendebam.
839 1639 946 1718 Neque
969 1649 1069 1701 tamen
1092 1639 1150 1701 hae
1179 1647 1227 1701 tot
1255 1638 1389 1701 rationes
1412 1639 1575 1702 confutare
1598 1649 1727 1720 poteraut

378 1727 576 1793 clarissimam
607 1728 838 1808 experientiam,
872 1747 947 1808 quae
981 1729 1166 1802 testabatur,
1201 1736 1271 1790 tunc
1302 1726 1493 1809 potissimum
1526 1748 1617 1791 omne
1643 1748 1726 1809 genus

374 1826 574 1882 meteoromm
608 1818 754 1892 existere,
797 1835 862 1878 cnm
893 1817 1034 1897 planetae
1062 1828 1166 1879 essent
1196 1816 1369 1897 aspectibus
1402 1817 1601 1898 configurati:
1633 1835 1728 1882 contra

374 1917 446 1971 tunc
471 1905 603 1986 quietem
626 1906 707 1968 atris
729 1904 929 1986 potissimum,
952 1925 1019 1968 coru
1041 1906 1114 1968 nulli
1137 1918 1278 1986 aspectus
1300 1905 1348 1967 vel
1371 1906 1619 1985 conjunctiones:
1643 1927 1727 1989 neque

376 2004 497 2059 tantum
521 1995 546 2059 si
570 1996 754 2075 corporibus,
779 1995 833 2055 sed
857 1995 949 2056 etiam
972 1996 998 2057 si
1021 1996 1205 2075 sexangulae
1221 1995 1269 2056 vel
1287 1995 1454 2076 quadratae
1469 1995 1642 2058 distantiae
1664 2017 1726 2077 pro-

375 2084 566 2167 pinquarent,
591 2084 653 2146 iata
675 2085 748 2153 fieri,
772 2103 866 2164 eaque
890 2084 989 2147 subito
1010 2085 1048 2146 ad
1064 2085 1146 2164 ipsos
1161 2092 1335 2164 aspectuum
1353 2084 1514 2159 articulos;
1541 2106 1610 2148 cum
1634 2086 1727 2148 diebm

375 2174 521 2257 proximis
552 2182 623 2236 ante
651 2181 791 2253 retroque
819 2175 944 2235 effectus
973 2183 1139 2236 cessarent.
1185 2174 1335 2253 Expertus
1367 2183 1416 2236 est
1443 2173 1525 2237 idem
1554 2175 1587 2237 in
1614 2189 1728 2256 aspectu

374 2264 522 2346 quadrato
549 2262 711 2325 Jofrancus
734 2261 868 2325 Offucius
896 2267 931 2332 (v.
950 2269 970 2330 1,
996 2268 1070 2337 ³7¹),
1100 2262 1260 2324 acerrimus
1289 2271 1464 2344 aspectuum
1493 2263 1596 2326 hostis
1619 2276 1729 2345 praeter

376 2352 616 2432 conjunctionem
640 2360 672 2413 et
696 2352 930 2432 oppositionem,
959 2370 1034 2431 quas
1056 2353 1186 2433 putabat
1208 2372 1241 2414 se
1265 2352 1304 2413 ad
1327 2372 1438 2415 causas
1460 2354 1727 2417 reverberationem

375 2442 528 2505 retulisse.
574 2441 620 2504 At
643 2442 743 2503 fassus
767 2449 817 2503 est
838 2440 1078 2504 imbecillitatem
1106 2460 1178 2503 suae
1211 2441 1413 2515 ratiunculae,
1444 2441 1528 2504 circa
1559 2445 1727 2524 quadratum

375 2539 532 2612 aspectum
565 2530 770 2611 experientiae
804 2531 923 2591 cedens.
968 2529 1099 2612 Propter
1130 2530 1205 2591 baec
1237 2530 1339 2610 itaque
1371 2531 1532 2594 dicendum
1567 2543 1648 2607 erat,
1678 2553 1726 2594 uon

376 2620 498 2696 stellas,
534 2638 592 2682 non
616 2619 748 2698 ipsarum
771 2619 872 2680 radios
895 2637 949 2698 per
977 2640 1059 2695 sese,
1092 2638 1148 2682 nec
1179 2620 1261 2699 ipsas
1291 2619 1367 2681 adeo
1400 2621 1672 2700 configurationes,
1699 2637 1724 2684 nt

375 2728 452 2792 quae
475 2708 639 2772 relationes
663 2715 776 2784 essent,
800 2708 861 2769 ista
885 2709 1002 2771 efficere
1026 2710 1125 2781 aliter,
1148 2708 1206 2770 nisi
1227 2708 1283 2771 sub
1304 2709 1420 2773 ratione
1440 2711 1570 2791 objecti3
1594 2731 1725 2793 praeesse

375 2817 447 2860 vero
471 2799 562 2860 rebus
585 2796 762 2877 petibilibus
787 2799 836 2870 (ot
857 2796 1030 2860 humoribus
1054 2799 1084 2859 in
1108 2796 1196 2878 globo
1220 2798 1365 2873 Telluris)
1389 2800 1571 2862 facultatem
1595 2803 1725 2882 aliquam.

375 2905 452 2969 quae
468 2895 500 2949 et
512 2887 582 2948 iude
597 2887 709 2966 figuras
724 2884 923 2948 radiationum
946 2895 1053 2966 posset
1073 2886 1228 2969 percipere
1251 2895 1283 2949 et
1298 2888 1469 2962 aestimare,
1495 2900 1528 2951 et
1543 2890 1613 2952 hinc
1630 2911 1725 2972 corpus

377 2996 462 3038 suum
485 2977 599 3055 impetu
625 2977 752 3055 quodam
775 2983 935 3037 concutere
959 2996 1013 3038 seu
1036 2977 1192 3051 movendo,
1216 2975 1243 3038 si
1266 2986 1350 3039 esset
1372 2977 1504 3040 facultas
1530 2981 1660 3046 motrix.
1682 3001 1725 3041 sec

376 3064 564 3126 calfacienda
588 3064 785 3144 humoresque
805 3064 1003 3137 sublimando,
1027 3067 1052 3127 si
1072 3066 1129 3128 hoc
1148 3066 1278 3128 muneris
1293 3074 1376 3129 esset
1390 3069 1518 3129 sortita:
1546 3089 1608 3149 qua
1622 3071 1722 3132 ratione

376 3155 500 3215 inventa
522 3153 677 3214 solvuntur
701 3154 810 3225 omnia,
834 3174 910 3233 quae
926 3155 1016 3216 Picus
1041 3163 1147 3216 contra
1166 3163 1307 3236 aspectus
1327 3175 1364 3216 ex
1385 3158 1582 3238 philosophia
1597 3161 1723 3242 deprom-

377 3243 419 3305 sit
441 3261 555 3322 nosquc
579 3242 883 3305 commemoravimus.

466 3331 528 3394 Sed
562 3331 647 3411 hujus
679 3333 834 3393 facultatis
868 3333 1085 3393 facultatumve
1119 3341 1227 3395 natura
1258 3334 1356 3413 magis
1386 3335 1505 3412 patebit
1537 3356 1575 3398 ex
1607 3358 1723 3418 sequen-

375 3420 469 3484 tibus.
515 3421 595 3483 Nam
619 3421 656 3481 de
685 3441 805 3483 nurnero
836 3430 1011 3501 aspectuum
1034 3421 1125 3484 Picus
1155 3424 1388 3484 controversiam
1413 3443 1538 3483 movens
1564 3429 1723 3505 astrologis.

376 3522 555 3589 argumenta
578 3510 670 3570 etiam
694 3520 800 3572 contra
824 3531 886 3571 rem
909 3511 1006 3590 ipsam
1029 3511 1141 3590 dirigit.
1188 3511 1318 3573 Primum
1343 3514 1455 3574 refutat
1480 3515 1617 3576 rationes
1637 3531 1725 3577 astru·

374 3600 520 3678 logorum,
545 3618 620 3678 quas
644 3600 682 3660 ab
706 3600 841 3679 aliquota
863 3600 965 3661 circuli
988 3610 1076 3679 parte
1101 3601 1261 3662 deducunt.
1308 3599 1390 3663 Saue
1414 3602 1462 3664 hie
1482 3603 1559 3665 Pico
1578 3607 1724 3666 assentior.

376 3708 499 3750 causam
523 3707 591 3749 esse
614 3687 853 3764 insufficientem,
878 3689 936 3750 etsi
961 3690 998 3749 ad
1022 3689 1184 3751 veritatem
1207 3690 1324 3752 alludit.
1370 3692 1448 3754 Nam
1470 3705 1651 3772 aspectuum
1669 3711 1725 3754 ocu·

375 3778 496 3857 recipio,
522 3777 548 3837 si
572 3778 741 3856 conjunctio
766 3786 1007 3853 connumeretur,
1032 3778 1186 3850 sextilem,
1210 3779 1373 3859 quintilem,
1399 3781 1592 3861 quadratum,
1617 3785 1724 3845 trinum

375 3866 577 3946 biquintilem‚
612 3867 823 3946 sesquadmm,
854 3867 1035 3948 oppositum.
1083 3868 1191 3948 Itaque
1220 3869 1278 3930 etsi
1308 3869 1568 3948 duodecangulnin
1594 3892 1647 3934 seu
1671 3871 1724 3934 30‘

375 3974 447 4036 pars
470 3963 519 4017 est
542 3955 698 4035 multiplex
722 3956 834 4031 circuli,
858 3975 916 4019 uon
941 3965 1112 4017 esttamen
1138 3967 1290 4038 aspectus.
1337 3957 1452 4020 Contra
1480 3952 1568 4020 tw
1588 3963 1636 4023 vel
1655 3959 1725 4024 ¹35²

375 4052 528 4125 aspectum
553 4043 675 4117 faciunt,
701 4064 767 4106 cum
790 4065 861 4125 pars
884 4045 986 4107 circuli
1009 4045 1167 4126 multiplex
1191 4066 1248 4107 non
1272 4047 1333 4108 sint
1356 4048 1409 4109 sed
1433 4052 1674 4129 superpartiens.

464 4132 604 4195 Alteram
636 4152 758 4195 causam
789 4135 981 4197 Ptolemaeus
1005 4154 1042 4196 ex
1065 4135 1232 4213 geometria
1253 4136 1345 4215 petit,
1378 4138 1463 4216 cnjus
1494 4139 1574 4201 haec
1605 4143 1667 4202 fere
1688 4153 1727 4198 est

377 4223 544 4285 sententia:
570 4223 638 4284 illas
662 4224 911 4302 configurationes
935 4243 1002 4285 esse
1027 4225 1173 4298 efficaces,
1199 4244 1274 4305 quae
1298 4227 1407 4305 angulo
1427 4229 1655 4291 constituuntur
1671 4229 1725 4290 tali

374 4312 425 4374 nbi
449 4313 537 4386 linea,
563 4331 638 4392 quae
663 4332 764 4374 arcum
788 4314 888 4392 anguli
911 4333 1079 4375 mensorem
1103 4315 1271 4388 subtendit,
1295 4325 1397 4400 certae
1420 4318 1500 4396 parti
1527 4318 1565 4378 de
1591 4320 1726 4380 diametri·

375 4402 469 4463 totius
497 4401 600 4463 circuli
630 4410 776 4481 aequatur
805 4403 853 4464 vel
882 4403 1067 4482 longitudine
1095 4405 1144 4464 vel
1170 4405 1316 4484 potentia.
1364 4404 1504 4467 Suboluit
1529 4427 1638 4488 nernpe
1661 4409 1726 4470 Pto-

376 4490 501 4565 lemaeo,
528 4491 651 4551 subesse
676 4491 800 4553 altiores
823 4494 966 4566 rationes,
992 4512 1079 4573 quarn
1104 4502 1174 4554 sunt
1193 4494 1250 4555 hae
1265 4513 1302 4555 ex
1317 4514 1473 4575 corporum
1493 4504 1526 4556 et
1545 4509 1726 4559 contacturm

376 4588 486 4641 natura
510 4576 725 4652 derivatae.¹¹)

465 4668 522 4729 Hic
546 4668 683 4748 increpat
697 4670 786 4731 Picus
800 4670 1006 4731 Ptolemaeum
1030 4690 1068 4732 ex
1091 4670 1269 4740 Aristotele,
1294 4673 1370 4752 quod
1391 4693 1440 4734 res
1459 4675 1605 4756 physicas
1624 4686 1727 4737 tractet

377 4757 590 4819 mathematice
621 4768 653 4819 et
682 4778 719 4820 ex
742 4759 843 4836 liguris
868 4760 1056 4836 geometricis
1087 4761 1289 4840 proprietates
1322 4763 1453 4824 deducat
1485 4785 1585 4826 rerum
1609 4781 1725 4826 natura·

377 4847 457 4910 lium.
504 4846 565 4915 At.
590 4867 607 4907 ο
630 4848 719 4920 Pice,
749 4849 874 4911 multum
898 4849 1025 4911 interest
1048 4868 1107 4929 qua
1130 4851 1196 4931 quis
1220 4852 1249 4912 id
1274 4852 1390 4914 ratione
1415 4853 1518 4915 faciat.
1569 4855 1603 4918 Si
1626 4857 1725 4934 ligura«

378 4937 562 4999 architectos
585 4938 768 5011 constituas,
799 4938 891 5000 stulte
916 4938 1027 5000 facias:
1061 4946 1093 4999 at
1123 4940 1149 5000 si
1172 4941 1283 5020 figurae
1308 4943 1404 5004 addas
1427 4943 1644 5018 architectum,
1669 4946 1724 5023 jam
