3692 5842
252 469 319 542 464
449 461 456 472 “
673 478 775 529 Literao
791 477 895 544 Kopion
913 476 1065 544 alioranqns
1082 482 1186 529 mntnao

253 654 299 714 vit
321 654 521 733 cognoscendi
545 655 728 717 sententiam
750 654 847 716 literis
879 653 939 716 illis
972 654 1239 733 comprehensam:
1276 671 1336 733 ago
1368 663 1404 716 ot
1433 663 1606 737 sequentem

254 740 385 803 Galilaei
409 743 494 821 legas
518 743 688 825 epistolam.

342 831 430 892 Prius
465 841 565 893 tamen
599 833 688 894 velim
720 831 817 893 obiter
847 831 1086 905 animadvertas,
1121 831 1192 910 quid
1223 828 1384 893 Galilaens
1413 831 1500 893 dicat
1535 849 1606 892 oon-

255 918 444 982 stitutionem
467 921 568 981 mnndi
592 921 826 1002 Pythagorioam
850 927 880 979 et
905 918 1153 999 Coperuicanam.
1200 919 1338 998 Digitum
1370 921 1454 982 enim
1482 919 1607 982 intendit

253 1009 281 1070 in
305 1027 401 1069 meum
426 1009 605 1088 Mysterium
625 1008 910 1087 Cosmogr·aphicum
935 1018 1005 1069 ante
1031 1027 1125 1070 annos
1148 1005 1188 1070 14
1211 1008 1334 1078 editum,
1360 1008 1389 1070 in
1414 1026 1475 1089 quo
1497 1007 1606 1070 orbium

252 1097 489 1177 planetariorum
513 1097 713 1158 dimensiones
737 1117 774 1157 ex
799 1097 984 1158 astronomia
1008 1096 1167 1175 Copernici
1191 1097 1341 1171 desnmsi,
1377 1097 1427 1176 qni
1454 1094 1605 1159 Solemin

252 1186 351 1246 medio
376 1184 526 1259 stabilem,
552 1186 675 1248 Terram
700 1195 731 1246 et
754 1185 835 1246 circa
851 1185 953 1246 Solem
977 1194 1010 1245 et
1032 1187 1113 1246 circa
1135 1204 1222 1245 suum
1245 1204 1334 1246 arem
1358 1184 1434 1247 lacit
1453 1185 1604 1246 mobilem:

252 1275 368 1337 illorum
392 1293 462 1335 vero
487 1275 602 1335 orbium
627 1275 787 1336 interualla
811 1275 928 1335 ostendi
953 1275 1135 1352 respondere
1154 1274 1283 1354 quinque
1302 1274 1406 1353 liguris
1422 1273 1605 1352 regularibus

253 1362 481 1443 Pythagoricis,
512 1363 577 1441 jam
609 1365 679 1424 olim
711 1364 748 1423 ab
781 1363 835 1423 lroc
868 1371 990 1423 auctore
1022 1363 1100 1423 iuter
1133 1362 1283 1423 elementa
1313 1362 1417 1423 mundi
1442 1362 1604 1424 distributis

252 1450 378 1530 pulchro
401 1452 498 1529 magis
522 1470 609 1530 quam
635 1452 712 1512 felici
739 1459 792 1510 aut
817 1452 949 1529 legitimo
973 1461 1103 1512 conatu:
1128 1460 1160 1512 et
1182 1470 1307 1530 quarum
1330 1452 1496 1530 figurarum
1518 1469 1603 1512 cansa

252 1538 394 1600 Euclides
418 1548 515 1599 totam
539 1559 623 1601 suam
648 1540 842 1618 geometriam
867 1539 999 1618 scripsit.

342 1628 447 1707 ltaque
472 1628 499 1688 iu
526 1629 575 1689 illo
600 1629 748 1708 Mysterio
773 1630 903 1706 reperire
927 1636 975 1688 est
998 1627 1249 1689 combinationem
1281 1627 1434 1705 quandam
1468 1633 1601 1688 sabona-

252 1716 328 1776 miae
359 1726 390 1775 et
410 1718 603 1794 geometriae
626 1718 808 1789 Euclideae,
842 1727 873 1778 et
906 1736 960 1796 per
987 1717 1063 1778 hauc
1088 1716 1241 1794 utriusque
1264 1714 1554 1776 consummationem
1573 1725 1602 1776 et

250 1804 464 1884 perlectionem
489 1805 753 1866 absolutissimam.
801 1804 887 1874 Quae
922 1825 1014 1865 causa
1039 1805 1108 1879 luit,
1143 1823 1195 1865 cur
1227 1822 1336 1881 magno
1367 1823 1435 1864 cum
1460 1803 1600 1864 desiderio

252 1903 462 1973 expectarem,
506 1895 663 1972 qualenam
702 1893 859 1972 Galilaeus
897 1902 1104 1973 argumentum
1146 1902 1229 1972 esset
1272 1893 1422 1953 allaturus
1461 1910 1515 1971 pro
1550 1891 1599 1954 bat

253 1981 356 2058 rulundi
379 1981 593 2044 constitutione
616 1982 829 2062 Pythagorica.
876 1982 1019 2061 Sequitur
1043 1983 1134 2060 igitur
1166 1981 1203 2040 do
1232 1981 1288 2042 hoc
1312 1990 1495 2060 argumento
1517 1978 1598 2042 Gali·

253 2070 311 2131 laei
336 2070 475 2149 epistola.

344 2159 494 2237 ,Tempus
518 2168 567 2219 est
589 2169 623 2218 ut
646 2159 777 2237 aperiam
803 2158 949 2219 rationem
974 2158 1091 2237 legendi
1126 2159 1247 2230 literas,
1280 2174 1356 2235 quas
1390 2166 1462 2218 ante
1494 2157 1599 2236 aliquot

251 2246 442 2325 septimanas
466 2247 532 2307 misi
557 2249 770 2325 transpositas.
817 2248 948 2325 Tempus
973 2247 1091 2327 inquam
1115 2266 1192 2307 nunc
1217 2254 1282 2317 est,
1314 2254 1477 2327 postquam
1507 2245 1543 2306 tls
1569 2263 1598 2305 rs

252 2335 410 2414 ipsarum
435 2337 621 2396 certissimus
646 2338 759 2408 lactus,
794 2335 837 2395 sic
872 2349 904 2396 ut
928 2356 964 2395 ne
990 2336 1140 2396 tantillum
1164 2335 1292 2413 amplius
1326 2334 1474 2396 dubitem.
1520 2332 1598 2395 Scias

251 2424 352 2502 igitur,
377 2426 454 2503 quod
470 2425 589 2486 circiter
612 2436 675 2485 tres
700 2444 816 2484 meuses
841 2445 860 2484 a
883 2426 989 2502 quibus
1006 2424 1134 2485 l'eneris
1158 2425 1249 2484 stella
1271 2422 1365 2482 rideri
1390 2423 1499 2502 potuit,
1522 2423 1596 2483 ince-

249 2512 343 2590 perim
369 2532 421 2593 per
445 2515 565 2574 oculare
590 2514 629 2573 ad
652 2514 735 2574 illam
759 2533 826 2574 cum
852 2513 1011 2588 diligentia
1034 2512 1203 2590 respicere3
1237 2521 1271 2572 ut
1293 2511 1372 2589 quod
1396 2523 1496 2573 mente
1519 2523 1595 2572 tens-

253 2601 320 2661 bam
344 2600 506 2676 indubium,
532 2603 596 2680 ipso
625 2604 716 2663 etiam
750 2621 840 2661 sensu
871 2602 1163 2679 comprehenderem.
1210 2599 1362 2679 Principio
1387 2600 1481 2677 igitar
1504 2600 1596 2660 Venas

250 2690 390 2768 apparuit
413 2691 509 2768 ligura
532 2692 668 2752 circulari
693 2690 828 2770 perfecta
853 2709 946 2770 eaque
978 2699 1088 2750 exacta
1116 2701 1147 2749 et
1171 2687 1304 2751 euidenti
1328 2689 1458 2750 termino
1482 2689 1596 2758 inclusa.

249 2797 350 2838 rerum
376 2778 446 2839 erili
470 2780 650 2840 admodum:
684 2781 759 2839 hauc
794 2781 919 2857 figuram
944 2779 1049 2839 l'enus
1081 2778 1205 2840 retinuit
1236 2777 1389 2856 tantisper
1411 2778 1482 2838 dum
1504 2777 1597 2856 coepit

249 2865 485 2946 appropinquare
501 2868 648 2929 maximae
673 2888 744 2929 suae
770 2867 947 2945 digressioni
967 2889 986 2928 a
999 2867 1082 2940 Sole,
1101 2868 1278 2945 interimque
1293 2866 1436 2927 continuo
1450 2865 1596 2927 crescebat

249 2956 326 3015 mole
349 2956 482 3032 corporis
498 2957 664 3034 appareuti.
701 2957 747 3017 Ex
772 2977 807 3017 eo
823 2957 922 3036 coepit
946 2977 964 3015 a
979 2958 1165 3018 rotunditate
1181 2957 1306 3017 deficere
1321 2974 1341 3014 a
1359 2955 1454 3034 plaga
1472 2955 1595 3024 orientis,

248 3062 324 3122 quae
348 3043 453 3103 aSole
477 3056 542 3104 erat
568 3064 685 3116 auersa,
710 3057 742 3105 et
766 3047 845 3105 iutra
868 3064 981 3123 paucos
1006 3045 1069 3105 dies
1094 3046 1217 3123 collegit
1235 3062 1352 3103 omnem
1372 3044 1508 3122 speciem
1527 3039 1596 3104 intra

247 3131 464 3192 semicirculum
496 3134 761 3212 perl'cctissiurum3
800 3155 836 3194 ca
873 3136 968 3213 ligura
1006 3135 1134 3195 durabat
1171 3134 1235 3194 sine
1273 3132 1441 3193 mutatione
1475 3132 1522 3193 rel
1544 3133 1595 3192 nti·

249 3221 345 3293 uirua,
390 3221 487 3299 quoad
529 3242 622 3300 usque
657 3225 754 3301 coepit
780 3242 846 3283 sese
878 3224 916 3283 ad
941 3221 1042 3284 Solem
1075 3223 1208 3301 recipere
1242 3221 1364 3281 deserta
1388 3229 1534 3298 tangente
1555 3219 1594 3280 soi

248 3310 395 3390 epicycli:
430 3311 484 3370 lioo
512 3312 578 3389 jam
612 3323 745 3391 tempore
779 3314 875 3390 magis
907 3313 1062 3390 magisque
1096 3312 1199 3372 delicit
1228 3310 1364 3384 aligura
1388 3309 1594 3371 semicirculan'

247 3408 412 3476 pergetque
437 3398 626 3460 diminuendo
651 3402 733 3463 illam
758 3420 850 3480 usque
875 3401 913 3460 ad
938 3421 1021 3461 suam
1047 3400 1288 3470 occultationem,
1314 3398 1435 3477 quando
1461 3399 1490 3460 in
1506 3398 1593 3459 subti-

248 3487 392 3548 lissimum
416 3507 507 3549 cornu
531 3490 657 3548 deliciet.
704 3491 751 3550 Ex
776 3510 810 3549 eo
835 3490 964 3550 transitu
996 3490 1077 3549 facto
1106 3490 1144 3549 ad
1176 3488 1397 3567 apparitionem
1425 3489 1594 3548 matutinam

246 3577 405 3656 apparebit
421 3578 507 3639 uobis
523 3580 730 3639 tautummodo
756 3579 870 3639 falcata
893 3590 923 3637 et
948 3577 1146 3639 subtilissimo
1170 3596 1236 3638 cum
1251 3594 1343 3637 cornu
1359 3595 1379 3635 a
1393 3575 1468 3638 Sole
1483 3593 1593 3648 at·ersa;

247 3676 355 3743 postea
379 3666 475 3743 magis
500 3669 654 3745 magisque
680 3666 850 3745 implebitur
883 3686 974 3727 cornu
1008 3685 1101 3747 usque
1133 3668 1171 3727 ad
1203 3666 1363 3726 maximam
1388 3665 1593 3744 digressionem

246 3754 370 3824 aSole,
396 3754 425 3813 iu
450 3774 509 3832 qua
533 3757 735 3816 semicirculus
761 3756 933 3835 apparebit,
959 3774 1053 3834 eaque
1078 3756 1173 3834 ligura
1196 3756 1259 3815 sine
1283 3754 1412 3814 notabili
1436 3755 1591 3815 uariatione

245 3841 366 3901 durabit
389 3842 453 3901 dies
477 3845 606 3903 multos:
633 3846 740 3905 deiude
765 3865 802 3903 ex
826 3844 1039 3904 seuricirculari
1064 3844 1209 3922 paulatim
1234 3856 1330 3904 totum
1350 3843 1489 3921 implebit
1503 3843 1590 3904 orbem

245 3948 371 4008 eantque
405 3931 537 4008 perfecte
570 3933 745 3993 circularem
779 3937 902 4012 liguram
937 3934 965 3991 iu
1000 3953 1118 3992 meuses
1150 3933 1224 3993 bene
1259 3933 1370 3993 multos
1400 3931 1588 3994 conservabit

246 4015 385 4078 Cetertuu
418 4019 445 4077 iu
486 4038 628 4097 praesens
661 4023 805 4083 diameter
843 4022 980 4099 eorporis
1008 4022 1138 4082 l'eneris
1171 4021 1291 4082 circiter
1324 4022 1456 4100 quinque
1488 4023 1588 4082 uicibus

245 4107 342 4183 major
365 4116 410 4166 est
435 4126 480 4176 ea,
507 4129 593 4187 quam
623 4112 800 4171 monstrarit
824 4112 852 4170 iu
885 4110 982 4191 prima
1015 4111 1204 4188 apparitione
1236 4109 1420 4187 vespertina
1467 4109 1513 4171 Ex
1542 4109 1587 4168 bac

243 4195 372 4256 mirabili
401 4196 610 4257 observatione
634 4200 766 4277 suppetit
791 4199 875 4259 uobis
909 4199 1079 4259 certissima
1111 4211 1143 4259 et
1175 4218 1264 4260 sensu
1297 4199 1364 4277 ipso
1398 4196 1585 4279 perceptibilis

244 4285 463 4345 demonstratio
489 4286 613 4346 duarum
638 4289 835 4349 marianarum
859 4289 1086 4367 quaestionum,
1121 4307 1198 4367 quae
1230 4288 1270 4348 ad
1302 4288 1381 4348 lmnc
1406 4307 1500 4368 usque
1521 4287 1582 4347 dien

244 4372 422 4433 amatimis
446 4374 573 4452 ingeniis
597 4377 792 4453 agitabantur
817 4378 844 4438 iu
869 4392 986 4455 partem
1019 4391 1187 4455 utramque.
1233 4378 1303 4439 i'na
1326 4387 1395 4444 est,
1428 4377 1507 4455 quod
1527 4377 1581 4454 plt-

243 4473 331 4522 uetae
355 4480 457 4521 omues
482 4477 589 4523 natura
613 4485 668 4524 sua
693 4467 853 4526 tenebrosa
877 4479 947 4525 suut
970 4485 1097 4543 corpora
1120 4470 1168 4536 (ut
1184 4466 1221 4525 de
1235 4465 1386 4526 Mercurio
1406 4466 1472 4544 jam
1495 4465 1579 4524 eaden

244 4551 464 4627 concipiamus,
500 4570 575 4629 iprae
601 4554 636 4611 dc
662 4554 816 4624 l'euere).
849 4556 965 4621 altera,
997 4556 1075 4635 quod
1100 4574 1216 4615 summa
1241 4573 1295 4615 uos
1319 4567 1409 4632 urget
1431 4553 1577 4615 necessitas·

243 4651 275 4700 ut
304 4639 451 4706 dicamus,
480 4640 627 4702 l'eucrcm
653 4645 845 4722 tiusirperqne
880 4654 911 4704 et
935 4645 1132 4706 llercnriuml
1165 4643 1246 4703 circa
1278 4641 1383 4704 Solem
1416 4635 1575 4703 circumiecti

243 4739 275 4787 ut
299 4739 330 4787 ct
354 4728 457 4807 reliqui
483 4748 584 4788 oruucs
609 4731 769 4808 planetae:
801 4752 848 4791 res¹
873 4733 988 4792 credita
1011 4733 1132 4810 quidem
1159 4731 1390 4811 Pythagoricis,
1429 4728 1573 4810 Copcrnito

241 4829 272 4876 ot
298 4815 447 4895 lieplcro,
482 4837 631 4898 uunquam
656 4838 726 4879 raro
751 4840 840 4880 seusu
865 4822 1072 4899 comprobata,
1098 4837 1129 4880 ut
1155 4840 1232 4880 nuuc
1255 4821 1284 4881 iu
1312 4820 1432 4881 l'euere
1455 4833 1484 4878 et
1505 4818 1567 4878 list·

240 4903 332 4964 curio.
377 4904 499 4966 llabeut
530 4907 621 4985 igitur
646 4908 793 4987 chlerus
823 4923 853 4969 ot
887 4910 991 4988 reliqui
1016 4908 1234 4988 Copemicani,
1273 4926 1331 4988 quo
1363 4908 1518 4986 glorientur
1540 4915 1565 4958 Ν

240 4989 317 5054 bns
337 4991 567 5075 philosophatos
591 5015 679 5072 esse,
704 5017 758 5057 nec
783 5017 891 5058 ranam
916 5018 984 5059 esse
1008 5017 1111 5059 eorum
1141 4997 1366 5058 credulitatem:
1400 4987 1562 5075 quantamvis
