3692 5842
728 504 889 559 Prooemium.
1424 501 1486 576 ῆς)

217 682 313 745 Porro
346 690 488 766 qnantum
519 682 686 746 defectibus
718 684 858 745 luminum
887 682 1067 763 adjuventur
1089 685 1224 747 homines
1248 688 1276 750 in
1302 690 1486 752 astronomia

123 780 211 841 tota.
247 773 357 835 docent
381 792 484 835 omnes
509 781 746 834 astronomorum
772 773 848 835 libri.
894 773 974 834 Nam
999 774 1075 855 quod
1100 784 1197 837 motus
1221 776 1302 839 Solis
1326 788 1358 839 et
1381 780 1485 840 Lunae

123 858 243 922 attinet
267 882 470 942 annommque
494 870 526 922 et
549 863 692 923 meusium
716 863 827 941 spatia,
852 869 918 922 tota
942 863 1017 923 haec
1041 864 1179 925 doctrina
1195 886 1231 925 ex
1251 868 1318 928 sola
1332 867 1485 946 eclipsium

124 950 346 1012 observatione
370 950 496 1032 primum
519 960 569 1013 est
591 959 658 1013 orta
681 970 734 1011 uec
760 951 848 1012 aliter
872 951 1013 1013 constitui
1036 954 1152 1032 potuit;
1177 974 1212 1016 ac
1236 974 1272 1016 ne
1297 956 1392 1018 limari
1417 957 1484 1037 qui·
1535 958 1541 973 ¹

124 1039 196 1099 dem
220 1048 254 1100 et
276 1039 402 1120 expoliri
425 1039 553 1120 amplius
577 1047 678 1119 potest
702 1040 758 1100 uisi
783 1040 951 1101 defectibus
976 1042 1116 1103 luminum
1148 1044 1317 1106 accuratius
1341 1052 1372 1107 et
1395 1046 1483 1107 lima·

123 1128 187 1188 tius
211 1128 426 1203 consideratis,
452 1129 500 1209 qui
524 1128 610 1208 hujus
636 1128 700 1190 libri
725 1148 833 1207 scopus
858 1138 912 1190 est.

217 1215 289 1279 Jam
314 1218 363 1299 qui
396 1218 603 1298 perpenderit,
639 1237 726 1295 quam
759 1226 841 1278 arcte
876 1226 943 1279 tota
967 1218 1081 1297 reliqua
1104 1221 1289 1282 astronomia
1312 1241 1379 1283 cum
1403 1220 1485 1284 Solis

125 1313 212 1366 motu
236 1307 394 1386 copuletur
417 1314 618 1387 quantumque
643 1307 728 1381 nobis
752 1308 853 1381 Luna,
889 1307 948 1368 diei
972 1308 1127 1387 noctisque
1151 1308 1322 1389 particeps,
1352 1310 1485 1389 opitule-

125 1405 187 1467 tur,
208 1395 328 1474 quando
352 1414 407 1457 nos
431 1396 531 1456 omnia
554 1395 615 1456 alia
638 1395 738 1456 media
762 1396 918 1457 deficiunt:
949 1397 1017 1475 jure
1042 1398 1161 1471 credet,
1187 1398 1356 1459 universam
1382 1409 1483 1460 astro-

125 1483 258 1545 nomiam
283 1483 330 1545 his
355 1484 495 1545 luminum
519 1484 778 1545 obscurationibus
792 1485 903 1556 inniti,
939 1486 1014 1545 adeo
1048 1494 1081 1547 ut
1107 1487 1165 1546 hae
1199 1487 1389 1548 tenebrae
1424 1488 1486 1549 sint

125 1580 367 1635 astronomorum
398 1572 507 1646 oculi,
534 1574 563 1634 hi
593 1573 769 1634 defectus
800 1573 953 1635 doctrinae
986 1574 1047 1635 sint
1078 1575 1277 1649 abundantia,
1307 1575 1338 1637 hi
1375 1578 1485 1638 naevi
1515 1591 1519 1597 ’

126 1669 245 1723 mentes
269 1662 441 1724 mortalium
465 1661 696 1741 preciosissimis
720 1661 887 1741 picturis
911 1664 1074 1724 illustrent.
1122 1662 1149 1724 O
1171 1663 1309 1725 eximium
1332 1672 1364 1725 et
1387 1667 1484 1726 omni·
1564 1670 1566 1675 '

127 1750 183 1810 bus
209 1751 351 1830 gentibus
375 1750 613 1813 commendabile
638 1760 844 1830 argumentum
868 1752 904 1811 de
929 1752 1078 1812 umbrae
1103 1752 1295 1815 laudibus.

218 1836 387 1910 Quantitas
411 1840 513 1920 itaque
538 1840 663 1920 speciei,
699 1859 787 1918 quam
811 1840 898 1901 Luna
922 1838 1013 1902 Solve
1045 1860 1098 1902 seu
1122 1842 1237 1920 integer
1265 1861 1317 1904 seu
1343 1842 1485 1904 deficiens

130 1927 217 1990 nobis
240 1929 391 2002 ostendit,
414 1928 612 2008 umbraeque,
638 1947 726 2009 quam
741 1929 845 1988 Tellus
869 1929 908 1989 ad
922 1929 1039 1990 Lunam
1065 1930 1209 2005 extendit,
1236 1939 1409 1992 astronomo
1433 1931 1482 1991 di-

132 2017 261 2096 ligenter
283 2025 332 2079 est
355 2018 577 2097 investiganda.
625 2016 788 2078 Stellarum
818 2026 986 2079 ceterarum
1016 2018 1155 2079 diametri
1184 2027 1309 2081 eatenus
1334 2038 1484 2101 quaerun-

136 2113 199 2188 tur,
233 2114 382 2187 quatenns
410 2108 568 2186 ignoratae
600 2105 826 2167 observationes
859 2107 968 2168 inlidas
991 2108 1164 2169 redditurae
1188 2120 1259 2169 sunt
1281 2115 1313 2168 et
1337 2117 1484 2188 quatenus

137 2195 237 2256 eadem
270 2196 351 2258 circa
385 2195 469 2270 illas,
507 2214 583 2276 quae
616 2195 697 2255 circa
720 2193 802 2256 Solis
832 2204 864 2256 et
892 2197 997 2258 Lunae
1021 2214 1175 2276 corporum
1200 2198 1295 2258 moles
1329 2196 1406 2258 scire
1430 2217 1484 2257 sa-

138 2284 273 2362 tegimus.

221 2372 346 2453 Species
372 2379 472 2433 autem
496 2371 565 2433 illae
590 2373 628 2432 ad
653 2391 707 2433 nos
731 2372 917 2433 descendunt
940 2372 1081 2435 beneficio
1105 2373 1179 2436 lucis
1203 2374 1232 2436 in
1257 2372 1328 2435 Solo
1352 2372 1484 2435 directae

143 2471 167 2522 et
186 2462 340 2542 propriae,
364 2461 394 2522 in
422 2461 505 2521 Luna
529 2462 658 2522 reflexae
683 2468 714 2521 et
737 2462 863 2522 alienae.

221 2550 307 2621 Quas
332 2549 463 2629 species,
495 2551 552 2611 etsi
576 2550 705 2611 omnium
730 2551 824 2611 oculis
849 2557 919 2611 suut
942 2550 1061 2624 obviae,
1088 2550 1249 2611 difficulter
1272 2558 1373 2611 tamen
1399 2569 1483 2611 men·

145 2640 228 2701 errari
252 2658 356 2701 omnes
380 2649 542 2719 queruntur
566 2650 803 2700 astronomorum
827 2641 975 2702 artifices:
1009 2640 1119 2718 partim
1144 2639 1221 2718 quod
1246 2646 1370 2719 aspectu
1394 2638 1485 2699 exilia

145 2729 196 2789 sint
215 2747 355 2809 corpora,
379 2727 491 2806 partim
516 2729 593 2808 quod
618 2728 727 2789 eximia
752 2729 816 2789 luce
841 2729 943 2789 oculos
967 2728 1202 2807 praestringant,
1228 2747 1286 2808 quo
1305 2727 1402 2789 minus
1417 2727 1485 2787 olli-

146 2816 211 2879 cium
233 2819 263 2880 in
287 2816 417 2878 videndo
442 2817 565 2879 iaciant.
616 2818 659 2879 m
682 2836 718 2877 ne
752 2817 807 2877 hoc
832 2818 951 2897 quidem
980 2817 1045 2878 loco
1070 2817 1202 2877 discendi
1227 2810 1353 2896 'cupidos
1376 2825 1486 2877 natura

146 2906 287 2982 destituit,
313 2914 485 2967 monstrata
508 2906 639 2979 ratione,
665 2925 724 2985 qua
747 2906 812 2966 sine
837 2907 987 2967 oculorum
1011 2905 1191 2966 detrimento
1215 2902 1400 2967 intenebris
1415 2922 1486 2983 per-

145 2995 304 3070 ficeremus,
330 2994 408 3076 quod
432 2995 461 3055 in
487 2995 569 3055 clara
593 2995 671 3061 luce,
706 2996 822 3055 directa
846 2997 873 3055 in
899 2993 1001 3056 Solem
1024 2995 1107 3056 visus
1132 2993 1212 3068 acie,
1241 2995 1330 3074 plane
1355 3002 1402 3054 est
1424 2994 1484 3054 im-

146 3085 288 3161 possibile.
336 3082 396 3154 Qui
419 3084 525 3144 modus
550 3103 615 3144 cum
640 3084 680 3143 sit
713 3091 744 3144 et
768 3084 965 3144 admiratione
999 3084 1105 3163 dignus
1130 3092 1162 3144 et
1185 3082 1424 3161 ingeniosissime
1448 3081 1486 3141 ab

147 3174 299 3235 artificibus
324 3173 540 3252 apprehensus,
565 3173 672 3251 dignus
697 3181 744 3232 est
768 3181 881 3233 utnon
905 3171 975 3233 vilis
991 3174 1068 3252 apud
1093 3181 1282 3233 astronomos
1306 3179 1337 3232 et
1360 3171 1482 3250 neglec-

146 3270 184 3322 tus
204 3264 368 3337 habeatur,
393 3262 447 3323 sed
462 3261 653 3340 geometricis
669 3261 974 3322 demonstrationibus
994 3269 1114 3323 ornetur
1128 3261 1332 3341 exemplisque
1347 3259 1481 3320 illustre-

145 3359 193 3426 tur,
217 3353 297 3432 quod
322 3350 430 3411 abhinc
454 3350 581 3412 triennio
604 3371 622 3410 a
643 3369 695 3409 me
716 3352 828 3410 sactum
852 3350 1011 3412 occasione
1028 3351 1175 3429 eclipseos
1198 3349 1280 3411 Solis
1301 3348 1370 3410 anni
1389 3343 1482 3417 1600,

144 3439 166 3499 iu
186 3459 252 3502 eum
278 3440 328 3521 qui
350 3440 441 3519 paulo
464 3448 536 3518 post
558 3439 693 3518 sequitur
716 3439 851 3513 modum,
883 3440 909 3499 si
932 3440 1015 3517 prius
1039 3439 1139 3518 aliqua
1161 3439 1357 3517 praemisero.
1403 3437 1483 3497 Nam

145 3530 202 3607 qnia
224 3549 282 3592 uon
308 3537 427 3589 tantum
452 3528 489 3588 de
514 3527 627 3589 directo
648 3529 701 3588 sed
725 3528 815 3589 etiam
831 3529 867 3588 de
882 3545 1059 3607 repercusso
1075 3535 1106 3588 et
1128 3528 1258 3587 refracto
1282 3525 1366 3586 radio
1389 3525 1484 3584 multa

145 3618 342 3680 aVitellione
365 3617 594 3696 praetermissa,
624 3618 733 3690 multa,
759 3636 881 3697 quorum
906 3624 973 3677 erat
997 3637 1015 3676 a
1038 3615 1129 3695 priori
1153 3615 1230 3676 ratio
1254 3612 1421 3682 reddenda,
1445 3612 1483 3672 ab

145 3707 320 3787 experientia
344 3714 461 3767 tantum
486 3706 635 3767 accersita
660 3715 691 3765 et
713 3706 742 3766 in
767 3705 977 3784 principiorum
1003 3706 1098 3766 locum
1125 3704 1274 3765 collocata
1297 3711 1381 3763 sunt:
1413 3701 1483 3780 pla-

144 3797 194 3857 cuit
215 3796 287 3859 mihi
311 3803 409 3857 totam
432 3795 507 3857 lucis
533 3804 670 3855 naturam
693 3794 783 3873 paulo
810 3794 942 3872 penitius
967 3795 1113 3875 inspicere
1139 3802 1170 3854 et
1193 3813 1244 3862 ea,
1279 3810 1355 3872 quae
1387 3808 1484 3869 appa-

144 3892 216 3956 rent,
239 3892 385 3966 quantum
409 3883 438 3944 in
462 3884 637 3963 praesentia
660 3883 724 3943 lieri
746 3884 845 3962 potuit
869 3884 906 3942 ad
932 3904 987 3944 sua
1010 3882 1156 3963 principia
1178 3900 1336 3943 revocare:
1371 3880 1396 3940 si
1421 3880 1484 3939 ior-

145 3981 215 4035 tasae
239 3973 331 4035 futuri
356 3973 417 4034 sint
442 3973 585 4044 lectores,
621 3990 743 4051 quorum
776 3972 896 4051 ingenia
928 3973 966 4031 ad
999 3963 1173 4051 indaganda
1204 3971 1279 4032 lucis
1303 3988 1414 4030 arcana
1439 3969 1485 4028 his

146 4061 386 4143 disputationibus
405 4061 501 4140 magis
526 4063 573 4122 vel
598 4061 724 4121 excitari
749 4062 795 4122 vel
820 4062 911 4122 etiam
931 4061 1034 4139 juvari
1057 4060 1183 4140 possint.
1232 4056 1411 4138 Quanquam
1427 4075 1483 4115 non

147 4150 290 4213 admodum
313 4160 437 4230 praeter
459 4151 631 4211 institutum
656 4150 731 4210 ista:
757 4170 812 4211 nec
836 4151 914 4211 enim
939 4168 1036 4230 pauca
1051 4158 1121 4211 sunt
1145 4156 1317 4209 astronomo
1341 4164 1395 4225 per
1418 4164 1483 4204 om-

147 4257 189 4300 ues
210 4242 360 4303 radiorum
385 4239 502 4320 species
527 4239 724 4318 expedienda.
1515 4244 1522 4253 ‘
