3692 5842
245 1444 364 1529 11101111
387 1451 563 1547 CllPllllll,
586 1453 628 1528 IN
651 1452 750 1541 011111
774 1451 955 1529 LIBELLUS
977 1453 1064 1531 ISTE
1087 1455 1340 1533 DISTRIBUTUS
1362 1453 1444 1531 EST.

778 1657 912 1669 ι*-

224 1785 276 1856 hp.
317 1785 340 1840 1.
381 1784 507 1841 Historia
527 1787 598 1843 Nori
619 1787 725 1854 sideris,
747 1789 819 1860 quod
840 1787 1167 1845 1111111604.011605.
1189 1788 1317 1844 01111110
1334 1787 1522 1862 Serpentasio,

433 1885 485 1937 per
504 1868 724 1923 circumstantias
746 1885 812 1923 suas
838 1869 987 1939 descripta.

301 1947 335 2000 ll.
376 1946 420 1999 De
441 1948 562 2020 'trigono
583 1949 678 2021 lgneo,
700 1965 734 2003 ac
754 1949 832 2004 initio
854 1952 888 2002 de
908 1947 997 2019 primo
1017 1948 1175 2021 significatu
1194 1949 1269 2004 vocis
1290 1948 1469 2020 Trigonus.

290 2025 338 2079 lll.
381 2026 424 2079 De
446 2028 537 2081 altero
558 2028 717 2101 significatu
736 2030 812 2083 vocis
833 2029 978 2100 Trigonus,
1001 2045 1051 2083 seu
1074 2030 1108 2083 de
1122 2029 1352 2100 Triangulatione
1373 2028 1522 2101 signorum.

293 2106 340 2159 lv.
382 2108 426 2160 An
447 2106 544 2162 divisio
565 2108 671 2162 zodiaci
690 2108 719 2163 in
740 2109 881 2164 duodecim
905 2116 1001 2179 partes
1029 2110 1162 2180 aequales
1183 2109 1222 2163 sit
1246 2108 1402 2178 naturalis,
1427 2115 1525 2164 contu

393 2217 395 2221 ·
434 2188 602 2259 astrologos.

309 2265 342 2320 V.
384 2269 429 2319 An
450 2267 561 2323 nomina
580 2267 722 2340 signorum
743 2268 799 2323 sint
812 2267 973 2334 arbitraria,
995 2285 1032 2324 an
1045 2285 1111 2324 vero
1132 2267 1274 2324 naturalia
1287 2276 1318 2324 et
1330 2266 1523 2342 significativa,

360 2370 367 2380 ·
435 2354 534 2402 contra
553 2349 721 2420 astrologos.

295 2425 343 2479 VI.
384 2426 642 2482 Denominationem
662 2428 843 2500 'lhigonorum
863 2430 900 2483 ab
921 2428 1065 2482 elementis
1086 2447 1140 2484 non
1160 2446 1223 2484 esse
1243 2447 1281 2484 ex
1301 2445 1393 2485 rerum
1413 2433 1524 2496 natura,

435 2510 484 2561 sed
504 2526 542 2562 ex
562 2508 677 2564 arbitrio
697 2508 845 2571 hominum,
867 2516 965 2563 contra
984 2509 1150 2581 astrologos.

283 2583 343 2638 Vll.
384 2585 463 2648 Quae
493 2604 579 2643 causa
608 2587 744 2643 naturalis
775 2587 859 2659 signa
887 2587 1000 2643 Zodiaci
1032 2589 1180 2645 trientibus
1210 2589 1304 2644 circuli
1334 2586 1469 2643 distantia
1497 2587 1526 2641 in

434 2683 516 2721 unam
537 2668 727 2739 triplicitatem
748 2669 881 2738 copulet?
902 2669 951 2723 abi
971 2669 1037 2722 ordo
1057 2669 1230 2739 periodorum
1251 2668 1364 2725 zodiaci.

268 2741 343 2798 Vlll.
383 2745 426 2799 De'
447 2746 619 2817 triplicitatis
640 2748 741 2819 igneae
762 2748 865 2803 viribus
887 2749 1080 2812 naturalibus;
1102 2757 1133 2803 et
1151 2748 1239 2819 primo
1256 2750 1290 2803 de
1305 2747 1527 2820 conjunctionum

435 2826 560 2882 efficacia
579 2834 676 2882 contra
695 2829 831 2883 loannem
851 2827 946 2882 Picum
965 2829 1140 2884 Mirandulae
1160 2828 1303 2884 Comitem.

294 2902 343 2957 lx
383 2904 427 2958 De
448 2913 612 2977 aspectuum
632 2915 785 2963 ceterorum
806 2910 930 2979 adeoque
951 2914 981 2963 et
997 2908 1101 2980 trigoni
1121 2908 1255 2974 eilloaoia,
1277 2916 1375 2964 conas
1394 2908 1526 2970 eundem

438 3004 477 3041 ex
497 2988 621 3042 doctrina
640 2988 808 3052 harmonica,
830 2988 909 3059 cujus
929 2988 975 3042 hic
995 2989 1181 3045 fundamenta

306 3061 343 3117 X.
385 3063 528 3127 Quatenus
549 3068 617 3123 locis
637 3068 762 3139 signiferi
784 3084 803 3123 a
822 3068 999 3138 planetarum
1024 3069 1233 3142 congressibus,
1255 3067 1301 3139 qui
1321 3070 1373 3123 sub
1393 3067 1428 3122 iis
1448 3068 1526 3131 flunt,

438 3147 543 3218 aliquid
562 3148 692 3204 momenti
714 3151 844 3203 accedat:
872 3148 920 3202 ubi
940 3150 1024 3219 plura
1043 3151 1078 3203 de
1098 3150 1233 3205 facultate
1253 3148 1417 3219 impressira
1435 3164 1528 3202 rerum

438 3228 637 3285 sublunarium.
989 3281 992 3286 .

293 3302 343 3359 XI.
384 3306 428 3359 De
454 3313 578 3378 tempore
603 3326 725 3381 magnae
751 3308 965 3381 conjunctionis,
994 3325 1065 3381 quae
1091 3307 1255 3378 principium
1284 3306 1352 3361 iecit
1380 3306 1527 3361 revolutae

439 3387 595 3457 triplicitati
616 3390 736 3461 igncee3
756 3391 804 3444 ubi
821 3389 1029 3445 observationes
1050 3387 1132 3442 trium
1152 3387 1325 3457 superiorum
1345 3383 1527 3440 1110111606.

442 3467 528 3522 1604.
550 3469 676 3525 habitae.

282 3541 345 3597 m
387 3545 602 3603 Observationes
622 3551 719 3604 Novae
740 3549 849 3612 stellae,
871 3549 950 3604 annis
975 3548 1060 3611 1604,
1085 3545 1169 3601 1605.

267 3622 343 3677 Xlll.
384 3624 527 3695 Inquisitio
549 3628 603 3683 loci
624 3628 683 3684 seri
705 3630 756 3684 sub
777 3628 888 3683 zodiaco
909 3628 980 3684 Novi
1001 3625 1107 3682 sideris.

266 3701 341 3756 XIV.
382 3703 426 3757 De
447 3708 659 3764 constellatione
680 3708 859 3779 serpentarii,
881 3707 1025 3779 Serpentis
1047 3713 1077 3762 et
1096 3702 1260 3775 Scorpionis.

437 3785 542 3857 Typus,
563 3787 591 3842 in
613 3806 665 3861 quo
687 3805 793 3844 summa
811 3788 876 3844 libri
897 3789 1027 3845 ocularis.

284 3859 346 3917 XV.
387 3864 431 3918 De
451 3864 512 3920 loco
532 3866 616 3937 bqjus
637 3867 733 3923 sideris
748 3868 776 3924 in
789 3869 882 3924 mundi
902 3868 1045 3932 diametro,
1061 3883 1111 3921 seu
1125 3866 1159 3919 de
1172 3863 1305 3918 immensa
1325 3858 1387 3930 ejus
1401 3876 1421 3915 a
1433 3864 1528 3916 centm

436 3945 540 4001 Terrae
561 3947 703 4014 distantia,
724 3949 896 4019 potissimum
916 3949 944 4004 in
965 3946 1168 4022 hypothesibus
1189 3939 1395 4014 Copcrnicanis.

270 4020 344 4078 XVI.
383 4022 545 4082 Excusatur
565 4027 733 4084 immensitas
753 4030 872 4086 fixarum
888 4028 916 4084 in
931 4025 1113 4100 Copernicani
1133 4022 1354 4096 hypothesibusr
1375 4017 1530 4075 ostenditur

435 4112 557 4160 motuum
588 4114 747 4180 temperata
775 4109 1020 4173 commensuratio,
1052 4122 1123 4178 qnae
1153 4101 1342 4159 Ptolemaicaa
1372 4097 1528 4154 sententiae

436 4184 532 4248 deest;
555 4187 621 4244 item
643 4191 716 4259 apud
736 4191 851 4244 eundem
872 4188 952 4260 origo
967 4194 997 4243 et
1010 4185 1185 4259 pulchritudo
1205 4178 1391 4253 proportionis
1410 4178 1529 4233 fixarum

438 4265 474 4317 ad
494 4266 625 4332 mobilia;
646 4268 695 4322 ubi
715 4268 796 4324 simul
816 4270 850 4323 de
870 4267 942 4324 Novi
962 4266 1058 4324 sideris
1079 4263 1278 4335 magnitudine.

254 4341 341 4398 xvu.
382 4341 523 4399 Probatur
533 4361 559 4425 a
573 4347 711 4417 qualitate
730 4346 848 4413 luminis,
870 4348 936 4403 item
957 4364 976 4402 a
991 4345 1093 4418 quiete,
1108 4343 1137 4398 in
1150 4340 1321 4397 Ptolemaica
1334 4335 1526 4392 etBrabeana

435 4422 632 4495 hypothesium
653 4428 750 4493 forma,
771 4428 882 4482 stellam
902 4427 975 4482 inter
995 4426 1083 4480 affixa
1103 4422 1195 4477 sidera
1215 4420 1338 4476 stetisse.

237 4499 340 4558 xvlu.
381 4501 425 4555 Dc
445 4503 569 4573 puritate
589 4506 712 4574 luminis,
734 4506 871 4562 coloribus
892 4512 923 4562 et
942 4503 1140 4563 scintillatione
1160 4500 1232 4557 Nori
1259 4496 1355 4554 sideris
1376 4509 1523 4565 eorumque

434 4599 535 4638 causus.

260 4660 338 4717 XIX.
379 4660 423 4714 De
442 4662 562 4719 materia
581 4665 652 4722 Nori
672 4666 779 4723 sideris.

276 4740 340 4796 XL
381 4744 427 4795 An
441 4742 503 4812 jann
523 4744 588 4799 olim
608 4745 750 4801 exstiterit
768 4745 887 4801 materia
907 4761 1061 4816 corpusque
1081 4741 1152 4798 Nori
1171 4740 1276 4796 sideris.

262 4818 339 4876 XXI.
381 4823 427 4875 An
446 4829 523 4879 motu
549 4831 665 4896 recepta
684 4825 723 4880 sit
746 4827 818 4881 haec
837 4826 923 4881 stella
943 4826 972 4880 in
996 4824 1161 4895 protundum
1185 4818 1320 4882 aetheris,
1348 4822 1379 4876 et
1398 4829 1515 4884 compro·

433 4902 511 4958 batio
532 4905 725 4970 astronomica,
747 4907 820 4979 quod
838 4906 957 4962 uxorum
979 4905 1102 4975 sphaera
1124 4901 1203 4958 anim
1222 4899 1260 4956 sit
1279 4897 1365 4952 etiarn
1384 4895 1412 4950 in
1432 4894 1521 4965 hypo·

433 4982 558 5038 thesibus
579 4984 731 5056 copernici.
