3692 5842
330 486 395 552 216
801 487 992 551 Paralipomena
1009 489 1035 537 in
1054 487 1222 540 Vitellianom.

330 666 388 728 iste
412 663 573 726 fasciculus
598 671 629 723 et
658 662 709 723 uix
732 659 797 726 Μ’.
844 661 911 725 Nisi
942 663 1019 724 fbrtc
1043 663 1098 726 Sol
1122 664 1200 727 ἰηΕ
1231 665 1360 745 aliquam
1390 665 1553 728 obtinuerit
1578 664 1689 726 altitu·

330 753 430 815 dinem
463 748 555 831 suipra
588 750 787 826 horizontem,
822 753 899 830 quod
932 771 988 813 non
1023 752 1148 814 addunt.
1199 755 1322 817 Bisecto
1352 773 1423 817 vero
1453 754 1511 816 hoc
1543 753 1691 816 fasciculo

329 839 553 912 retractionum,
578 851 610 900 et
633 839 755 902 dimidio
780 840 884 901 ablato
908 840 947 901 ab
971 841 1038 915 ΑΕ,
1063 842 1177 923 reliquo
1202 844 1299 916 auu,
1323 851 1421 906 restat
1445 843 1506 905 illic
1530 838 1593 906 75⁰
1615 841 1690 904 alti-

329 929 401 992 tudo
424 929 496 1008 poli,
522 928 568 988 uic
598 923 655 990 ¹5⁰
678 930 866 1009 aequatoris‚
895 929 1000 1007 paucis
1029 929 1151 994 minutis
1174 934 1242 1012 plus
1266 932 1313 994 vel
1337 934 1443 995 minus.
1489 933 1556 994 Aut
1578 930 1690 993 verisi-

329 1018 445 1089 milius,
475 1016 517 1077 sit
540 1016 601 1077 illic
630 1018 774 1078 retractio
799 1019 837 1078 ob
867 1018 1084 1096 longitudinem
1109 1021 1167 1081 diei
1191 1019 1256 1091 20‘,
1280 1020 1327 1083 uic
1351 1022 1389 1084 ob
1419 1019 1601 1083 breuitatem
1625 1016 1691 1086 Μ’,

329 1108 382 1168 fiet
401 1105 531 1167 altitudo
555 1103 615 1182 poli
641 1103 701 1168 75⁰
727 1102 788 1178 Μ’,
819 1106 993 1185 aequatoris
1023 1101 1080 1168 Μ’
1102 1105 1166 1183 Μ’,
1192 1118 1224 1170 at
1251 1110 1347 1170 centri
1371 1108 1453 1171 Solis
1482 1109 1609 1188 primum
1632 1107 1691 1170 visi

334 1188 393 1257 18⁰
416 1191 469 1256 58¹
494 1192 667 1256 declinatio.
706 1195 786 1273 Ergo
811 1194 954 1255 refractio
978 1190 1017 1256 Δί’
1036 1192 1095 1272 Μ’,
1120 1217 1173 1277 per
1197 1197 1392 1260 bisoctionem
1415 1216 1549 1260 summae
1572 1198 1689 1259 refrac-

331 1283 443 1345 tionum
477 1290 562 1342 esset
585 1277 624 1341 4⁰
647 1280 687 1344 3⁴.
734 1282 804 1343 Jam
838 1290 1009 1361 computum
1041 1287 1123 1363 prius
1153 1286 1321 1348 altitudinis
1349 1294 1382 1348 et
1414 1285 1577 1348 densitatis
1609 1285 1690 1348 aeris

330 1370 500 1449 subjiciam,
527 1379 641 1449 quanta
663 1371 796 1448 potuerit
816 1390 882 1431 esse
908 1371 1031 1432 minima
1050 1376 1088 1436 ad
1112 1385 1230 1437 tautam
1254 1376 1463 1438 refractionem
1488 1374 1689 1437 efficiendam.

330 1458 486 1520 Minimam
520 1466 621 1519 autem
655 1460 849 1520 sumserimus
880 1460 1077 1537 densitatem,
1107 1465 1132 1525 si
1156 1472 1344 1537 statuamus,
1374 1463 1587 1526 refractionem
1611 1463 1689 1524 banc

330 1544 369 1610 4⁰
396 1542 446 1608 Μ’
480 1548 568 1625 plane
599 1548 815 1610 horizontalem
846 1568 930 1620 esse,
965 1549 1021 1611 hoc
1045 1560 1109 1627 est,
1142 1554 1257 1615 radium
1286 1551 1385 1628 Solis,
1420 1551 1468 1632 qui
1497 1570 1535 1613 ex
1566 1552 1691 1613 aethere

331 1634 518 1714 superficiem
534 1634 615 1696 airis
630 1637 738 1715 tangit,
762 1640 925 1700 refractum
941 1637 969 1698 iu
990 1645 1059 1700 aere
1076 1661 1191 1703 rursum
1214 1651 1340 1721 tangere
1364 1640 1550 1720 superficiem
1565 1640 1690 1702 Terrae.

330 1723 414 1785 Tunc
438 1724 519 1784 iutra
547 1730 650 1785 adrem
681 1726 846 1786 constituet
876 1744 942 1788 cum
972 1730 1129 1807 superficie
1158 1730 1238 1792 aeris
1267 1731 1407 1809 angulum
1431 1723 1494 1792 85⁰
1515 1723 1581 1803 46⁶,
1607 1729 1692 1806 cujus

331 1831 439 1874 secans
469 1807 628 1874 1354677.
677 1814 756 1876 Hinc
779 1815 906 1895 simplex
931 1818 1073 1879 retractio
1098 1820 1241 1898 graduum
1266 1815 1327 1882 90⁰
1350 1828 1398 1881 est
1426 1814 1484 1881 19’.
1530 1818 1578 1879 At
1600 1835 1693 1897 sopra

331 1899 530 1963 communiter
554 1908 607 1961 abr
630 1903 667 1961 de
691 1899 752 1965 90⁰
774 1904 960 1982 refringebat
983 1904 1110 1986 simplici
1135 1930 1191 1970 sua
1214 1908 1365 1970 densitate
1394 1902 1495 1981 1’6”,
1519 1925 1592 1984 ergo
1618 1907 1693 1968 haec

266 1999 273 2014 ·
331 1988 412 2050 illius
437 1988 598 2049 densitatis
622 2001 671 2051 est
693 1993 939 2072 septemdccupla
964 1996 1044 2056 fere:
1071 1998 1155 2077 labris
1179 2016 1250 2059 uero
1278 1996 1410 2076 sphaera
1435 1997 1496 2056 fere
1524 1993 1693 2076 quadruplo

332 2076 424 2138 altior
448 2096 536 2157 quarn
560 2078 653 2156 prius,
677 2080 765 2140 duum
787 2082 847 2141 fere
872 2080 1052 2146 milliarium.
1092 2087 1175 2146 llaec
1200 2093 1287 2146 tanta
1310 2084 1439 2146 altitudo
1464 2104 1538 2145 saue
1559 2103 1597 2144 ne
1621 2082 1692 2145 milri

330 2166 449 2248 quidem
478 2172 527 2226 est
555 2167 716 2228 credibilis.
769 2170 813 2228 At
844 2189 939 2249 neque
969 2172 1155 2235 humiliorem
1185 2193 1338 2235 assumere
1367 2182 1466 2254 potes.
1518 2169 1635 2234 Ceutro
1663 2175 1693 2234 Δ

1000 2265 1150 2326 scribatur
1180 2263 1309 2325 circulus
1341 2262 1489 2323 maximus
1521 2259 1691 2341 superficiei

1002 2353 1112 2413 Terrae
1136 2353 1207 2427 BC,
1237 2361 1270 2414 et
1298 2352 1379 2414 aeris
1401 2351 1458 2413 ΕΗ
1482 2348 1566 2411 etin
1591 2349 1692 2429 aliquo

1002 2431 1154 2521 punctnE
1173 2451 1281 2519 tangat
1299 2442 1351 2502 FB
1370 2440 1471 2502 radius
1485 2437 1569 2502 Solis
1583 2455 1692 2518 super-

1001 2530 1096 2590 ficiem
1126 2531 1205 2590 aeris
1228 2530 1299 2602 ΕΗ,
1329 2528 1426 2609 ibique
1456 2528 1643 2606 refringatur
1664 2525 1693 2588 in

1001 2618 1065 2689 ΕΒ,
1080 2619 1123 2680 sic
1139 2628 1171 2679 ut
1185 2618 1239 2679 ΕΒ
1255 2617 1440 2697 superficiem
1455 2617 1568 2677 Terrae
1584 2627 1694 2694 tanget

1002 2707 1030 2767 in
1046 2708 1082 2780 B,
1105 2716 1136 2768 et
1154 2708 1195 2769 sit
1215 2707 1342 2786 angulus
1365 2703 1555 2767 retractionis
1574 2699 1616 2766 4⁰
1632 2699 1693 2766 Μ’.

1002 2796 1069 2856 Erit
1105 2796 1132 2856 ei
1171 2797 1306 2876 aequalis
1342 2793 1427 2856 ΒΑΕ
1463 2812 1518 2874 per
1555 2791 1694 2874 superius

1001 2885 1217 2957 demonstrata,
1244 2895 1274 2944 et
1299 2884 1350 2944 liet
1373 2892 1458 2944 certa
1481 2881 1612 2944 altitudo
1629 2879 1692 2945 ci).

1001 2972 1034 3036 Si
1060 2974 1125 3053 jam
1149 2973 1334 3034 humiliorem
1360 2971 1435 3032 uelis
1464 2971 1588 3050 pingere
1613 2970 1694 3032 aeris

1001 3062 1204 3142 superficiem,
1240 3081 1311 3141 ergo
1344 3070 1448 3122 centro
1480 3062 1509 3121 Λ
1543 3057 1695 3120 scribatur

1000 3152 1128 3212 circulus
1143 3153 1223 3212 intra
1232 3151 1269 3225 E,
1285 3149 1402 3211 secabit
1413 3149 1438 3210 is
1448 3149 1503 3209 ΕΒ
1518 3148 1693 3220 refractum,

999 3248 1084 3301 secet
1114 3242 1141 3300 in
1167 3240 1209 3314 l),
1238 3249 1270 3299 et
1298 3259 1334 3301 ex
1358 3239 1386 3298 D
1415 3247 1525 3317 puncto
1559 3236 1617 3316 ipsi
1641 3235 1694 3297 Er

333 3337 496 3415 parallelos
521 3338 665 3399 educatur
679 3335 745 3408 DC,
772 3345 804 3396 ut
828 3335 871 3394 sic
896 3329 1084 3394 rel'ractiouis
1109 3329 1235 3408 angulus
1253 3327 1294 3388 sit
1308 3347 1424 3388 rursum
1444 3325 1484 3390 4⁰
1501 3322 1561 3400 Μ’,
1588 3341 1694 3404 nempe

334 3426 414 3488 BEF
438 3426 576 3507 aequalis
600 3426 709 3504 angulo
735 3422 828 3486 BDC.
876 3422 951 3482 Dico
975 3418 1029 3480 DC
1054 3418 1201 3497 jamnon
1231 3417 1359 3495 amplius
1383 3416 1411 3477 io
1436 3416 1560 3477 aethere
1585 3415 1640 3475 sed
1664 3414 1694 3474 iu

335 3523 405 3577 aire
431 3517 572 3589 futumm,
599 3524 749 3576 scoturum
775 3531 879 3590 nempe
904 3509 1045 3571 circulum
1065 3507 1160 3584 perl)
1180 3506 1218 3566 ad
1242 3514 1345 3586 partes
1364 3504 1426 3565 Er.
1467 3503 1695 3567 Coauectautur

335 3604 414 3666 enim
439 3605 477 3678 D,
503 3604 531 3666 A
556 3611 679 3683 puncta.
727 3601 807 3672 Quia
839 3600 930 3678 igitur
953 3599 1015 3670 EF,
1040 3593 1095 3657 DC
1124 3595 1276 3674 paralleli,
1309 3594 1452 3673 aequales
1484 3601 1574 3654 erunt
1595 3591 1694 3657 ΒΕΑ.

333 3692 416 3756 ΓΕΑ
440 3701 473 3753 et
506 3691 595 3765 recti,
630 3692 708 3772 quod
738 3692 791 3752 EF
823 3689 865 3749 sit
896 3686 1074 3765 contingens
1107 3684 1247 3745 circulum
1277 3683 1305 3743 iu
1334 3683 1371 3743 Ε.
1419 3679 1519 3750 Quare
1554 3681 1582 3742 in
1607 3679 1695 3743 Dea

334 3781 509 3859 rectangulo
540 3787 640 3843 rectus
663 3777 750 3842 Dcn
781 3778 915 3857 aequalis
940 3786 989 3836 est
1018 3774 1140 3854 reliquis
1166 3770 1267 3846 CDA,
1294 3769 1380 3832 cul)
1406 3770 1548 3848 junctim.
1595 3769 1699 3849 Major

333 3868 425 3945 igitur
439 3868 527 3931 DCA
552 3888 640 3948 quam
656 3866 741 3930 ODA
764 3866 929 3929 solitarius.
954 3864 1055 3942 Major
1078 3862 1168 3941 igitur
1183 3860 1242 3921 DA
1258 3878 1354 3940 ‚quam
1370 3857 1425 3923 CA
1450 3858 1552 3932 (Eucl.
1574 3859 1599 3927 1,
1629 3857 1695 3930 18).

333 3955 466 4017 Etcum
500 3958 541 4018 sit
563 3958 623 4019 ΒΛ
658 3957 881 4018 semidiameter
911 3953 1074 4015 novissime
1107 3950 1212 4029 scripti
1246 3948 1347 4009 circuli
1376 3948 1456 4010 aeris
1479 3966 1533 4029 per
1556 3947 1600 4019 D,
1628 3947 1697 4027 plus

333 4043 425 4123 igitur
448 4045 692 4107 circumferentia
716 4046 743 4106 D
768 4044 898 4106 discedit
920 4043 958 4103 ab
982 4043 1026 4115 A,
1057 4059 1145 4119 quam
1170 4038 1195 4101 C
1224 4046 1375 4117 punctum.
1423 4037 1505 4122 Ergo
1528 4035 1585 4100 DC
1609 4045 1699 4098 secat

332 4133 606 4194 circumferentiam
637 4153 742 4194 versus
771 4139 875 4212 pmtes
901 4130 926 4194 C
950 4150 1008 4191 non
1034 4128 1146 4201 minus,
1172 4146 1260 4207 quam
1285 4126 1315 4186 in
1339 4127 1368 4187 D
1391 4135 1513 4207 puncto.
1560 4126 1611 4187 lta
1634 4125 1698 4196 liet,

332 4230 366 4283 ut
389 4221 444 4285 CI)
469 4223 511 4283 eit
534 4222 591 4283 sub
615 4230 695 4290 abre.
721 4241 778 4283 non
803 4222 832 4283 in
857 4221 951 4283 libero
976 4219 1109 4280 aethere.
1152 4215 1254 4286 Quraro
1279 4223 1411 4277 autnon
1436 4214 1495 4276 erit
1518 4215 1574 4275 boc
1597 4214 1697 4294 plrae-

333 4329 481 4372 nomenon
517 4331 553 4370 ex
588 4330 696 4382 genere
731 4311 932 4383 legitimarum
972 4306 1184 4370 refractionum
1218 4314 1271 4366 aut
1303 4305 1484 4366 credendum
1517 4303 1605 4366 nobis
1638 4314 1698 4376 est,

332 4397 522 4460 altitudinem
547 4399 628 4460 aleris
653 4399 746 4459 luisse
771 4399 790 4461 2
815 4398 994 4460 milliarium.

424 4486 593 4548 Ostendam
619 4487 710 4563 igitur
733 4487 807 4549 duos
832 4488 909 4549 alios
934 4486 1054 4556 modos,
1080 4483 1186 4563 quibus
1210 4483 1271 4544 tale
1297 4481 1523 4559 phaenomenon
1548 4480 1698 4560 possibile

332 4575 375 4636 sit
394 4576 586 4654 contingere:
608 4584 764 4655 utrumque
784 4597 803 4636 a
818 4575 979 4637 Cleomede
1000 4584 1043 4645 (de
1057 4580 1168 4636 blundo:
1188 4580 1224 4630 ed·
1240 4579 1360 4643 Homeri.
1379 4580 1438 4629 Bu.
1454 4577 1531 4636 ¹54⁷.
1544 4593 1570 4643 p·
1585 4575 1638 4627 ³²⁷
1651 4575 1698 4634 a)

332 4664 534 4736 delineatum,
569 4665 594 4724 si
627 4665 701 4724 bene
733 4663 826 4736 ipsius
860 4666 953 4726 verba
987 4664 1015 4724 in
1050 4662 1106 4722 fue
1140 4661 1179 4722 ll.
1214 4659 1281 4722 libri
1315 4679 1380 4720 cum
1412 4659 1458 4721 bis
1490 4660 1696 4721 conferantur.

332 4753 450 4814 l’rimus
475 4753 503 4814 in
530 4772 565 4812 eo
589 4753 739 4824 consistit,
767 4762 800 4813 ut
822 4753 847 4813 si
873 4751 1046 4813 observatio
1071 4751 1124 4810 liat
1148 4750 1221 4810 iuB
1245 4755 1365 4829 puncto,
1392 4750 1518 4811 ducatur
1539 4747 1597 4812 DC
1620 4767 1696 4812 con-

332 4841 452 4918 tingens
477 4842 661 4919 superficiem
686 4841 798 4902 Terrae
823 4851 855 4901 et
877 4840 1135 4919 comprehendens
1164 4840 1304 4915 angulum
1334 4856 1400 4898 cum
1425 4839 1480 4899 llll
1504 4838 1695 4918 imperatum.

332 4941 366 4989 ut
390 4929 461 5008 quia
485 4929 627 4990 refractio
657 4930 749 4990 debet
776 4949 844 4989 osse
868 4926 907 4991 4⁰
935 4927 994 4999 Μ’,
1024 4929 1065 4991 sit
1096 4927 1180 4991 BDC
1213 4925 1293 4990 175⁰
1315 4921 1379 4988 dd‘.
1427 4926 1549 5006 Tangat
1570 4928 1696 4990 Terram

332 5017 362 5080 iu
389 5016 413 5080 C
439 5024 470 5078 et
493 5026 577 5077 secet
601 5017 653 5077 ΒΕ
679 5017 707 5078 in
731 5018 772 5078 D.
818 5016 860 5077 ut
882 5027 1013 5098 ponatur
1035 5019 1099 5098 jam
1122 5018 1152 5079 in
1177 5014 1201 5080 C
1227 5019 1325 5081 nullus
1348 5021 1411 5078 adr.
1457 5015 1542 5096 Ergo
1566 5015 1597 5080 iu
1620 5013 1696 5080 loeis
