3692 5842
687 498 719 555 de
737 502 811 555 rebar
830 500 935 568 Opfielr.
1314 498 1318 506 '
1429 500 1491 571 115

223 672 287 740 Sed
314 679 371 740 hoc
402 685 505 758 potest
535 680 661 758 proferri
694 682 877 760 popularius.
930 679 1004 743 Cum
1033 681 1150 743 Lunam
1184 683 1359 762 aspicimus,
1393 692 1492 746 totam

133 765 224 828 simul
248 786 315 828 cum
338 767 417 829 bona
440 777 528 847 parte
552 770 632 831 aeris
662 771 756 831 nostri
786 770 931 831 illustrati
961 772 1113 846 ridemus,
1145 772 1309 833 obruuntur
1332 794 1350 832 a
1375 774 1492 835 luminis

124 855 250 934 ¹copiosi
274 863 438 935 conspectu
463 858 550 920 oculi.
599 858 641 918 At
665 858 690 918 si
714 867 834 920 utamur
855 859 1038 940 perspicillo,
1064 860 1187 920 minima
1210 861 1314 921 Lunae
1338 880 1410 940 pars
1434 883 1493 924 una

132 943 198 1005 vice
221 962 278 1023 per
300 945 504 1025 perspicillum
527 947 697 1008 admittitur
721 955 865 1028 tantoque
894 950 1004 1017 minor,
1038 958 1149 1027 quanto
1174 949 1302 1010 nobilius
1325 959 1373 1011 est
1396 953 1491 1011 teles-

134 1032 267 1112 copium.
314 1035 363 1095 lta
386 1035 419 1094 fit
442 1042 476 1094 ut
499 1055 555 1095 non
580 1036 693 1096 sintin
719 1045 806 1097 tanta
842 1037 992 1098 claritatis
1023 1037 1193 1098 differentia
1220 1046 1323 1118 partes
1347 1041 1492 1116 pauculae

132 1139 188 1201 per
211 1120 427 1219 telescopinm
432 1122 520 1184 simul
544 1125 710 1226 inspectae,
735 1125 763 1185 in
789 1134 902 1204 quanta
931 1134 1001 1186 sunt
1027 1136 1133 1204 partes
1157 1127 1271 1199 Lunae,
1298 1127 1438 1188 deficiens
1462 1139 1494 1188 et

134 1210 302 1285 luminosa,
334 1199 427 1272 nudis
445 1212 570 1273 oculis
563 1221 718 1292 inspectae
742 1213 839 1275 simul.
887 1214 1016 1274 Tollitur
1047 1215 1138 1292 igitur
1167 1216 1331 1293 telescopio
1365 1216 1492 1294 impedi-

134 1309 268 1361 mentum
292 1298 456 1372 claritatis,
487 1320 563 1380 quae
588 1302 675 1362 nudis
700 1303 794 1363 oculis
825 1303 924 1364 vicina
953 1305 1092 1364 offuscat.
1138 1303 1182 1364 Ut
1205 1304 1249 1364 ita
1272 1323 1328 1363 non
1354 1304 1435 1365 sito
1419 1325 1493 1384 opus

135 1389 293 1467 corporale
327 1397 448 1468 tegmen
472 1390 530 1468 ipsi
554 1391 688 1451 Lunae'
681 1412 710 1452 ru
743 1392 826 1452 coelo
860 1392 1023 1452 obtendere
1058 1391 1145 1470 idque
1170 1393 1207 1451 ad
1232 1392 1358 1470 primam
1393 1396 1492 1472 appli-

134 1477 285 1538 cationem
309 1476 465 1557 telescopii
490 1480 606 1540 tollere.
645 1478 680 1540 Si
703 1480 810 1541 limbus
834 1480 884 1541 ille
904 1480 1008 1540 Lunae
1033 1482 1114 1541 reale
1139 1481 1287 1558 quidest,
1312 1489 1364 1541 aer
1388 1502 1494 1561 nempe

134 1566 215 1627 circa
238 1567 368 1640 Lunam,
392 1567 470 1645 quod
494 1569 578 1629 valet
601 1568 691 1629 etiam
716 1570 754 1628 ad
778 1569 895 1629 oculum
919 1569 1028 1629 nudum
1061 1571 1254 1642 movendum,
1284 1571 1373 1648 juxta
1396 1570 1494 1650 ipsum

134 1653 394 1735 Lunaecorpus:
419 1656 469 1734 qui
493 1658 527 1717 fit
549 1656 655 1735 igitur,
682 1658 759 1737 quod
783 1676 832 1718 res
856 1657 922 1732 illa,
948 1663 1001 1717 aer
1024 1657 1088 1732 ille,
1114 1658 1321 1737 inspicientem
1345 1677 1399 1738 per
1422 1679 1494 1739 per-

135 1743 289 1823 spicillum
322 1744 443 1824 penitus
468 1745 565 1806 latet?
598 1747 622 1806 si
652 1755 756 1808 tantae
790 1745 939 1807 claritatis
964 1754 1011 1806 est
1042 1747 1149 1808 limbus
1178 1768 1232 1808 sou
1264 1747 1366 1808 tunica
1395 1750 1495 1827 potius

134 1833 229 1908 adria,
255 1843 290 1894 ut
314 1833 406 1893 ctiam
430 1853 532 1896 rerum
556 1854 663 1914 corpus
688 1836 805 1909 Lunae,
839 1843 933 1896 totunr
958 1835 1151 1909 luminosum,
1182 1845 1267 1914 tegat
1295 1837 1373 1897 nudo
1398 1839 1494 1910 oculo,

136 1940 187 1984 cur
211 1941 270 1983 non
296 1923 373 2000 tegit
397 1922 471 1984 illud
494 1943 548 2002 per
578 1923 806 1985 instrumentum
839 1923 1068 2004 transpicient'i?
1102 1945 1153 1985 cur
1177 1944 1254 1985 anno
1287 1921 1369 1987 1613
1395 1927 1495 1987 videre

136 2010 265 2090 potuisti
289 2020 374 2072 trans
399 2011 476 2073 hunc
501 2014 647 2091 fulgorem
673 2033 773 2074 rerum
793 2014 898 2074 Lunae
922 2032 1040 2092 corpus,
1066 2015 1143 2092 quod
1167 2013 1254 2073 nudis
1279 2015 1371 2074 oculis
1394 2015 1496 2075 ridere

138 2118 193 2161 non
215 2099 368 2179 potuisti?
401 2102 513 2161 Annon
538 2121 574 2161 ca
598 2102 643 2162 vis
667 2111 715 2162 est
744 2102 938 2181 perspicillo,
971 2110 1005 2163 ut
1035 2102 1135 2162 omnia
1164 2102 1281 2162 omnino
1311 2122 1386 2181 quae
1410 2103 1496 2163 nudis

138 2188 229 2251 oeulis
254 2189 336 2249 cerni
360 2200 488 2267 possunt
506 2197 539 2250 et
557 2191 674 2270 majora
694 2200 724 2251 et
743 2192 873 2251 clariora
892 2199 923 2250 et
948 2191 1139 2252 distinctiora
1162 2200 1389 2270 repraesentet:
1414 2194 1496 2272 ipsas

139 2277 212 2338 adeo
236 2276 338 2348 irides,
365 2277 432 2356 ipsa
455 2279 571 2357 parelia
597 2288 627 2341 et
650 2282 674 2341 si
702 2279 840 2359 quidest
863 2279 986 2339 simile?
1011 2278 1098 2349 Quod
1118 2298 1189 2357 ergo
1213 2279 1394 2358 perspicillis
1417 2282 1498 2342 circa

143 2365 258 2427 Lunam
283 2366 364 2428 cerni
389 2368 500 2445 nequit,
526 2367 588 2429 id
581 2389 610 2429 ιιι
635 2370 719 2430 coelo
743 2388 799 2429 non
825 2376 888 2437 est,
913 2368 998 2429 sed
990 2389 1021 2429 ιιι
1044 2369 1129 2429 oculo
1153 2387 1219 2429 curu
1249 2369 1344 2429 nudus
1367 2378 1424 2443 est,
1450 2370 1497 2430 cui

142 2463 279 2533 praestat
302 2455 508 2535 perspicillum
523 2456 587 2530 boc,
613 2467 646 2518 ut
665 2457 764 2519 lucida
780 2476 860 2535 pare,
883 2476 959 2535 quae
979 2476 1031 2536 per
1050 2457 1157 2518 nudum
1178 2458 1295 2518 oculum
1318 2458 1498 2536 pingebatur

144 2543 247 2606 vitiose
263 2552 296 2604 et
310 2544 453 2604 diffuse
422 2564 504 2623 ,Jam
521 2546 675 2625 duplicata
693 2546 873 2607 refractione
889 2538 977 2606 facta
985 2548 1126 2624 pingatur
1140 2555 1274 2606 correcte
1289 2553 1320 2606 et
1334 2547 1495 2624 castigate

229 2631 292 2693 Sed
311 2651 381 2693 ecce
397 2633 616 2696 obserrationis
632 2636 760 2714 copiam,
780 2635 953 2696 ricinissim·
947 2656 995 2695 rm
1014 2634 1216 2696 observationi
1236 2653 1324 2712 quam
1344 2653 1495 2694 commen-

144 2720 213 2800 dasJ
245 2722 395 2801 picturam
428 2721 519 2784 etiam
552 2724 687 2801 picturae
715 2732 785 2785 tuae
818 2723 989 2802 oppositam
1013 2723 1050 2783 ad
1079 2723 1249 2794 sinistram,
1283 2741 1341 2801 qua
1365 2723 1394 2783 id
1418 2724 1495 2802 quod

144 2809 183 2870 lu
206 2829 243 2870 ex
269 2820 322 2871 tua
346 2810 391 2871 vis
416 2811 523 2873 elicere
547 2813 667 2891 penitus
691 2812 878 2892 profligatur.
918 2812 950 2873 Si
976 2813 1054 2873 enim
1078 2820 1135 2883 est,
1160 2810 1314 2890 quodvis,
1340 2811 1365 2870 si
1390 2830 1495 2889 nempe

144 2898 168 2959 io
190 2899 337 2978 principio
363 2908 393 2959 et
416 2900 472 2960 fine
497 2902 589 2962 totins
615 2902 791 2974 durationis,
819 2901 911 2962 libero
933 2902 998 2980 ipso
1013 2902 1116 2961 Lunae
1139 2919 1273 2978 corpore,
1299 2900 1399 2960 deficit
1422 2920 1495 2980 pro·

85 3032 87 3067 ;
144 2988 254 3050 minens
278 2995 332 3048 aer
359 2988 485 3049 Lunaris
513 2990 601 3070 idque
627 2989 753 3050 anobis
784 2990 876 3051 rideri
907 2998 1028 3069 potest:
1061 3008 1131 3067 ergo
1157 2989 1186 3048 in
1215 2988 1361 3068 principio
1385 2999 1415 3050 et
1439 2990 1495 3049 fine

142 3094 238 3139 morae
254 3077 283 3139 in
305 3077 448 3150 tenebris,
474 3098 539 3139 cum
561 3087 626 3139 tota
642 3080 730 3141 Luna
754 3079 864 3151 deficit,
889 3079 1039 3140 videbitur
1059 3097 1167 3157 corpus
1188 3085 1284 3137 toturn
1303 3078 1331 3137 in
1352 3078 1494 3151 tenebris,

144 3165 250 3228 circulo
275 3185 331 3228 suo
355 3177 609 3241 consummatum,
643 3176 674 3228 et
705 3168 790 3228 simul
824 3167 975 3230 ridebitur
997 3186 1068 3245 pars
1102 3168 1203 3245 aliqua
1226 3186 1278 3226 seu
1310 3175 1496 3244 segmentum

143 3255 213 3317 atrii
236 3254 342 3316 circuli
366 3254 504 3333 majoris,
539 3258 620 3318 foras
645 3257 673 3317 in
698 3257 795 3317 lumen
820 3258 991 3336 prominens
1020 3257 1116 3336 adque
1149 3255 1235 3333 digiti
1260 3256 1496 3333 magnitudinem

143 3344 254 3418 lucida,
288 3343 382 3404 veluti
415 3345 558 3423 splendor
590 3345 743 3407 circularis
778 3365 871 3426 supra
902 3345 1006 3425 capita
1043 3353 1230 3418 sanctorum,
1264 3344 1378 3423 eritque
1412 3345 1496 3424 quasi

141 3433 263 3495 duamm
278 3433 430 3495 Lunarum
454 3434 590 3513 species:
616 3435 733 3496 Lunam
749 3436 825 3496 eninr
842 3443 937 3496 totam
956 3434 1088 3495 tenebris
1113 3434 1283 3494 immersam
1303 3433 1385 3494 corni
1404 3451 1496 3511 posse

141 3521 342 3595 nihilominus,
368 3522 399 3583 id
423 3531 455 3583 et
478 3530 509 3584 tu
534 3524 597 3603 ipse
622 3522 741 3603 recipis.
779 3525 873 3603 Atqui
902 3523 977 3584 nihil
1000 3524 1061 3583 tale
1081 3530 1228 3601 apparet:
1254 3521 1394 3601 quamdiu
1419 3520 1497 3580 enim

141 3611 248 3693 aliquis
264 3611 409 3691 splendor
428 3622 575 3691 superest,
597 3613 711 3673 tamdiu
727 3613 815 3674 deest
835 3613 947 3692 aliquid
969 3612 1147 3673 rotunditati
1162 3611 1295 3688 corporis
1316 3609 1495 3680 obumbrati,

142 3700 219 3803 qnod
241 3719 301 3762 non
336 3699 544 3762 obumbratum
567 3702 620 3762 sed
654 3701 740 3780 quasi
773 3702 925 3763 conditum
958 3708 1006 3761 est
1029 3702 1084 3761 snb
1113 3700 1166 3759 illa
1198 3707 1284 3778 parte
1317 3697 1496 3776 splendente

141 3789 228 3872 inque
253 3808 322 3851 earn
345 3788 499 3852 insertum.

228 3878 299 3941 Non
323 3878 464 3939 consistit
493 3878 583 3957 igitur
607 3887 660 3940 tua
689 3877 873 3957 speculatio,
902 3848 1016 3939 frustra
1044 3876 1229 3955 suspiciones
1254 3875 1316 3936 cies
1343 3888 1393 3949 ,da
1423 3883 1499 3938 dimi·

141 3969 254 4027 mione
274 3968 398 4038 corporis
418 3970 514 4022 Lunae
535 3977 756 4070 temporumque,
779 3970 877 4040 quibus
898 3971 1001 4021 durant
1020 3967 1178 4037 deliquia&
1218 3965 1297 4045 quod
1334 3975 1435 4026 tamen
1473 3963 1499 4024 si

141 4060 196 4123 tibi
219 4076 408 4130 concessero,
431 4076 496 4118 cum
516 4057 687 4118 necessario
711 4056 878 4136 relinquere
898 4075 952 4117 suo
972 4063 1054 4115 statu
1070 4054 1181 4115 debeas
1196 4055 1369 4133 parallaxes
1385 4055 1497 4124 Lunae,

141 4148 321 4211 diametrum
336 4144 418 4208 Solis
442 4156 613 4227 motumque
637 4146 797 4221 horarium,
823 4145 892 4224 quia
916 4144 1036 4222 singula
1056 4143 1131 4204 haec
1146 4161 1179 4203 se
1199 4144 1274 4223 ipsis
1298 4151 1367 4202 sunt
1390 4142 1496 4202 obser-

142 4237 274 4310 vabili23
308 4235 336 4296 si
359 4253 430 4314 ergo
450 4235 515 4313 jam
542 4235 679 4314 jubearis
703 4253 758 4314 per
790 4233 954 4296 diminutas
987 4230 1159 4293 durationes
1187 4241 1325 4293 extruere
1349 4229 1497 4290 theoriam

142 4325 319 4407 eclipsium:
345 4324 459 4386 senties
484 4325 575 4399 brevi,
601 4333 632 4385 te
655 4325 758 4385 volare
778 4323 877 4401 juberi
902 4321 1011 4383 demtis
1036 4321 1102 4382 alis

232 4412 324 4485 Quod
356 4413 435 4475 idem
467 4423 497 4475 et
530 4414 592 4488 Te,
631 4413 840 4476 sollertissime
873 4410 998 4474 Simon
1031 4409 1140 4483 Mari,
1180 4408 1371 4469 considerare
1408 4405 1499 4466 velim

141 4522 312 4583 masque
327 4521 439 4605 eorum,
465 4520 540 4582 quae
560 4503 636 4563 visui
656 4502 736 4563 circa
760 4501 987 4563 observationes
1011 4499 1166 4558 stellarum
1190 4495 1371 4570 acciduntj
1365 4515 1393 4556 m
1413 4496 1498 4555 oculo

141 4595 244 4699 potins
268 4591 375 4654 autin
399 4592 558 4670 splendore
583 4592 662 4652 atris
686 4591 863 4652 luminosum
888 4589 1021 4667 proxime
1050 4587 1245 4651 circumstant
1247 4585 1272 4645 is
1297 4593 1350 4645 aut
1373 4584 1498 4662 denique

142 4685 174 4747 in
209 4679 436 4762 imperfectione
469 4680 518 4741 rel
549 4679 739 4741 instrumenti
767 4680 815 4740 vel
848 4679 926 4739 modi
959 4675 1154 4746 obsertandi,
1188 4693 1276 4753 quam
1306 4674 1335 4733 in
1368 4672 1499 4734 realibus

144 4769 365 4837 radiationibus
388 4788 551 4850 quaerere.
577 4778 610 4830 nt
633 4769 717 4829 vides
742 4789 760 4828 a
783 4786 829 4828 me
854 4768 966 4828 factum
990 4765 1105 4843 passim
1124 4763 1153 4824 in
1169 4760 1297 4841 Opticis,
1320 4761 1500 4840 praesertim

144 4860 222 4943 Cap.
246 4854 377 4934 Vll,5.
403 4858 467 4932 ubi,
500 4858 607 4920 illaeso
631 4876 770 4918 murrone
795 4857 928 4931 umbrae,
954 4874 1062 4915 causas
1091 4851 1283 4914 nihilominus
1312 4853 1401 4911 trado
1425 4849 1500 4912 lucis

144 4950 174 5015 in
196 4949 315 5013 umbra.

233 5035 403 5107 Tandem·
395 5054 424 5098 m
449 5036 649 5116 Prognostica
673 5036 741 5098 anni
770 5030 852 5098 1617
882 5031 1021 5096 efferbuit
1045 5029 1181 5093 Fabricio
1211 5046 1294 5098 meo,
1319 5036 1352 5088 ut
1375 5027 1501 5120 videtur,

1250 5130 1289 5186 gt
