3692 5842
328 462 395 534 230
697 449 714 486 ⁸
800 462 992 529 Paralipomena
1010 466 1035 513 in
1054 460 1222 513 Vitellionem.

418 647 488 708 Jam
512 643 588 705 oculi
613 642 734 721 globum
758 642 978 721 distinguamus
1003 640 1032 702 in
1056 637 1308 718 hemisphaerium
1338 657 1488 719 apparens
1519 648 1552 702 et
1579 641 1692 716 latens,

330 747 362 800 et
384 734 414 798 id
438 735 557 815 quidem
581 731 659 812 quod
684 740 810 810 apparet
836 730 1061 791 subdividanrus
1086 729 1114 790 in
1140 728 1240 788 album
1264 736 1297 787 et
1319 729 1413 789 solem
1438 747 1491 789 seu
1516 730 1634 805 iridem,
1659 740 1694 792 ut

330 825 509 906 explicatius
530 823 694 900 loquamur.
742 821 838 897 Ajunt
866 820 958 899 igitur
989 817 1164 888 anatomici,
1194 837 1212 876 a
1241 809 1346 877 cr'assa
1378 816 1515 897 meninge
1549 820 1693 899 pronasci

330 914 509 976 exteriorem
533 910 614 989 globi
639 909 768 970 ocularis
794 908 935 980 tunicam,
962 928 1036 988 quae
1062 908 1127 967 sola
1151 913 1246 967 totum
1267 905 1382 967 oculum
1398 907 1612 988 amplectatur,
1637 909 1692 970 sed

330 1002 493 1066 secundum
517 1001 653 1060 diversas
678 1000 741 1077 ejus
765 1007 869 1076 partes
894 999 1015 1059 diuersa
1038 996 1184 1056 sortiatur
1199 994 1320 1055 nomina
1343 1003 1375 1056 et
1390 996 1577 1058 affectiones.
1613 998 1694 1060 Nam

331 1090 456 1155 anervi
486 1088 576 1169 optici
606 1089 663 1147 fine
696 1106 751 1166 per
780 1096 877 1147 totum
910 1085 1163 1165 hemisphaerium
1198 1085 1296 1144 latens
1329 1092 1362 1144 et
1391 1103 1444 1164 per
1479 1085 1582 1147 album
1616 1086 1694 1148 oculi

330 1200 438 1243 nomen
463 1179 555 1240 habet
579 1179 816 1255 σκληρωὸης
847 1177 988 1250 tunica,
1022 1185 1053 1235 et
1076 1175 1159 1245 dura,
1184 1192 1299 1246 crassa,
1327 1192 1433 1252 opaca,
1459 1175 1530 1235 alba
1554 1194 1591 1236 ac
1615 1194 1694 1254 pene

330 1268 529 1347 cartilaginea
552 1276 619 1328 est:
644 1286 716 1346 pars
740 1284 810 1326 vero
836 1284 886 1338 ea,
917 1284 993 1344 quae
1018 1264 1111 1323 solem
1144 1263 1221 1323 oculi
1250 1262 1381 1340 obtegit,
1410 1262 1565 1342 pellucida
1589 1272 1695 1325 estet

331 1358 511 1440 protuberat
535 1356 630 1417 indice
654 1355 805 1427 Jesseni0,
831 1364 863 1413 et
886 1355 1070 1430 suffragante
1096 1351 1281 1430 experientia
1305 1351 1502 1430 diligentique
1527 1352 1607 1413 oculi
1632 1352 1693 1414 vivi

330 1447 533 1528 inspectione:
559 1445 602 1505 sic
626 1452 660 1505 ut
684 1462 819 1504 cornea
843 1441 966 1503 minoris
991 1441 1137 1519 sphaerae
1157 1440 1256 1519 portio
1281 1440 1330 1507 sit,
1355 1440 1568 1502 sclerodes
1593 1443 1693 1522 majo·

333 1535 391 1598 ris:
425 1535 503 1616 quod
528 1534 687 1612 diligenter
710 1530 855 1592 memoria
879 1532 1067 1591 retinendum
1092 1538 1147 1590 est.
1197 1526 1343 1597 Quamvis
1375 1530 1403 1589 in
1437 1538 1526 1591 tanta
1555 1530 1695 1592 exilitate

331 1634 464 1705 nequeat
488 1622 630 1701 distingui
655 1622 839 1700 sphaeraene
873 1638 910 1678 an
945 1618 1134 1697 sphaeroidis
1167 1617 1268 1696 potius
1292 1617 1390 1695 portio
1415 1618 1464 1680 sit.
1512 1618 1695 1700 Priusquam

332 1722 433 1774 autem
460 1712 497 1771 ad
523 1710 653 1789 reliquas
678 1710 753 1769 duas
777 1708 896 1768 tunicas
922 1707 1075 1780 accedam,
1101 1707 1186 1785 plura
1210 1706 1246 1766 de
1270 1706 1325 1767 hac
1346 1706 1488 1767 exteriori
1505 1708 1609 1770 tunica
1624 1719 1696 1772 sunt

333 1801 471 1863 dicenda.
510 1800 590 1861 Nam
615 1799 673 1858 etsi
698 1798 772 1857 haec
796 1803 936 1875 respectu
961 1804 1128 1857 ceterarum
1153 1794 1363 1873 principalium
1388 1796 1521 1857 exterior
1545 1805 1609 1859 est:
1635 1817 1695 1859 non

332 1899 433 1951 tamen
459 1896 507 1949 est
531 1887 625 1948 totius
649 1886 726 1946 oculi
752 1886 906 1945 extimum.
954 1884 1075 1945 Etenim
1101 1885 1127 1944 in
1152 1884 1372 1963 hemisphaerio
1407 1884 1521 1945 latente
1550 1886 1697 1948 musculis

334 1978 449 2058 tegitur
471 1985 538 2037 tota
562 1974 697 2036 omnibus
721 1974 856 2052 partibus
880 1982 911 2035 et
936 1993 1011 2053 quae
1036 1974 1063 2033 in
1089 1973 1177 2052 globo
1202 1982 1272 2034 sunt
1296 1988 1327 2034 et
1351 1992 1428 2053 quae
1452 1974 1481 2034 in
1497 1976 1600 2053 optico
1620 1993 1696 2055 pro-

333 2086 437 2130 cessu:
463 2066 541 2146 iique
567 2064 691 2125 musculi
715 2082 859 2124 neruosas
884 2063 1093 2123 extremitates
1118 2082 1170 2123 seu
1196 2063 1360 2123 tenuitates
1385 2062 1527 2124 emittunt
1546 2065 1640 2126 etiam
1666 2065 1696 2126 in

318 2157 415 2240 *illam
446 2155 566 2216 tunicae
595 2151 740 2213 sclerodis
768 2161 904 2230 partem,
936 2171 1011 2231 quae
1036 2150 1135 2211 estin
1166 2151 1233 2211 albo
1268 2152 1358 2223 oculi,
1386 2170 1462 2229 quae
1487 2171 1554 2214 eant
1578 2154 1696 2233 passim

333 2245 564 2326 amplectuntur.
611 2242 716 2320 Neque
741 2240 797 2301 hoc
821 2241 927 2313 solum,
963 2241 1016 2301 sed
1050 2240 1141 2299 etiam
1176 2261 1194 2298 a
1226 2240 1393 2318 perieranio
1423 2241 1556 2305 nascitur
1595 2242 1698 2323 aliqua

332 2334 514 2405 membrana,
541 2331 680 2391 adnata
704 2349 756 2390 seu
781 2330 948 2390 adhaerens
968 2348 1020 2389 seu
1040 2326 1230 2402 incusatorum
1250 2329 1341 2401 dicta,
1367 2331 1413 2390 cui
1435 2330 1543 2406 globus
1564 2332 1644 2394 oculi
1661 2351 1697 2392 eo

334 2423 364 2485 in
387 2422 497 2484 circulo
522 2421 630 2481 affixus
654 2426 710 2491 est,
738 2438 794 2498 quo
821 2420 918 2479 latens
943 2417 1194 2497 hemisphaerium
1225 2418 1263 2477 ab
1293 2418 1451 2497 apparenti
1485 2420 1695 2499 distinguitur.

333 2509 421 2583 Quae
446 2509 620 2571 membrana
644 2508 704 2568 illic
728 2507 848 2586 gemina
872 2509 980 2568 effecta
1003 2506 1071 2567 hinc
1101 2506 1261 2586 palpebras
1286 2506 1448 2585 succingit,
1477 2507 1547 2569 inde
1578 2510 1696 2571 sclero·

333 2601 400 2663 dem
425 2599 557 2661 tunicam
582 2598 705 2676 ejusque
730 2603 936 2674 superstratas
961 2596 1160 2655 musculorum
1185 2613 1329 2655 nervosas
1346 2596 1559 2658 extremitates
1576 2597 1696 2678 integit,

331 2688 492 2770 perspicua
516 2687 592 2765 ipsa,
618 2695 652 2746 ut
674 2685 745 2745 alba
768 2685 921 2744 selerodes
948 2684 1048 2743 tunica
1072 2683 1263 2744 nihilominus
1289 2693 1374 2745 trans
1398 2685 1475 2745 hanc
1490 2685 1634 2749 rideatur
1658 2687 1697 2748 ab

332 2776 568 2858 inspicientibus.
604 2772 691 2843 Quod
717 2774 741 2833 si
766 2772 842 2833 bene
857 2771 1029 2832 Jessenium
1055 2771 1198 2850 intelligo,
1223 2773 1288 2832 vult
1311 2773 1362 2833 ille
1386 2792 1443 2833 non
1460 2776 1563 2837 album
1579 2784 1697 2837 tantum

332 2867 409 2929 oculi
439 2866 494 2926 sed
523 2874 554 2923 et
585 2864 678 2924 solem
709 2862 805 2941 ipsum
836 2862 892 2922 hac
927 2861 1077 2939 pellucido
1106 2868 1136 2920 et
1169 2860 1348 2922 tenuissima
1379 2863 1554 2925 membrana
1585 2864 1696 2944 integi:

333 2955 411 3036 quod
436 2954 555 3034 quidem
579 2951 728 3031 requirere
763 2950 879 3011 ridetur
913 2949 1062 3010 affixiouis
1097 2951 1160 3009 lex:
1190 2968 1255 3009 curn
1286 2951 1388 3011 oculus
1418 2951 1472 3011 hoc
1503 2953 1697 3032 potissimum

333 3043 450 3105 vinculo
476 3043 504 3102 in
530 3060 583 3101 suo
609 3059 682 3100 caro
707 3041 882 3100 retineatur.
932 3037 1071 3099 Ceterum
1098 3039 1237 3097 l'laterus
1263 3049 1367 3117 aperte
1392 3058 1534 3102 corneam
1550 3042 1695 3115 tunicam,

333 3152 410 3213 quae
433 3149 504 3211 pars
520 3139 568 3190 est
591 3129 737 3189 sclerodis
758 3128 813 3188 soli
830 3128 905 3188 osmi
922 3128 1056 3199 obtenta,
1083 3127 1192 3187 nudam
1209 3128 1334 3187 asserit:
1360 3128 1437 3188 forte
1454 3131 1533 3208 quod
1549 3131 1696 3193 rubentes

334 3221 404 3283 illae
428 3220 564 3292 verrulae,
590 3236 665 3298 qnae
691 3217 834 3278 beneficio
859 3217 947 3294 hujus
973 3216 1165 3275 adhaerentis
1191 3216 1382 3276 membranae
1413 3237 1467 3296 per
1491 3219 1593 3279 album
1618 3219 1697 3280 oculi

334 3309 473 3371 videntur
497 3308 677 3380 discurrere,
705 3326 794 3385 super
818 3305 911 3366 solem
936 3305 1013 3365 oculi
1040 3325 1091 3363 sen
1117 3322 1206 3381 super
1230 3325 1370 3365 corneam
1395 3326 1452 3366 non
1478 3306 1697 3384 ingrediantur.

422 3399 505 3459 Haec
531 3396 722 3458 discretionis
747 3415 839 3455 causa
863 3403 933 3453 seint
958 3393 1071 3464 addita,
1099 3394 1234 3472 quaumis
1259 3414 1316 3454 non
1344 3394 1456 3454 faciant
1483 3397 1521 3455 ad
1539 3397 1699 3458 formanda

333 3497 387 3551 aut
409 3486 603 3568 percipienda
637 3505 732 3547 rermn
767 3483 948 3544 simulachra
977 3490 1008 3541 et
1041 3491 1155 3542 tantum
1188 3483 1225 3542 ad
1260 3495 1371 3544 motum
1407 3495 1436 3544 et
1471 3484 1697 3564 religationem,

336 3578 438 3639 forsan
463 3585 494 3636 et
518 3575 711 3636 nutritionem
731 3573 806 3634 oculi
832 3571 1013 3650 pertineant.
1062 3571 1269 3649 Suspicionem
1299 3574 1417 3651 quidem
1443 3574 1554 3635 albedo
1579 3575 1698 3636 solero-

335 3665 382 3728 dis
407 3674 438 3727 et
461 3664 571 3726 diuersi
596 3665 713 3725 colores
739 3662 822 3723 iridis
848 3661 947 3720 dictae
976 3660 1119 3740 praebere
1155 3661 1280 3740 possint,
1316 3661 1400 3740 quasi
1426 3673 1457 3723 et
1481 3663 1637 3725 exteriora
1661 3665 1700 3725 ad

334 3755 478 3816 visionem
505 3753 626 3825 faciant,
653 3772 719 3813 cum
743 3750 804 3810 sint
830 3750 972 3810 interiora
996 3749 1165 3825 nigerrima,
1191 3751 1342 3811 exteriora
1368 3751 1443 3811 adeo
1469 3752 1549 3813 aloa
1600 3751 1699 3815 Cete-

335 3862 398 3904 rmn
424 3841 473 3921 qui
498 3842 574 3903 intro
599 3840 712 3920 aliquid
737 3841 894 3900 conserant
918 3856 975 3897 non
1003 3838 1151 3912 intelligo,
1178 3859 1243 3899 cum
1269 3859 1321 3911 ea,
1348 3839 1454 3919 quibus
1480 3841 1700 3912 subducuntur,

335 3938 367 3992 ct
390 3930 488 3990 colore
514 3931 673 4009 nigerrimo
699 3937 730 3989 et
746 3927 909 4006 opacitate,
934 3926 1094 3987 transitum
1119 3927 1190 4005 ipsis
1212 3948 1268 3988 non
1283 3930 1451 4007 praebeant
1468 3931 1558 3991 intro.
1591 3932 1702 4012 ltaque

335 4018 361 4081 si
385 4038 479 4079 causa
502 4019 606 4080 horum
632 4018 708 4080 oculi
734 4016 864 4077 colorum
889 4015 980 4075 altior
1004 4026 1060 4088 est,
1087 4036 1175 4094 quam
1200 4017 1345 4077 materiae
1376 4037 1451 4097 pene
1477 4021 1702 4100 cartilagineae

335 4107 512 4182 necessitas,
538 4108 576 4167 ad
601 4106 780 4167 tinnaudam
805 4103 881 4164 oculi
906 4105 1065 4165 rotundam
1090 4124 1259 4166 canmram:
1287 4125 1343 4166 uon
1370 4108 1517 4170 dissimile
1542 4128 1616 4169 rere
1641 4121 1702 4184 est,

336 4196 402 4258 ideo
426 4197 520 4256 sulem
544 4196 666 4266 dictum,
692 4194 760 4254 albo
785 4192 999 4253 circumdatum
1025 4203 1056 4252 et
1080 4195 1195 4271 nigrum
1217 4195 1244 4254 in
1261 4204 1364 4256 centro
1380 4216 1458 4270 esse,
1484 4199 1583 4277 ipsum
1598 4199 1703 4261 colore

335 4285 395 4346 alio
420 4304 512 4364 eoque
538 4285 613 4344 alias
638 4284 713 4354 alio,
739 4291 772 4343 ut
795 4282 838 4342 sol
865 4282 911 4342 rel
936 4282 988 4342 iris
1014 4282 1042 4341 iu
1068 4283 1151 4354 albo,
1183 4284 1297 4360 nigrum
1327 4284 1355 4344 iu
1391 4286 1464 4347 iride
1490 4296 1577 4348 tanto
1602 4290 1703 4366 magis

335 4372 374 4433 ab
398 4380 485 4432 extra
508 4373 761 4451 conspicerentur,
785 4383 948 4451 possetque
973 4371 1039 4449 quis
1064 4383 1188 4448 aspectu
1206 4372 1354 4452 judicare,
1380 4394 1417 4433 an
1439 4376 1467 4435 in
1484 4395 1516 4434 se
1532 4376 1702 4455 conjiceret

336 4461 412 4522 ulter
436 4461 546 4521 oculos.
587 4459 754 4521 Considera
780 4479 849 4519 roro
874 4472 903 4521 et
934 4480 976 4539 pr.
996 4457 1046 4521 38.
1074 4460 1149 4540 cap.
1178 4462 1212 4533 l.,
1238 4481 1274 4520 an
1301 4462 1368 4522 ideo
1393 4464 1500 4541 globus
1525 4466 1604 4527 oculi
1630 4467 1703 4527 olba

336 4549 437 4610 tunica
460 4548 673 4622 circumdetur,
700 4556 732 4608 ut
756 4570 773 4608 a
800 4549 862 4608 luce
879 4547 961 4610 Solis
987 4549 1087 4609 ruitius
1113 4551 1246 4622 feriatur,
1273 4570 1328 4610 neu
1354 4552 1538 4621 destruatur,
1564 4554 1590 4616 si
1613 4555 1704 4636 nigra

336 4635 418 4698 tacta
443 4637 561 4698 fuisset.

425 4723 565 4786 Secunda
589 4725 679 4802 igitur
703 4725 779 4785 oculi
804 4724 913 4797 tunica,
940 4743 1015 4803 qnae
1040 4726 1168 4788 solerodi
1193 4726 1376 4790 subducitur.
1406 4750 1424 4788 a
1452 4730 1535 4791 tenui
1560 4733 1703 4810 meninge

335 4812 449 4874 cerebri
474 4820 551 4886 orta,
575 4813 736 4892 posteriori
760 4823 846 4895 parte
871 4813 1084 4888 choroides,
1116 4816 1258 4876 ariteriori
1284 4837 1378 4877 turea
1403 4820 1586 4898 appellatur.
1637 4805 1702 4884 Nec

239 4897 247 4912 “
335 4907 453 4962 tentum
476 4900 535 4961 situ
560 4902 699 4963 ditl'eruut
723 4901 800 4961 istae
825 4911 943 4979 portes,
975 4903 1026 4962 sed
1052 4915 1082 4963 et
1107 4904 1315 4966 crassitudine.
1355 4906 1432 4967 Nam
1458 4927 1535 4970 urea
1558 4911 1702 4974 choroide

335 4986 508 5068 perhibetur
530 4989 621 5069 duple
645 4989 790 5051 crassior:
826 4989 953 5069 denique
978 5003 1009 5052 et
1033 4992 1236 5072 applicatione
1260 4995 1299 5055 ad
1323 4997 1505 5058 exteriorem
1528 5000 1703 5063 sclerodem
