3692 5842
331 434 396 500 232
676 459 693 497 ς,
801 432 993 495 Paralipomeua
1009 432 1035 479 iu
1054 430 1221 480 Vitelliouem.

420 612 490 674 Jam
519 611 597 692 quod
626 610 765 670 humores
796 610 921 681 attinet,
958 617 1020 669 tres
1054 608 1081 668 iu
1111 608 1197 668 oculo
1226 606 1467 688 scansilibus
1500 603 1690 684 undiquaque

336 700 487 765 distincti:
512 699 676 760 vitreus
702 698 729 758 in
754 696 913 776 posteriori
939 697 1016 758 oculi
1040 705 1143 774 parte,
1180 715 1328 775 aqueus
1351 696 1380 756 iu
1405 694 1565 760 anteriori,
1598 711 1690 773 cry-

333 790 535 853 stallinus
559 788 588 847 in
613 806 714 847 eorum
748 787 864 857 medie,
888 786 1047 846 maceriem
1073 787 1187 845 faciens
1220 786 1284 863 ipse
1315 793 1347 845 et
1374 784 1496 846 ciliares
1528 801 1691 863 processus

332 880 410 941 iuter
434 878 561 937 vitreum
585 884 616 935 et
639 894 774 953 aqueum.
815 876 853 935 lIt
879 874 975 934 uitreo
1000 874 1117 953 quidem
1142 894 1197 933 sua
1221 882 1269 934 est
1283 874 1460 934 tenuissima
1485 881 1518 934 et
1539 870 1692 951 pellucidae

333 966 489 1048 pellicula,
518 963 725 1045 hyaloidis
754 964 877 1024 tunica
902 964 996 1035 dicta,
1027 962 1211 1040 cognominis
1236 962 1367 1035 humori,
1394 982 1453 1042 qna
1475 962 1593 1023 vitreus
1616 979 1690 1021 cuu-

335 1057 457 1126 tiuetnr,
482 1054 574 1114 etiam
599 1071 665 1113 cnm
689 1073 725 1111 ex·
750 1052 859 1112 tunicis
883 1052 1028 1124 sclerode,
1054 1051 1203 1121 choreide,
1229 1052 1335 1122 retina,
1361 1060 1499 1111 exemtus
1518 1057 1576 1111 est.
1610 1047 1692 1129 Cry-

333 1144 457 1206 stallina
472 1161 542 1202 vero
563 1142 665 1202 itidem
685 1161 740 1200 sna
760 1141 1009 1208 (arachnoidis
1031 1160 1082 1200 sen
1103 1140 1165 1199 tela
1185 1160 1313 1202 araneae
1337 1140 1374 1200 ob
1394 1140 1575 1200 tenuitatem
1594 1137 1693 1202 dicta)

282 1226 287 1236 ’
338 1232 441 1295 tunica
465 1240 521 1302 est,
548 1231 649 1291 itidem
674 1230 833 1307 pellucida,
860 1250 917 1308 qua
941 1228 1134 1310 crystallinus
1158 1228 1342 1303 continetur,
1374 1237 1511 1289 exemtus
1539 1227 1632 1288 etiarn
1656 1245 1693 1284 ex

335 1319 599 1383 circumstantibus
634 1318 815 1379 hunmribns.
865 1317 1066 1379 Considerent
1098 1336 1167 1377 vero
1201 1318 1362 1377 anatomici
1397 1336 1520 1378 causam
1553 1315 1693 1376 nominis.

335 1411 415 1473 Nam
441 1409 495 1467 hoc
521 1427 637 1478 nomen,
663 1427 820 1479 aranea,
846 1426 902 1466 non
929 1406 984 1467 soli
1008 1405 1166 1484 pelliculae
1189 1405 1356 1486 crystallini
1373 1406 1491 1466 videtur
1509 1413 1693 1484 competere,

337 1498 391 1559 sed
411 1497 526 1574 junctis
551 1496 703 1556 ciliaribus
728 1496 929 1573 processibus.
977 1496 1058 1554 l'ere
1083 1495 1176 1561 enim,
1210 1506 1242 1555 ut
1273 1514 1387 1554 aranea
1417 1495 1445 1555 in
1474 1503 1581 1554 centro
1613 1490 1694 1554 telae

339 1606 412 1647 suae
438 1604 586 1663 suspensa
606 1585 719 1654 haeret,
745 1584 788 1643 ita
803 1584 994 1664 crystallinus
1011 1583 1115 1642 humer
1139 1582 1167 1642 in
1192 1595 1296 1643 centro
1320 1583 1465 1644 ciliarium
1480 1601 1692 1661 processuum:

337 1675 518 1736 staminibus
543 1673 679 1748 utrinqne
705 1673 801 1732 deictis
826 1673 902 1732 intro
928 1692 1031 1732 uersus
1056 1681 1199 1732 centrum.
1246 1674 1352 1750 Aqueo
1377 1691 1447 1732 rere
1471 1671 1589 1732 humori
1613 1670 1696 1731 nulla

341 1774 390 1826 est
412 1762 570 1841 pellicula:
597 1762 649 1820 sed
675 1761 829 1820 cohibetur
853 1771 923 1819 autc
948 1780 1066 1833 cornea,
1092 1780 1168 1840 perne
1188 1780 1310 1830 aranea,
1335 1760 1486 1821 ciliaribus
1501 1758 1696 1839 processibus

339 1870 433 1913 ureae
459 1860 490 1910 et
514 1849 671 1910 substrata
694 1849 833 1929 hyaloide
858 1850 944 1910 citrei
970 1850 1114 1910 luimoris:
1146 1850 1352 1927 strangulatur
1385 1868 1455 1910 rero
1488 1850 1519 1909 in
1543 1848 1642 1910 medio
1667 1861 1697 1906 et

339 1940 425 2020 quasi
451 1940 479 1998 in
504 1939 562 1997 ‹luo
588 1938 729 1997 dividitur
753 1939 792 1997 ab
817 1956 900 2008 urea,
928 1957 1014 2016 altram
1041 1939 1119 1998 intra
1144 1949 1174 1996 et
1198 1947 1284 1998 extra
1308 1939 1441 1999 foramen
1466 1937 1564 1999 alluit.
1597 1936 1697 1998 Moles

338 2028 434 2091 vitreo
459 2026 603 2099 maxima,
633 2027 755 2086 minima
784 2026 974 2107 crystallino,
1006 2035 1037 2084 ut
1068 2028 1152 2104 cujus
1180 2028 1247 2087 axis
1276 2027 1326 2087 vix
1358 2035 1467 2106 quarta
1489 2045 1563 2105 pars
1587 2035 1638 2087 est
1662 2025 1697 2084 ele

340 2136 397 2179 axe
432 2116 537 2186 vitrei,
567 2116 681 2175 vitreus
711 2115 844 2193 proxime
874 2115 998 2192 liguram
1033 2116 1124 2175 habet
1157 2116 1302 2193 sphaerae
1331 2117 1399 2194 plus
1428 2135 1516 2193 qnam
1542 2113 1697 2176 dimidiae.

340 2207 465 2285 Aqueus
490 2204 656 2282 sphaericis
682 2204 799 2281 (paridem
833 2204 1045 2281 superficiebus
1074 2213 1208 2276 constat,
1235 2204 1288 2264 sed
1314 2204 1341 2264 iu
1366 2204 1478 2276 medio,
1503 2215 1537 2265 ut
1561 2203 1639 2276 dixi,
1670 2202 1698 2262 in

340 2301 500 2373 augustum
525 2293 634 2353 collum
650 2293 790 2353 redactus
815 2301 871 2351 cst.
912 2290 1123 2371 Crystallinns,
1148 2312 1185 2352 ea
1209 2294 1286 2354 facie
1312 2313 1387 2371 qnae
1412 2314 1430 2353 a
1452 2292 1608 2354 ciliaribus
1626 2309 1699 2371 pro·

339 2382 476 2444 cassibus
500 2382 711 2441 disterminata
736 2401 830 2460 nqueo
856 2381 1050 2458 immergitur,
1075 2382 1198 2458 liguram
1224 2382 1342 2460 accepit
1365 2392 1417 2442 aut
1436 2380 1627 2461 sphaericam
1647 2392 1699 2440 aut

340 2469 530 2551 sphaeroidis
568 2468 753 2529 lenticularis
791 2470 973 2548 portionem,
998 2470 1201 2530 circumducta
1237 2470 1334 2549 ellipsi
1372 2490 1425 2550 per
1466 2489 1554 2532 axem
1588 2470 1698 2539 divisa,

340 2567 481 2622 manente
507 2568 590 2619 recte
615 2558 725 2617 latere:
752 2579 769 2617 a
793 2558 958 2635 posteriore
982 2569 1078 2636 parte,
1104 2577 1178 2636 quae
1203 2558 1240 2618 ab
1264 2560 1370 2619 iisdem
1395 2560 1549 2621 ciliaribus
1572 2577 1698 2639 proces·

340 2648 425 2711 sibus
450 2647 652 2707 determinata
677 2647 772 2706 uitreo
798 2647 994 2722 immergitur,
1029 2648 1122 2726 ligura
1158 2648 1213 2726 ipsi
1243 2657 1291 2707 cst
1319 2649 1459 2709 conoides
1493 2646 1700 2729 hyperbolica.

342 2736 509 2818 hyperbola
532 2735 612 2796 circa
636 2755 722 2795 axem
748 2736 957 2796 circumducta.
997 2734 1048 2796 Sic
1073 2736 1150 2796 enim
1174 2738 1265 2796 refert
1283 2736 1451 2808 lesseuius‚
1474 2755 1533 2797 uou
1560 2736 1700 2816 sphaeri-

342 2845 409 2888 cum
433 2843 514 2898 esse,
549 2824 626 2902 qnod
653 2824 792 2886 l‘laterus
816 2825 933 2902 ajebat,
968 2827 1020 2885 sed
1046 2825 1132 2886 ualde
1157 2826 1351 2905 protuberans
1375 2833 1408 2886 et
1431 2826 1593 2905 oblongum
1626 2825 1700 2896 fieri,

344 2914 429 2994 quasi
463 2913 492 2974 iu
522 2931 628 2973 conum
658 2925 815 2993 assurgat:
846 2914 994 2974 anteriore
1023 2933 1093 2973 rere
1128 2915 1202 2974 lacie
1228 2915 1374 2992 depressa
1397 2935 1465 2976 esse
1489 2914 1696 2976 rotunditate:

345 3010 376 3063 et
409 3001 523 3062 similes
558 3002 595 3060 ad
630 3022 749 3062 sensum
783 3021 849 3061 esse
887 3021 1013 3061 corneae
1046 3012 1076 3061 et
1114 3004 1281 3083 crystallini
1314 3004 1444 3065 humoris
1482 3002 1702 3065 rotunditatem

344 3090 539 3151 anteriorem:
566 3089 755 3150 dimetientes
780 3109 850 3149 vere
876 3099 907 3149 ut
932 3087 951 3150 4
977 3091 1015 3149 ad
1040 3088 1068 3152 3.
1116 3091 1321 3151 Tenuissimus
1346 3102 1394 3153 est
1418 3112 1548 3170 aqueus,
1579 3091 1701 3152 densis-

344 3179 438 3240 simus
462 3178 674 3259 crystallinus:
703 3178 930 3255 pellucidisshni
956 3188 1090 3258 uterque.
1140 3181 1264 3240 l'itreus
1298 3181 1387 3259 paulo
1421 3181 1552 3241 tirrctior.
1601 3179 1703 3240 Ductn

344 3287 401 3329 axe
435 3285 490 3346 per
513 3275 646 3326 centrum
683 3267 836 3327 ibraminis
871 3287 965 3327 ureae
999 3269 1026 3327 in
1056 3288 1176 3329 neruum
1210 3268 1357 3347 opticnnr,
1393 3278 1497 3330 centra
1531 3268 1702 3349 crystallini

344 3357 521 3417 circulorum
547 3355 574 3414 iu
600 3355 655 3414 hac
680 3355 825 3415 haerent:
858 3356 958 3433 itaque
983 3366 1065 3415 recte
1090 3358 1283 3437 crystallinus
1308 3359 1335 3418 in
1361 3369 1464 3419 centro
1489 3357 1565 3417 oculi
1593 3357 1703 3417 dicitur

344 3445 478 3517 haerere,
504 3444 528 3503 si
554 3443 707 3521 intelligas
732 3444 827 3504 secari
852 3445 968 3504 oculum
992 3445 1081 3525 plano
1107 3448 1144 3505 acl
1169 3466 1255 3507 axem
1280 3457 1372 3518 recto,
1407 3457 1436 3506 et
1461 3456 1598 3508 centrum
1622 3445 1700 3504 oculi

343 3534 423 3595 illius
447 3533 550 3594 circuli
575 3542 717 3592 centrum.
773 3532 831 3592 Sed
867 3532 944 3611 qarod
977 3535 1143 3594 uniuersam
1173 3536 1249 3595 oculi
1283 3535 1545 3612 conglobationem
1579 3535 1703 3601 attinet,

342 3622 535 3704 crystallinus
559 3623 655 3697 stragis
680 3620 707 3681 in
733 3622 884 3681 anteriora
916 3622 1013 3696 vergit
1046 3623 1118 3683 dicti
1143 3624 1222 3695 axis;
1257 3624 1449 3704 crystallinus
1479 3645 1497 3683 a
1530 3626 1588 3684 line
1618 3623 1702 3683 uerri

343 3711 435 3790 optici
460 3711 555 3771 distat
580 3709 771 3787 longissime,
797 3712 893 3770 urinus
918 3730 937 3769 a
963 3712 1107 3772 foramine
1132 3732 1234 3784 ureae,
1269 3714 1420 3773 minimum
1446 3714 1580 3774 toramen
1605 3730 1702 3772 ureae

344 3820 363 3859 a
386 3799 541 3877 superficie
565 3818 704 3859 corneae.

801 3939 829 4001 2.
868 3941 1013 4000 lllodus
1040 3941 1233 4003 visionis.

433 4060 499 4148 Etsi
526 4063 616 4133 frons,
642 4064 817 4140 supercilia,
842 4065 1020 4143 palpebrae,
1048 4084 1193 4126 cauernae
1219 4064 1256 4124 ad
1283 4065 1402 4124 modum
1427 4064 1553 4125 visionis
1568 4072 1602 4124 et
1615 4063 1704 4143 ipsae

343 4161 531 4221 concurrunt,
557 4168 614 4209 non
639 4150 750 4211 obeunt
773 4162 873 4212 tarrren
897 4153 1073 4233 principalia
1097 4155 1205 4214 munia.
1241 4154 1407 4231 Propterea
1423 4172 1494 4214 usus
1518 4171 1624 4214 earum
1638 4152 1705 4230 jam

343 4238 485 4319 praemisi
510 4247 630 4299 etcum
655 4259 754 4300 earum
780 4241 980 4318 descriptione
1006 4242 1154 4319 conjunxi.
1202 4245 1287 4311 Quas
1320 4261 1391 4301 vere
1420 4241 1566 4302 subnexui
1596 4251 1705 4320 pectes

344 4327 463 4405 globum
489 4328 565 4387 oculi
590 4328 686 4406 ipsum
711 4328 890 4399 attinentes,
917 4350 1019 4390 ornnes
1045 4331 1113 4391 illae
1138 4331 1176 4391 ad
1200 4331 1392 4408 praecipuum
1416 4330 1547 4391 cilicium
1571 4348 1704 4391 concur-

345 4424 422 4476 runt
462 4413 562 4484 Quare
587 4425 621 4475 nt
644 4416 828 4494 singularum
854 4438 923 4477 ersus
949 4430 1104 4495 appareat,
1131 4419 1256 4480 cisionis
1280 4419 1398 4479 modum
1423 4419 1603 4490 describam,
1628 4437 1705 4480 seue

345 4522 365 4563 a
387 4504 504 4564 nemine
529 4504 673 4565 hacteuus
698 4506 774 4582 qued
801 4523 856 4582 ego
881 4506 973 4565 sciam
999 4526 1128 4585 eousque
1152 4508 1389 4586 pervestigatum
1415 4518 1446 4568 et
1470 4508 1703 4587 deprehensum

346 4590 453 4670 Itaque
477 4610 549 4669 rogo
573 4592 811 4664 mathematicos,
838 4602 869 4653 nt
894 4594 1052 4670 diligenter
1085 4596 1144 4656 ista
1173 4594 1381 4662 considerent,
1416 4614 1473 4675 quo
1502 4596 1550 4657 vel
1578 4595 1704 4656 taudem

345 4680 420 4740 certi
445 4680 513 4758 quid
538 4679 575 4739 de
600 4681 786 4741 nobilissima
810 4682 865 4741 hac
891 4682 1041 4743 functione
1067 4684 1094 4743 in
1119 4683 1307 4763 philosophia
1332 4693 1425 4746 extet.

436 4769 591 4830 Visiouem
617 4770 678 4829 lieri
702 4769 784 4840 dice,
808 4789 873 4829 cum
899 4772 992 4829 totius
1022 4771 1232 4852 hemisphaerii
1264 4772 1420 4844 mundani,
1454 4772 1533 4853 qnod
1556 4781 1607 4833 est
1630 4785 1704 4834 aute

345 4855 462 4916 oculum
485 4858 662 4937 etamplius
685 4859 784 4936 paule,
810 4859 919 4917 idolum
945 4859 1087 4921 statuitur
1111 4862 1148 4920 ad
1174 4862 1273 4923 album
1297 4862 1451 4924 subrufum
1465 4863 1582 4924 retiuae
1607 4879 1703 4923 ceree

347 4942 514 5021 superficiei
536 4946 692 5022 parietem.
739 4945 895 5015 Quomodo
921 4947 1030 5008 idolum
1059 4969 1111 5010 seu
1134 4950 1253 5028 pictura
1283 4951 1357 5014 liaeo
1386 4951 1541 5031 spiritibus
1571 4950 1704 5022 risoriis.
