3692 5842
725 476 807 544 Caput
824 477 904 530 XVII.

679 760 799 860 Caput
829 759 952 836 XVII.

133 937 194 1002 De
215 934 294 1002 aliis
315 938 520 1020 mmmmm,
543 940 655 1020 quibua
668 938 802 1091 ἔφη
824 939 887 1090 hoq
900 939 1137 1090 qhomomenoa
1158 941 1241 1005 inter
1261 945 1365 1026 assiae
1386 944 1497 1007 sidera

698 1049 714 1090 e
739 1048 788 1090 sae
804 1048 867 1111 pro
888 1048 908 1089 a
925 1048 972 1089 ur.

227 1183 350 1247 Audisti
373 1194 581 1265 argumentum
604 1188 866 1263 mathematicum,
896 1187 967 1249 andi
996 1207 1074 1249 nunc
1098 1197 1130 1249 et
1152 1189 1278 1271 physica
1301 1189 1375 1263 duo,
1408 1211 1497 1252 unum

135 1293 158 1336 a
181 1282 293 1342 motu,
318 1273 462 1354 reliquum
486 1298 506 1336 a
524 1277 663 1339 lumine
687 1277 856 1339 deductum.
903 1275 1082 1356 Quanquam
1102 1278 1179 1356 qnod
1199 1287 1314 1339 amotu
1330 1280 1496 1354 deducitur,

136 1369 254 1442 pugnat
278 1362 370 1425 etiam
392 1365 616 1427 mathematice.
663 1367 740 1427 Toto
765 1375 898 1446 tempore
923 1366 1089 1427 durationis
1113 1367 1201 1428 stetit
1224 1369 1328 1428 eodem
1353 1369 1417 1430 loco
1442 1370 1498 1430 sub

137 1449 222 1529 haim
245 1451 477 1514 schematismos
499 1473 565 1515 cum
580 1454 678 1517 stellis
693 1455 788 1534 pedis,
809 1455 913 1528 tibiae,
930 1473 1066 1534 genuque
1086 1456 1192 1517 dextro
1207 1454 1397 1536 Serpentarii
1412 1477 1498 1518 curn-

138 1557 198 1620 que
221 1539 371 1620 triangulo
395 1541 425 1603 in
449 1542 531 1621 spira
546 1542 704 1624 Serpentis
728 1563 765 1606 ue
788 1543 942 1605 minimum
961 1544 1080 1622 quidem
1099 1545 1177 1623 quod
1197 1543 1225 1604 in
1246 1564 1354 1607 sensus
1370 1546 1502 1607 incurrat

137 1627 280 1692 mutavit.
326 1629 394 1691 Non
418 1649 456 1692 ea
478 1642 661 1694 cometarum
681 1641 799 1707 natura,
825 1632 874 1714 qui
889 1651 944 1712 per
962 1632 1115 1693 mobilium
1130 1633 1281 1712 regionem
1296 1634 1499 1696 inveniuntur:

137 1735 196 1780 neo
220 1715 300 1779 enim
323 1717 401 1780 ullus
425 1719 570 1783 hactenus
593 1740 647 1802 per
670 1722 779 1784 multos
804 1721 869 1782 dies
901 1721 1061 1782 immobilis
1094 1732 1142 1782 est
1175 1721 1416 1797 animadversus,
1451 1723 1501 1803 qui

141 1813 233 1868 tanta
255 1807 479 1888 propinquitate
504 1818 596 1884 esset,
621 1819 655 1872 ut
669 1811 775 1872 diurno
799 1817 933 1890 tempore
956 1810 1052 1871 visum
1077 1811 1172 1872 locum
1197 1812 1252 1873 sub
1275 1811 1342 1872 luris
1367 1831 1501 1872 commu-

139 1901 234 1958 taret.
281 1892 480 1977 Quotcunque
503 1907 566 1960 tam
589 1899 746 1979 propinqui
771 1901 865 1972 luere,
898 1907 932 1959 ut
955 1898 1121 1977 parallaxin
1146 1900 1341 1961 admitterent
1364 1899 1501 1961 diurnam

138 1982 192 2046 vel
214 2003 361 2058 annuam,
384 2004 488 2048 omues
512 1987 554 2049 illi
579 1998 700 2068 praeter
723 1988 799 2049 hauc
824 1986 1017 2050 tralationem
1040 1988 1185 2067 opticam,
1220 2008 1308 2068 quam
1332 1988 1501 2068 parallaxin

143 2069 286 2147 dicimus,
322 2074 414 2135 etiam
446 2086 529 2137 nrotu
559 2077 687 2157 quodam
721 2077 840 2156 proprio
873 2077 1039 2139 discurrere
1073 2087 1142 2137 sunt
1166 2076 1352 2155 deprehensi.
1400 2074 1502 2147 Quare

140 2169 378 2224 consentaneum
403 2173 460 2239 est,
485 2165 553 2226 illas
577 2167 683 2227 stellas
708 2184 811 2238 novas,
836 2184 922 2243 quae,
949 2175 982 2226 ut
1004 2165 1119 2226 Plinius
1144 2166 1194 2226 lib.
1216 2166 1258 2228 ΙΙ.
1283 2185 1350 2246 cap.
1371 2162 1423 2228 25.
1449 2167 1501 2240 ait,

140 2258 300 2312 moventur
323 2253 486 2315 errantium
510 2256 613 2327 modo,
646 2255 675 2316 in
705 2254 827 2333 regione
859 2272 976 2334 quoque
1010 2252 1172 2315 errantium
1205 2273 1287 2317 esse:
1322 2273 1398 2334 quae
1431 2273 1502 2315 raro

141 2339 271 2401 haerent
292 2340 469 2413 immobiles,
492 2343 572 2404 inter
594 2344 670 2405 fixas
685 2351 785 2418 stare;
809 2352 843 2404 ut
857 2343 1001 2422 cujusque
1015 2342 1209 2424 proprietatis
1224 2344 1390 2405 communio
1410 2343 1503 2405 etiam

142 2427 243 2490 locum
266 2438 374 2508 arguat
397 2450 591 2494 communem.

231 2516 316 2580 Haeo
340 2518 549 2594 immobilitas,
576 2540 652 2601 quae
675 2520 762 2582 nobis
785 2521 868 2600 prius
891 2520 920 2581 in
945 2519 1105 2603 hypothesi
1130 2516 1341 2598 Copemicana
1362 2519 1504 2600 praebuit

142 2615 353 2685 argumentum
377 2609 486 2670 nullius
505 2611 697 2690 parallaxeos
722 2628 853 2684 annuae,
883 2629 970 2689 quam
1003 2609 1127 2670 tralatio
1155 2608 1285 2671 Telluris
1317 2619 1502 2684 causaretur,

140 2697 250 2758 eadem
273 2715 349 2758 nuno
373 2696 464 2758 etiam
492 2699 523 2760 in
547 2701 643 2760 forma
672 2699 881 2780 hypothesium
911 2699 1027 2760 usitata
1050 2697 1218 2759 Ptolemaei
1242 2699 1329 2778 inque
1353 2698 1500 2760 recentis-

140 2785 222 2848 sima
244 2783 371 2860 Brahei,
405 2787 511 2867 quibus
535 2788 637 2849 Tellus
671 2787 735 2848 loco
766 2806 819 2849 suo
844 2797 947 2849 manet
969 2786 1145 2860 immobilis,
1178 2786 1228 2847 via
1251 2786 1313 2848 alia
1337 2806 1424 2867 quam
1447 2806 1502 2866 per

140 2872 312 2953 parallaxiu
337 2893 467 2937 anonam
489 2876 579 2955 plane
602 2876 767 2950 convincit,
799 2896 856 2939 non
879 2894 971 2956 posse
1002 2894 1079 2936 novo
1103 2874 1194 2936 sideri
1218 2876 1315 2937 locum
1339 2875 1417 2936 infra
1440 2874 1502 2936 Sa-

141 2971 264 3025 turnum
288 2962 449 3042 assignari.
496 2966 575 3027 Nam
603 2966 682 3045 quod
706 2965 911 3027 Ptolemaeum
940 2964 1067 3039 attinet,
1100 2973 1248 3043 qnatenus
1280 2984 1347 3025 enm
1379 2971 1504 3043 recepta

140 3050 310 3130 antiquitus
333 3053 486 3114 sententia
510 3054 659 3134 sequitur,
695 3054 789 3117 habet
815 3055 866 3116 ille
899 3073 1003 3116 omnes
1033 3053 1121 3115 orbes
1145 3053 1258 3114 solidos
1282 3054 1351 3115 inde
1374 3073 1394 3113 a
1416 3052 1503 3114 Luna

140 3139 361 3221 intimansque
386 3142 425 3203 ad
439 3140 603 3205 Saturnum
620 3142 774 3205 extimum.
821 3143 918 3222 Igitur
942 3143 968 3203 si
992 3143 1083 3203 stella
1106 3151 1190 3204 esset
1212 3142 1293 3204 intra
1316 3142 1503 3221 complexum

140 3228 221 3292 coeli
244 3227 380 3292 Saturnii
414 3231 500 3311 (quia
522 3251 576 3312 per
600 3252 704 3294 omnes
733 3242 797 3293 tres
824 3231 1037 3312 hypothesium
1070 3230 1179 3292 formas
1212 3231 1413 3293 certissimum
1444 3237 1501 3305 est,

140 3336 236 3398 supra
258 3317 376 3382 Lunam
399 3321 571 3395 collocari),
602 3329 686 3383 esset
713 3321 805 3400 igitur
827 3320 856 3380 in
882 3321 982 3400 aliquo
1007 3319 1121 3381 orbium
1145 3319 1318 3380 solidorum.
1364 3321 1412 3381 Ac
1436 3337 1503 3380 curn

141 3425 201 3470 nou
226 3406 313 3468 detur
335 3409 505 3487 penetratio
530 3429 700 3489 corpomm,
733 3410 821 3489 plane
855 3417 1013 3489 raperetur
1039 3426 1107 3470 oum
1136 3407 1275 3477 orbibus,
1306 3408 1376 3487 quia
1400 3426 1503 3469 eorum

140 3495 241 3559 nullus
266 3505 323 3571 est,
347 3497 397 3577 qui
421 3505 484 3560 stet
507 3499 587 3561 iners
610 3508 642 3561 et
665 3496 834 3560 immobilis.

232 3582 386 3655 Quantum
409 3587 449 3648 ad
473 3588 644 3669 Tychonem
667 3587 787 3660 Brahe,
820 3585 948 3665 primum
972 3584 998 3646 is
1025 3582 1172 3664 pugnabit
1205 3582 1397 3644 dilemmate:
1432 3601 1503 3644 nam

141 3680 197 3737 aut
220 3674 369 3755 sphaerae
393 3675 508 3738 solidae
532 3696 565 3738 sa
589 3685 692 3740 mutuo
715 3674 901 3754 contingunt,
926 3680 959 3736 ut
976 3671 1294 3739 volunthristotelici¹
1320 3670 1418 3732 etsie
1443 3690 1502 3732 nou

140 3762 243 3846 potuit
267 3782 335 3826 esse
359 3783 437 3826 nova
460 3766 552 3828 stella
579 3766 660 3828 intra
683 3766 770 3827 orbes
798 3764 1008 3843 planetarum,
1042 3761 1110 3842 quin
1135 3779 1187 3822 eas
1212 3761 1241 3823 in
1265 3767 1369 3841 partes
1397 3767 1502 3821 trans-

142 3855 283 3927 ferretur,
307 3853 336 3915 iu
361 3873 435 3934 quas
459 3854 540 3918 orbis
563 3854 614 3917 ille
639 3854 832 3923 volvebatur,
857 3853 905 3933 qui
930 3852 1038 3914 stellae
1060 3850 1201 3930 praebuit
1235 3849 1412 3929 hospitium,
1437 3865 1528 3910 cum·

141 3960 248 4005 ornnes
272 3943 361 4005 orbes
384 3944 496 4005 moveri
520 3953 688 4023 ponantur;
717 3952 770 4005 aut
793 3943 941 4024 sphaerae
969 3940 1085 4002 solidae
1108 3939 1209 4002 nullae
1234 3947 1317 4013 sunt,
1342 3946 1503 3999 contactus

142 4041 288 4110 raptusve
312 4031 427 4107 nullus,
458 4041 491 4094 ut
518 4033 652 4113 Tychoni
685 4033 805 4113 placet,
834 4040 865 4093 et
889 4038 960 4092 tuno
984 4037 1110 4110 quaeret
1132 4028 1249 4109 Tycho,
1275 4028 1301 4089 si
1326 4046 1404 4088 nova
1427 4028 1501 4089 haec

141 4119 226 4184 intra
257 4119 409 4200 regionem
443 4121 597 4184 mobilium
630 4121 706 4183 luit:
745 4140 803 4201 qua
835 4120 927 4199 igitur
964 4119 1072 4180 mentis
1104 4117 1271 4197 agitatione
1308 4115 1502 4195 corruptibile

142 4207 267 4290 aliquod
292 4217 325 4271 et
347 4217 574 4290 temporaneum
604 4229 711 4291 corpus
751 4213 827 4270 tiras
857 4209 965 4270 stellas
992 4206 1078 4287 pedis
1102 4205 1300 4287 Serpentarii,
1323 4205 1353 4266 in
1378 4223 1503 4285 quarum

141 4297 296 4378 regionem
320 4305 353 4359 et
375 4299 562 4379 complexum
587 4318 644 4360 nou
670 4297 838 4360 admittitur
861 4299 900 4359 ab
925 4304 1104 4377 opponente,
1129 4295 1205 4358 adeo
1229 4295 1370 4374 religiose
1394 4293 1500 4355 diurno

141 4394 227 4452 motu
250 4386 384 4467 potuerit
417 4389 510 4469 sequi,
542 4397 576 4449 ut
599 4406 652 4451 eas
675 4407 711 4448 ne
736 4388 830 4448 latunr
862 4405 989 4467 unguem
1022 4386 1176 4447 desereret
1205 4383 1297 4445 toties
1323 4383 1389 4462 jam
1419 4382 1502 4443 circa

142 4477 271 4540 Terram
295 4476 471 4539 revolutum.
517 4478 597 4540 Nam
620 4478 762 4555 planetae
787 4476 906 4555 quidem
930 4495 949 4536 a
972 4475 1038 4536 liris
1062 4473 1167 4534 diurno
1190 4481 1273 4533 motu
1297 4472 1441 4534 recedunt
1464 4470 1502 4532 ob

141 4564 282 4648 proprios
304 4573 419 4628 motus:
453 4567 534 4647 quod
555 4566 634 4627 idem
658 4574 689 4626 et
712 4583 815 4627 omnes
838 4572 975 4626 cornetae
1004 4564 1152 4636 lecerunt,
1187 4561 1236 4641 qui
1260 4561 1339 4622 inter
1361 4562 1502 4641 planetas

142 4654 271 4718 stetisse
294 4655 448 4717 observati
470 4665 559 4717 sunt:
584 4664 618 4716 ut
641 4654 685 4716 ita
709 4654 791 4716 locus
810 4654 916 4716 h'ovae
940 4671 998 4714 non
1021 4652 1063 4714 sit
1085 4651 1164 4713 inter
1186 4651 1337 4730 planetas.
1384 4648 1501 4711 Deinde

141 4744 211 4807 vult
234 4744 351 4826 Tycho,
375 4745 516 4825 planetas
540 4763 642 4806 ornnes
666 4743 749 4823 sequi
774 4741 876 4805 Solem
901 4743 957 4805 hoc
980 4752 1085 4822 pacto,
1114 4748 1148 4801 ut
1171 4740 1196 4800 si
1221 4751 1321 4800 mente
1345 4756 1501 4798 removeas
1560 4763 1564 4770 ·

143 4840 259 4896 motum
281 4834 424 4913 planetae
448 4834 608 4914 proprium,
632 4833 664 4894 id
686 4841 735 4893 est
759 4832 785 4893 si
809 4831 997 4911 contingeret
1019 4831 1174 4909 planetam
1197 4845 1341 4909 peraeae
1366 4848 1384 4888 a
1406 4845 1500 4906 pecu-

143 4922 213 4985 liari
227 4939 281 4984 sno
296 4940 384 4984 cursu
408 4942 537 4984 vacare:
564 4921 754 4984 nihilominus
779 4927 880 4982 tamen
895 4919 968 4982 Sole
991 4919 1193 4982 circumeunte
1217 4917 1347 4978 naturali
1371 4917 1500 4997 quadarn

143 5010 337 5096 sympathias
369 5012 436 5093 lege
467 5031 522 5074 cen
554 5011 658 5073 simius
691 5007 799 5090 aliquis
831 5009 1017 5072 consimilem
1050 5008 1139 5088 plane
1177 5005 1257 5068 viam
1289 5005 1356 5068 viae
1390 5004 1500 5082 Solari,
