3692 5842
794 507 876 574 capu
893 508 913 560 1.
1469 511 1532 579 133

261 680 353 762 Prop.
379 682 464 745 VIII.
512 683 627 747 Lucis
652 687 781 750 radius
810 688 901 749 nihil
927 697 985 747 est
1011 688 1052 748 de
1077 688 1159 748 luce
1184 688 1269 768 ipsa
1298 689 1530 769 egrediente.

166 772 251 834 Nam
275 772 378 832 radius
401 791 454 852 per
478 766 506 834 d.
540 774 612 835 nihil
646 775 725 838 alind
750 785 797 837 est
829 777 885 838 nisi
919 779 984 856 ipse
1016 784 1114 838 motus
1146 777 1230 838 lucis.
1279 778 1360 841 Sane
1385 787 1418 839 nt
1443 780 1527 843 etin

166 869 253 922 ruotu
278 860 403 942 physico
426 872 525 923 motus
549 863 643 940 ipsius
666 873 714 925 est
732 875 817 926 recta
839 866 926 939 linea,
944 865 1100 946 physicum
1122 886 1192 927 vero
1211 868 1320 929 mobile
1340 876 1388 929 est
1403 887 1526 947 corpus:

169 950 215 1011 ita
238 949 270 1010 iu
294 949 361 1011 luce
385 957 483 1012 motus
507 951 571 1031 ipse
596 960 644 1014 est
665 963 750 1015 recta
782 954 886 1016 itidem
916 956 1011 1027 linea,
1046 956 1155 1017 mobile
1179 975 1250 1017 vero
1274 965 1324 1018 est
1353 958 1527 1036 superficies

167 1038 331 1119 quaedam.
376 1037 419 1100 Et
441 1047 474 1101 ut
496 1039 558 1102 illic
589 1050 674 1103 recta
706 1051 805 1105 motus
834 1064 890 1104 non
924 1046 1055 1123 pertinet
1079 1046 1117 1105 ad
1147 1063 1270 1124 coran,
1303 1047 1347 1107 sic
1371 1045 1418 1107 hic
1443 1055 1527 1108 recta

169 1134 272 1189 motus
295 1145 354 1190 non
378 1128 510 1207 pertinet
532 1130 571 1191 ad
596 1132 793 1210 superficiem.

260 1216 351 1297 Prop.
375 1216 431 1278 IX.
479 1215 590 1280 Sicut
620 1238 660 1281 se
691 1220 826 1282 habent
858 1221 1081 1299 sphaericae
1115 1222 1358 1299 superficies,
1394 1224 1525 1303 quibus

167 1304 276 1384 origo
308 1305 406 1368 lucie
439 1325 502 1385 pro
536 1316 664 1370 centro
699 1317 767 1383 est,
807 1310 972 1389 amplior
1005 1311 1046 1371 ad
1085 1310 1364 1389 angustiorem:
1405 1314 1458 1374 ita
1488 1333 1525 1375 se

167 1395 283 1457 habet
306 1394 494 1457 fortitudo
525 1416 586 1457 seu
618 1398 790 1460 densitas
821 1398 917 1460 lucis
951 1399 1134 1460 radiorum
1166 1398 1198 1457 iu
1228 1401 1442 1478 angustiori
1482 1402 1525 1463 ad

168 1482 277 1546 illam
300 1484 335 1545 in
360 1483 500 1545 laxiori
524 1486 725 1564 sphaerica
756 1487 979 1567 superficie,
1004 1489 1071 1548 hoc
1096 1497 1153 1548 est
1181 1490 1399 1551 couversIm.
1447 1490 1525 1551 Nam

166 1591 224 1653 per
246 1569 278 1635 6.
300 1572 329 1635 7.
352 1574 528 1635 tantundem
554 1575 627 1636 lucis
651 1578 750 1637 estin
776 1576 940 1656 augustiori
966 1576 1124 1655 sphaerica
1147 1577 1301 1655 superficie
1327 1587 1468 1656 qnantum
1494 1571 1523 1639 in

166 1660 296 1737 fusiore,
334 1669 420 1723 tanto
448 1681 519 1742 ergo
554 1664 614 1725 illic
647 1664 789 1745 stipatior
812 1675 842 1727 et
874 1666 995 1726 densior
1028 1685 1116 1745 quam
1141 1666 1198 1728 hic.
1246 1664 1280 1727 Si
1315 1677 1415 1729 autern
1449 1668 1524 1729 radii

167 1750 292 1812 linearis
316 1750 378 1813 alia
400 1759 491 1832 atque
515 1752 576 1813 alia
604 1763 687 1816 esset
717 1754 852 1816 densitas
875 1774 928 1834 pro
953 1754 1013 1815 situ
1039 1756 1076 1815 ad
1107 1761 1241 1816 centrum
1266 1755 1358 1835 (quod
1383 1775 1467 1836 prop.
1493 1756 1523 1818 7.

165 1847 312 1919 negatum
338 1842 410 1913 est),
434 1859 484 1901 res
507 1841 596 1903 aliter
619 1862 652 1903 se
676 1843 812 1906 haberet.

256 1927 347 2008 Prop.
373 1925 411 1991 X.
459 1930 538 1991 Lux
562 1950 630 1992 nou
655 1931 850 2012 impeditur
881 1933 1084 1993 soliditate
1118 1951 1311 2010 corporum
1340 1941 1525 2013 quatenus

164 2015 307 2090 solida,
333 2035 399 2098 quo
422 2019 538 2080 miuus
562 2038 623 2099 per
647 2040 688 2081 ea
712 2022 880 2082 transire
904 2022 1037 2100 possit.
1078 2018 1226 2099 Quicquid
1250 2022 1328 2082 euim
1352 2022 1522 2101 impeditur,

163 2107 204 2167 ab
230 2125 265 2166 eo
289 2104 450 2186 impeditur
473 2115 526 2169 aut
558 2109 732 2187 expellitur,
767 2110 844 2190 quod
875 2120 923 2170 est
946 2129 984 2170 ex
1018 2110 1123 2171 eodem
1155 2128 1281 2187 genere,
1317 2118 1349 2170 nt
1372 2129 1524 2192 corpusa

163 2214 301 2275 corpore.
349 2193 453 2257 Solida
478 2197 589 2259 habent
612 2207 675 2260 tres
704 2199 904 2260 dimensiones
934 2208 1081 2278 quatenus
1105 2198 1214 2258 solida.
1262 2199 1335 2260 Luci
1360 2216 1413 2278 per
1437 2194 1467 2261 6.
1493 2209 1525 2261 ct

164 2284 194 2345 7.
230 2291 349 2354 tantum
383 2284 460 2346 duae
491 2295 665 2366 competunt
696 2288 907 2349 dimensiones.
962 2287 1044 2366 Ergo
1078 2289 1128 2348 lux
1162 2288 1208 2347 vel
1243 2287 1309 2366 ejus
1341 2287 1417 2348 radii
1451 2287 1524 2352 nihil

161 2373 320 2453 patiuntur
341 2373 479 2436 aeolidis
503 2386 649 2456 quatenus
668 2377 776 2453 solida,
797 2398 851 2438 uec
871 2397 904 2437 se
927 2386 1028 2438 mutuo
1053 2376 1187 2437 afliciunt
1203 2376 1301 2456 quoad
1325 2376 1520 2439 soliditatem.

255 2461 346 2541 Prop.
371 2460 427 2525 XI.
475 2464 706 2527 Pellncidum
731 2486 864 2546 corpus
898 2486 999 2527 unum
1024 2473 1095 2537 est,
1129 2465 1234 2543 cnjus
1267 2465 1524 2527 consistentia

161 2551 397 2632 geometrica
420 2571 482 2613 sen
506 2555 664 2633 partium
688 2555 914 2617 internarum
934 2555 1044 2629 situs,
1069 2573 1170 2634 quem
1190 2553 1378 2628 obtinent,
1404 2554 1522 2617 fluore

162 2641 293 2722 aliquo
327 2642 561 2704 constitutus
593 2654 658 2705 est.
715 2645 794 2706 Nam
829 2644 940 2704 humidi
975 2642 1108 2704 definitio
1146 2642 1329 2721 geometrica
1362 2652 1410 2705 est
1442 2643 1523 2723 apud

161 2730 364 2792 Aristotelem
374 2749 384 2805 3
419 2731 449 2792 id
482 2751 587 2812 nempe
621 2733 729 2794 dicitur
761 2734 932 2806 humidum,
966 2731 1044 2812 quod
1077 2751 1134 2792 nou
1173 2731 1350 2792 terminatur
1382 2752 1415 2794 ee
1445 2732 1521 2812 ipso.

164 2817 270 2889 Quare
293 2828 398 2897 partes
423 2839 526 2882 omnes
559 2821 700 2884 minimae
725 2844 743 2883 a
767 2842 799 2883 se
824 2831 926 2882 mutuo
959 2820 1174 2894 terminantur,
1208 2827 1363 2899 totumque
1385 2821 1522 2901 partibus

162 2907 293 2969 internis
318 2908 407 2986 plane
432 2910 541 2984 unitur,
572 2912 661 2972 nullis
686 2912 898 2991 superficiebus
930 2919 1000 2971 actu
1033 2909 1234 2988 distinguitur.
1280 2909 1349 2970 Jam
1374 2928 1445 2971 vero
1468 2929 1523 2990 per

166 2994 217 3057 10.
243 2995 385 3057 soliditas
410 3007 557 3075 quatenns
581 3001 719 3061 soliditas
744 3020 801 3062 non
825 3000 950 3079 impedit
974 3000 1069 3060 lucem
1092 2999 1121 3059 in
1147 2998 1287 3059 transitu.
1329 2998 1411 3079 Ergo
1436 2999 1541 3080 quio--

162 3086 234 3165 quid
260 3103 350 3145 unum
374 3094 433 3159 est,
457 3087 636 3165 pellucidum
662 3099 718 3150 est.
757 3092 802 3151 At
825 3090 849 3149 si
875 3108 933 3167 qna
956 3087 1065 3167 partim
1090 3086 1297 3168 quuescebant
1320 3088 1429 3167 partim
1453 3107 1521 3163 non,

160 3176 214 3236 illa
229 3174 274 3235 sic
289 3172 386 3234 mixta
401 3193 489 3235 unum
504 3178 682 3255 pellucidum
704 3195 760 3236 non
781 3178 978 3239 constit-nunt.
991 3175 1024 3249 ¹³)
1059 3177 1205 3238 Extendit
1225 3184 1324 3236 autem
1340 3195 1372 3237 se
1389 3176 1522 3238 delinitio

160 3265 237 3325 haec
262 3281 318 3343 per
341 3263 442 3325 omnia
465 3283 592 3345 corpora
615 3267 765 3326 naturalia
788 3265 995 3345 aliquatenus:
1021 3267 1099 3346 qnod
1124 3267 1213 3345 plane
1238 3264 1422 3327 Aristoteles
1447 3266 1523 3327 libro

158 3354 196 3413 de
222 3351 393 3415 Sensilibus
418 3355 605 3433 approbavit.
653 3354 731 3415 Sunt
755 3362 855 3416 autem
887 3355 1037 3435 pellucida
1060 3356 1135 3417 dura
1164 3354 1270 3414 eadem
1295 3361 1326 3413 et
1350 3353 1520 3416 tinnientia.

161 3442 228 3503 Nec
252 3441 382 3520 impedit
404 3442 541 3504 colorata
565 3463 642 3519 esse,
668 3463 743 3522 qnae
768 3443 879 3505 debent
903 3464 970 3505 esse
993 3444 1152 3525 pellucida,
1178 3451 1210 3505 ut
1233 3442 1322 3505 iufra.

249 3529 341 3610 Prop.
366 3530 441 3592 XII.
488 3533 564 3593 Lux
594 3533 766 3596 afficitur
790 3555 807 3593 a
835 3533 1111 3613 superficiebus
1140 3530 1407 3593 occurrentium
1437 3550 1522 3610 quo-

250 3715 279 3779 *)
299 3717 351 3769 Sub
369 3718 444 3767 finem
462 3719 516 3769 libri
535 3719 658 3783 Keplerns
678 3720 774 3770 addidit
804 3720 902 3774 „notas
930 3713 1055 3782 aliquas,
1083 3711 1180 3780 quibus
1203 3709 1364 3763 obscuriora
1389 3710 1523 3764 nonnulle

159 3795 223 3847 loca
243 3807 317 3863 quae
338 3791 412 3845 iuter
432 3793 610 3864 relegendum
632 3794 818 3848 occurrebant
838 3793 1025 3846 illustrantur.
1068 3793 1117 3853 Tu,
1139 3793 1239 3854 lector,
1265 3790 1343 3859 cujus
1364 3790 1416 3843 hoc
1438 3806 1523 3845 cause

158 3873 219 3937 feci,
242 3871 308 3927 boni
330 3887 434 3942 quaeso
455 3874 594 3927 consule.“
633 3880 702 3941 Quas
716 3882 890 3930 eurumdenes
907 3896 952 3928 uos
967 3883 1033 3942 justo
1047 3880 1100 3928 loco
1115 3879 1270 3941 apposuimus
1283 3879 1396 3943 signatas
1409 3873 1522 3944 eigno‘).

157 3952 231 4012 Quae
250 3965 309 4000 rure
328 3964 373 3999 noa
392 3950 534 4014 adjicienda
552 3954 701 4007 censuimus,
721 3952 853 4001 sublimem
867 3951 973 4016 Opticae
993 3951 1115 4001 continuis
1135 3951 1242 3998 numeris
1262 3949 1410 3999 addldimus.
1440 3950 1525 4001 Prima

158 4032 300 4085 montio,
320 4044 385 4093 quae
404 4030 554 4080 adverbum
574 4033 756 4096 ,pellucidum“
776 4034 891 4097 pertinet,
911 4032 975 4081 haec
995 4038 1048 4080 est:
1086 4023 1249 4077 Consecutio
1280 4031 1325 4076 est
1355 4024 1382 4076 in
1416 4024 1523 4097 origine

158 4105 232 4159 rucis
254 4103 432 4174 pellucidum.
474 4105 660 4175 Excipiuntnr
681 4112 774 4160 autern
795 4106 877 4177 nigra
898 4105 926 4157 in
948 4122 1051 4157 summo
1072 4105 1178 4174 gradm
1209 4119 1279 4173 quae
1301 4103 1353 4156 etsi
1375 4121 1440 4166 una,
1462 4106 1522 4173 pel·

158 4185 251 4238 lucida
281 4192 377 4238 tamen
399 4202 453 4237 non
474 4192 551 4248 sunt,
584 4194 698 4255 propter
729 4187 855 4240 accidens
878 4185 972 4238 summi
1005 4185 1139 4257 nigroris,
1172 4191 1203 4236 ut
1224 4184 1349 4252 sequitur
1370 4200 1450 4252 prop.
1477 4185 1521 4238 li.

157 4268 278 4320 Etcum
307 4264 361 4317 hac
391 4263 555 4318 limitatione
585 4267 679 4336 accipe
704 4285 797 4320 vocem
829 4266 1001 4329 ,colorata“,
1033 4264 1080 4317 ubi
1108 4263 1191 4317 etiam
1217 4263 1291 4316 color
1317 4280 1420 4317 summe
1442 4264 1523 4317 albus

158 4345 317 4416 excipitur,
350 4361 402 4397 non
424 4352 561 4415 quatenus
583 4348 675 4410 color,
708 4350 755 4400 sed
784 4365 834 4417 per
860 4346 1003 4409 accidens,
1036 4351 1172 4415 quatenns
1200 4344 1223 4395 is
1255 4343 1360 4396 nonnisi
1389 4361 1439 4412 per
1460 4362 1523 4398 oon·

158 4428 277 4498 fragosa
310 4441 427 4494 corpora
462 4419 548 4495 (quae
583 4428 723 4496 pellucido
758 4446 811 4481 non
840 4426 916 4490 sunt)
952 4424 1157 4495 repraesentari
1194 4431 1296 4493 potest.
1352 4424 1429 4486 Quod
1457 4440 1522 4477 rere

157 4507 201 4561 hic
231 4513 263 4560 et
300 4521 379 4575 prop.
412 4506 457 4560 l'l.
492 4506 637 4560 Aristoteli
662 4509 766 4573 ,tribuo
804 4510 875 4561 hauc
905 4507 1088 4568 sententiam,
1128 4521 1213 4558 cause
1241 4512 1284 4556 cst
1312 4505 1382 4573 quod
1411 4504 1433 4557 is
1462 4504 1523 4557 loeo

157 4589 245 4641 citato
277 4593 424 4657 postquam
454 4585 572 4639 dixisset
592 4590 626 4640 de
652 4605 740 4659 aqna,
773 4594 839 4642 a‘ere
861 4596 889 4641 et
911 4587 934 4640 si
957 4604 1012 4657 qua
1033 4586 1091 4638 alia
1119 4584 1157 4637 sic
1186 4586 1342 4637 dicerentur
1371 4580 1524 4653 (pellucido

157 4663 269 4737 nempe)
291 4664 453 4736 subjungit:
475 4666 625 4729 ἔντουτοις
638 4670 669 4723 δε
682 4669 739 4737 ign,
760 4689 805 4722 aar
819 4665 915 4730 ἄλλοις
935 4684 1065 4741 crepuere
1085 4666 1246 4738 ἒνυπαρχει,
1265 4683 1322 4724 τοις
1341 4683 1395 4736 μεν
1407 4666 1523 4737 μαλλον,

157 4769 217 4810 τως
236 4750 269 4803 de
288 4743 380 4815 ἦττον.
419 4746 573 4801 Videbatur
593 4749 691 4811 dicere,
714 4756 828 4818 praeter
849 4765 974 4818 eaquae
997 4745 1174 4800 communiter
1195 4744 1334 4814 pellucida
1355 4745 1521 4804 dicerentur,

157 4828 273 4899 reliquis
294 4826 380 4880 etiarn
404 4827 564 4896 corporibus
586 4828 676 4882 inesse
697 4830 769 4882 hanc
790 4837 917 4882 naturam
940 4829 1087 4881 secundum
1113 4825 1201 4896 magis
1224 4831 1253 4877 et
1282 4824 1377 4878 minus.
1421 4820 1524 4887 Quodsi

157 4918 186 4962 te
220 4906 362 4962 distinctio
397 4906 488 4960 verior
522 4909 606 4961 aliter
634 4910 728 4971 docet,
765 4926 838 4962 exue
871 4910 943 4962 hanc
972 4906 1138 4961 sententiam
1168 4903 1336 4958 auctoritate
1362 4902 1521 4974 philosophi

156 4989 277 5059 mihique
307 4988 407 5041 nudam
437 4987 557 5043 remitte.
604 4995 740 5059 (compara
758 5010 814 5045 cnm
833 4994 870 5043 his
889 5009 937 5051 ea,
957 5009 1022 5060 quae
1040 4992 1163 5057 Keplerur
1182 4991 1270 5041 eadem
1286 4990 1317 5041 de
1335 5005 1362 5043 ru
1381 4990 1523 5055 perscripsit

156 5069 303 5133 Breuggeru
321 5080 345 5129 p.
367 5061 453 5121 toln.
472 5064 636 5129 praemissis.)
