3692 5842
335 450 380 517 ὤ
757 455 855 504 literae
874 456 976 519 Kepleri
995 458 1146 521 charumque
1163 469 1266 504 mutuae

337 633 413 693 hil-it
436 631 595 710 oculosque
622 631 735 709 ingenti
759 631 909 690 claritatis
934 632 1092 691 latitudine
1122 647 1266 709 occupat,
1291 645 1404 690 utnon
1433 630 1599 690 altendant
1621 647 1695 707 par·

336 739 405 781 rum
424 733 549 798 aspectu
574 719 780 797 corpusculum
806 720 919 779 lunae.
959 720 1093 780 indidem
1108 737 1139 780 et
1155 720 1360 799 tranquillitas
1380 717 1497 780 Oceani
1515 738 1572 780 seu
1593 719 1696 796 palum
1721 783 1734 806 ·

339 829 409 871 esse
433 808 543 887 potuit.
591 809 669 869 Nam
693 809 772 867 circa
797 809 864 867 illus
888 808 953 867 dies
984 809 1056 868 nulli
1087 811 1176 887 plane
1206 811 1325 869 luerunt
1357 819 1500 887 aspectum
1533 813 1637 868 aerem
1665 819 1697 864 et

339 898 436 958 maria
458 898 650 974 instigantes.
699 897 781 956 Tttnc
806 917 936 956 oceanus
959 913 1106 974 stagnans
1130 898 1232 958 radios
1249 897 1331 957 Sulis
1354 897 1453 957 instar
1475 895 1592 976 speculi
1613 905 1698 956 tecla

338 1006 457 1048 sursum
483 987 522 1044 ad
547 987 662 1046 Lunam
686 987 867 1063 repercussit
893 986 1065 1046 fortissime.
1104 988 1168 1047 l'ol.
1188 984 1253 1047 257
1282 987 1396 1046 omissa
1424 999 1472 1045 est
1496 987 1572 1045 haec
1594 1001 1697 1052 caua.

338 1075 544 1154 tranquillitas
568 1071 683 1135 Oceani
707 1090 739 1133 et
763 1074 930 1153 specularis
954 1076 1168 1154 aequabilitas.
1202 1095 1256 1154 pro
1280 1094 1340 1153 qua
1362 1074 1424 1134 alia
1446 1074 1559 1152 posita,
1592 1089 1698 1150 nempe

337 1164 468 1224 altitudo
484 1163 541 1224 leci
557 1183 609 1222 seu
629 1162 769 1241 speculae
785 1183 874 1241 supra
894 1184 1029 1224 crassam
1044 1165 1123 1224 aeris
1144 1167 1268 1226 laecctu.
1288 1183 1365 1241 quae
1387 1162 1490 1222 nescio
1510 1181 1549 1222 an
1569 1159 1699 1231 ibidem

338 1253 386 1312 hic
410 1252 515 1312 nullibi
541 1267 624 1311 certe
647 1251 764 1329 puritas
789 1253 878 1313 airis.
926 1251 965 1312 Et
989 1267 1077 1331 puto,
1111 1273 1147 1311 ex
1172 1254 1239 1330 ipsa
1271 1251 1404 1328 regionis
1436 1250 1585 1310 felicitate
1607 1261 1699 1328 atque

339 1341 494 1410 ubertate,
521 1353 552 1399 ut
577 1357 607 1400 et
627 1340 664 1400 de
681 1337 824 1400 Graecia.
850 1341 985 1400 concludi
1008 1361 1098 1421 posse
1122 1343 1269 1419 puriorem
1294 1340 1355 1400 illic
1378 1359 1446 1399 esse
1470 1345 1588 1410 aerem,
1612 1355 1699 1418 qnam

339 1430 387 1491 hic
411 1429 440 1489 in
466 1427 641 1489 Germania.

429 1518 554 1578 Memini
597 1536 642 1576 me
686 1516 713 1575 in
747 1515 903 1594 :scaligero
938 1516 1066 1595 legisse,
1099 1517 1287 1577 occidentale
1315 1517 1386 1576 litus
1418 1515 1544 1576 Africae
1582 1513 1701 1593 (quidni

341 1607 522 1684 Hispaniael
556 1608 637 1666 nulla
670 1606 781 1666 tentari
814 1622 918 1683 parte,
949 1605 1027 1684 quod
1055 1626 1172 1667 rursum
1203 1620 1250 1666 est
1282 1604 1426 1683 puritatis
1457 1605 1590 1682 siguum.
1637 1601 1699 1663 Sed

339 1695 450 1774 inquis,
475 1696 533 1755 hae
557 1714 667 1754 cau-ae
692 1714 808 1772 semper
832 1712 910 1766 suut,
936 1714 989 1754 cur
1012 1714 1084 1774 ergo
1104 1714 1160 1755 non
1185 1695 1305 1773 saepius
1326 1694 1444 1753 videtur
1461 1694 1547 1753 Luna
1571 1692 1602 1751 iu
1626 1710 1700 1750 cou-

335 1784 517 1860 junctione?
542 1782 620 1852 Quia
638 1802 703 1843 raro
724 1784 894 1860 cunjunctio
918 1783 1021 1843 incidit
1038 1784 1066 1843 in
1087 1784 1251 1854 meridiem.
1270 1797 1302 1842 ut
1318 1803 1353 1842 ex
1376 1784 1439 1841 alto
1461 1782 1560 1859 possit
1584 1778 1701 1859 inspici.

341 1873 404 1934 lmo
429 1891 500 1932 uero
524 1891 578 1932 nec
602 1891 720 1950 semper
739 1887 825 1931 tanta
843 1887 890 1931 est
916 1873 1120 1951 tranquillitas
1140 1873 1231 1932 aeris.
1269 1871 1366 1930 ,llulta
1386 1871 1486 1949 itaque
1509 1879 1701 1940 concurrunt,

341 1981 419 2041 quae
445 1981 503 2020 non
535 1961 655 2039 saepius
685 1961 727 2019 ita
752 1977 939 2021 concurrunt.
988 1963 1132 2021 Fortasse
1166 1975 1266 2020 tanuen
1302 1960 1423 2041 saepius
1455 1971 1645 2028 cerneretur,
1676 1957 1702 2016 si

340 2051 451 2110 attenti
486 2063 590 2109 esseut
624 2050 768 2108 homines.
820 2049 925 2128 Negas
955 2051 1052 2110 lumen
1083 2073 1101 2109 a
1126 2052 1220 2109 Terra
1251 2049 1474 2108 reterleraturu
1507 2045 1641 2107 militare
1673 2046 1701 2104 in

340 2139 548 2217 phaenomeno
565 2139 667 2198 Lunae
684 2139 773 2215 juxta
791 2138 903 2202 Solem.
929 2139 1006 2216 ¹pund
1027 2139 1155 2198 militare
1170 2137 1310 2197 concedis
1326 2137 1353 2196 ir.
1375 2137 1584 2215 phaenomeuo
1600 2135 1702 2195 Lunae

345 2228 400 2287 suh
425 2227 514 2292 Sole.
547 2228 678 2304 tepentis
704 2225 816 2286 Solem.
865 2227 937 2286 l‘lus·
967 2228 1085 2305 inquam
1116 2228 1175 2287 illic
1206 2227 1315 2286 militat
1345 2245 1433 2303 quam
1467 2226 1526 2285 hic.
1578 2221 1703 2293 Quare?

340 2314 420 2386 Quia
451 2334 518 2376 cnm
547 2316 632 2375 Luna
662 2314 763 2375 Solem
797 2316 884 2392 tegit.
919 2316 1014 2375 Terra
1042 2330 1172 2376 nonest
1206 2330 1269 2374 tarn
1293 2315 1391 2386 clara.
1417 2327 1522 2393 utpote
1552 2332 1591 2372 ex
1614 2323 1702 2391 parte

342 2422 397 2484 per
422 2405 538 2464 Lunam
562 2403 727 2481 eclipsata.
762 2404 816 2461 sed
841 2419 941 2463 tamen
966 2417 1066 2481 potest
1100 2407 1252 2465 illustrare
1279 2415 1397 2481 partem
1430 2402 1535 2461 Lunae
1559 2401 1703 2461 tenebro-

342 2513 417 2555 aaut.
472 2493 569 2553 ‚llulto
602 2494 698 2571 magis
733 2492 824 2569 initur
857 2492 950 2552 Terra
981 2494 1070 2570 plena
1101 2496 1165 2554 luce
1200 2497 1300 2552 t'ruens
1331 2492 1444 2569 poterit
1479 2491 1583 2549 lunae
1616 2499 1702 2549 tene·

341 2583 462 2643 hrosum
481 2581 734 2661 hemisphaerium
753 2581 914 2640 illustrare.
955 2581 992 2640 Er
1011 2599 1126 2643 certum
1146 2597 1204 2644 est.
1225 2582 1375 2640 illustrare
1396 2581 1504 2638 saltem
1525 2579 1556 2639 in
1574 2587 1703 2646 tantum¹

341 2681 374 2732 nt
399 2672 475 2731 haec
500 2670 662 2731 illustratio
686 2683 755 2748 post
780 2669 861 2730 Solis
885 2690 1024 2731 occasum
1050 2672 1315 2731 animadvertatur.
1362 2667 1586 2728 Tantummodo
1610 2685 1704 2745 quae·

341 2761 426 2824 ritur.
451 2779 489 2818 an
514 2760 606 2819 etiam
632 2760 658 2818 iu
693 2772 809 2818 tantum
834 2760 933 2837 possit
964 2760 1130 2822 illustrare.
1156 2775 1187 2820 ut
1218 2759 1379 2818 illustratio
1403 2758 1440 2815 de
1464 2757 1513 2815 die
1542 2755 1706 2816 tentatur?

433 2851 535 2925 Atque
560 2848 634 2906 haec
659 2847 695 2906 de
720 2848 776 2907 hac
800 2848 989 2926 quaesticute.

435 2937 528 2995 Porro
561 2949 593 2993 et
626 2936 663 2994 de
689 2933 846 3013 Copemici
881 2937 1098 3015 hypothesibus
1131 2937 1246 3013 quaerit
1271 2935 1374 3012 Mauo.
1399 2934 1464 2993 Tua
1493 2949 1525 2993 et
1559 2931 1707 2993 delectari

346 3025 480 3094 uidetur,
514 3023 612 3082 mein
648 3026 800 3083 sententia
830 3045 958 3084 manere.
1006 3026 1131 3094 Quaerit
1167 3026 1257 3103 igitur
1288 3023 1512 3101 perhumaniter
1535 3023 1574 3082 de
1608 3021 1710 3081 causis

345 3113 479 3191 physicis
504 3127 534 3170 et
561 3113 793 3172 mathematici.
819 3114 926 3191 quihus
951 3127 1096 3173 ruorear'!
1135 3114 1199 3190 Eue·
1224 3113 1343 3191 quidem
1372 3111 1450 3170 haud
1476 3112 1629 3174 ctatatim
1652 3111 1709 3172 de-

347 3219 449 3279 prum(¹
471 3220 537 3260 mea
563 3214 740 3279 argumenta
765 3205 810 3263 tel
837 3218 941 3261 contra
966 3204 1104 3264 liostsm:
1136 3219 1252 3261 tautum
1282 3203 1368 3260 celest
1394 3215 1425 3259 ut
1451 3201 1611 3261 blanditiis·
1634 3218 1710 3279 opus

347 3290 484 3360 haleam.
510 3308 606 3367 neque
631 3310 739 3367 sequor
764 3291 887 3350 multum
905 3291 973 3350 illos
988 3292 1094 3369 quil-us
1115 3293 1142 3351 iu
1163 3311 1212 3351 ore
1231 3307 1297 3349 est:
1324 3290 1393 3349 ,odi
1416 3291 1576 3365 protanam
1601 3289 1709 3368 uulgus

345 3390 374 3439 et
392 3391 512 3440 arceu·.
540 3379 609 3437 item
631 3379 702 3438 illud
727 3380 937 3440 clrimictuum:
965 3380 1101 3439 .nunuisi
1127 3381 1193 3438 tiliis
1219 3379 1405 3456 sapit-ntiae·
1422 3380 1486 3440 hc..
1512 3380 1583 3456 quin
1609 3378 1709 3457 potius

346 3468 500 3527 ultroneus
525 3482 555 3525 et
581 3467 766 3545 iunottnnns
793 3470 1079 3547 internunciusque
1102 3469 1199 3527 adsim
1224 3468 1380 3545 perpetim.

434 3557 477 3615 Tu
503 3561 633 3616 tortas-e
659 3557 795 3620 miram.
832 3558 892 3616 tieri
926 3572 1071 3634 possent
1097 3559 1283 3634 l'opernicus
1317 3557 1426 3615 homiui
1457 3556 1655 3617 considerato
1678 3569 1710 3614 et

345 3645 462 3705 modice
488 3645 644 3721 ingenioso
669 3647 820 3723 probetur.
861 3645 924 3721 ligo
951 3665 1021 3706 tero
1044 3646 1103 3722 ajo.
1129 3646 1219 3706 niltil
1244 3665 1324 3704 esse
1348 3664 1411 3723 per
1434 3664 1558 3703 onmes·
1583 3647 1708 3706 scien-

343 3734 437 3804 tias,
463 3736 560 3811 quod
587 3755 636 3793 rue
663 3735 844 3812 impediat
869 3734 934 3792 hoc
968 3733 1208 3793 sentientem:
1244 3733 1348 3796 nihil.
1383 3733 1476 3812 quud
1502 3734 1564 3794 vel
1595 3733 1709 3795 leuis-

343 3823 436 3881 sime
462 3842 512 3880 me
537 3823 757 3882 absterreat
784 3824 826 3882 ab
845 3823 911 3881 hac
933 3837 1063 3901 uperta
1086 3823 1302 3882 sententiae
1328 3842 1430 3882 meae
1454 3823 1709 3899 professione.

344 3926 498 3986 practer
537 3911 681 3969 unit-aru
721 3912 996 3971 auctoritatem
1035 3911 1247 3976 Sacrorum.
1286 3933 1303 3968 a
1346 3910 1566 3989 quibusdam
1614 3911 1711 3972 rnalu

343 3998 542 4058 denorum.

433 4088 482 4147 At·
507 4089 562 4146 Ιιιι.Ι
588 4087 678 4164 initur
703 4087 851 4165 incipiam.
892 4088 968 4148 Puto
994 4089 1094 4166 initur.
1118 4089 1227 4148 deber·-
1247 4109 1301 4147 uns
1326 4089 1475 4165 respicere
1494 4089 1534 4148 ad
1559 4089 1711 4150 intentum

344 4177 492 4236 luminum
520 4178 626 4255 spiritu
653 4177 707 4236 llei
734 4177 966 4255 inspiratorum:
991 4179 1039 4254 «pu
1065 4179 1200 4255 nuspiam
1222 4178 1277 4237 leuc
1300 4190 1436 4255 egeruut
1460 4193 1492 4236 ut
1516 4177 1656 4237 huntiues·
1680 4179 1710 4240 iu

342 4267 430 4325 otu.-
470 4266 660 4326 naturalius
694 4266 865 4327 erudirent.
901 4278 1111 4344 praeterquam
1145 4265 1172 4324 in
1207 4266 1301 4344 primo
1334 4267 1434 4344 capite
1459 4265 1639 4339 lierteseos,
1671 4269 1711 4327 de

344 4357 566 4431 -uprauatumii
595 4374 689 4414 rerum
715 4369 792 4412 ortu.
841 4357 993 4416 l'eterutu.
1019 4367 1050 4413 ut
1075 4355 1183 4417 lincuis
1213 4355 1336 4415 cuilibet
1360 4355 1442 4432 genti
1466 4356 1546 4416 nutis
1570 4366 1710 4424 utuntur.

342 4461 399 4501 uuu
440 4444 607 4508 lincuaruru
645 4445 697 4500 s·d
738 4442 928 4519 colloquendi
965 4445 1205 4520 sententiamque
1240 4444 1478 4503 communicandi
1516 4463 1630 4516 causa,
1665 4445 1712 4506 ita

342 4544 466 4591 utuntur
491 4533 528 4590 ad
556 4534 633 4591 idem
659 4533 806 4590 intentum
826 4530 918 4588 etiam
944 4532 1139 4607 conceptibus
1164 4532 1312 4590 luoruinum
1332 4532 1368 4590 de
1389 4532 1479 4593 rebus
1503 4533 1709 4594 naturalibus.

342 4619 562 4680 Stultissimum
589 4640 691 4697 nempe
718 4634 763 4677 est
788 4619 982 4697 pustulatum.
1009 4634 1040 4677 ut
1065 4621 1172 4679 doceat
1197 4641 1251 4680 nus
1271 4620 1353 4679 licus
1377 4621 1406 4680 in
1425 4619 1540 4693 Sacris,
1564 4623 1711 4700 planetas

342 4726 399 4765 nnn
424 4723 509 4769 stare
535 4725 585 4768 aut
612 4707 810 4770 retrocedere.
836 4707 860 4765 si
880 4725 949 4765 tere
968 4727 1025 4766 nou
1050 4723 1133 4768 stant
1153 4724 1204 4768 attt
1228 4710 1432 4778 retrocedunt,
1456 4725 1508 4769 utut
1528 4720 1561 4768 ut
1585 4711 1710 4787 penitus

343 4795 415 4854 nihil
440 4797 608 4858 hominihus
633 4799 668 4854 «lc
694 4797 749 4855 lunc
778 4796 985 4873 phaenonreuo
1018 4796 1164 4875 inuitatur.
1211 4798 1289 4858 Nam
1314 4798 1372 4858 etsi
1401 4799 1531 4859 l'uturuut
1559 4813 1650 4879 putu.
1676 4815 1709 4860 ut

344 4884 470 4942 aurudo·
504 4889 664 4946 toritatem
698 4885 793 4962 nan·
827 4885 981 4962 magisque
1016 4901 1162 4950 aunnscat
1193 4897 1241 4946 tut
1270 4887 1409 4963 exemplu
1437 4889 1475 4946 tle
1510 4889 1709 4966 antipodibus

343 4968 516 5037 didicimus)
550 4975 729 5054 tandemque
760 4973 956 5034 communior
990 4976 1136 5034 stationes
1169 4975 1357 5054 planetarum
1387 4975 1415 5034 iu
1445 4976 1558 5036 'l'errae
1592 4989 1709 5040 motum
