3692 5842
330 453 397 525 24ss
803 460 1037 526 rumpmeasa
1055 460 1222 514 manaan.

332 642 436 716 sectio,
462 640 644 720 geometrice
677 638 836 720 designare
868 638 1045 717 desperavi:
1079 657 1191 718 quaeso
1214 648 1246 702 te
1269 640 1383 716 lector,
1408 640 1458 703 hic
1481 660 1531 703 me
1554 637 1691 719 adjuves.

332 730 404 803 (Dic
424 731 530 809 quibus
549 731 579 791 in
600 728 731 809 punctis,
755 736 787 789 et
806 727 865 789 eris
884 728 956 789 mihi
971 746 1098 807 maguus
1113 730 1320 807 Apollonius.)
1355 728 1476 791 Inlinite
1497 750 1558 793 non
1579 730 1693 791 distare

332 826 461 881 constat.
500 818 580 881 Nam
594 837 649 898 per
663 814 694 879 8.
716 818 803 896 hujus
828 817 964 896 probavi,
989 836 1092 880 omnes
1113 819 1161 879 axi
1182 819 1345 897 parallelos
1369 819 1491 898 gemina
1512 818 1693 883 retractione

333 909 416 969 iacta
440 926 616 969 concurrere
641 926 707 990 cum
724 925 790 968 axe.
830 904 892 968 Cur
915 913 1016 967 antem
1040 924 1098 967 non
1123 907 1335 988 dispergantur
1358 907 1476 987 longius
1492 909 1695 987 baecpnncta

331 1014 539 1070 consensuum,
565 997 619 1057 sed
644 995 781 1056 conserta
805 996 909 1057 sintin
935 995 992 1056 tine
1011 1014 1047 1057 ac
1070 1014 1146 1075 pene
1161 1017 1250 1059 unum
1273 996 1467 1074 plurimarum
1490 996 1694 1059 radiationum

332 1085 383 1148 axi
413 1085 598 1147 vicinarum:
634 1084 879 1164 qualitercunque
912 1085 1127 1146 demonstrabo
1151 1105 1188 1147 ex
1218 1085 1423 1165 propositione
1448 1082 1479 1149 9.
1513 1084 1692 1166 praemissa.

331 1175 410 1236 Nam
434 1174 564 1253 primum
588 1174 796 1244 retractiones,
821 1182 855 1234 nt
873 1191 958 1253 prop.
976 1169 1007 1247 8,
1021 1173 1078 1235 IV.
1095 1174 1204 1253 capitis
1219 1175 1468 1243 demonstratum.
1483 1175 1576 1254 plane
1591 1173 1693 1233 insen·

332 1261 418 1325 sibile
443 1273 506 1337 est,
537 1263 606 1343 quin
630 1261 896 1342 proportionentnr
928 1261 1099 1324 incidentiis
1121 1282 1214 1343 prope
1247 1262 1527 1342 perpendicularem
1549 1262 1582 1325 in
1606 1261 1692 1324 incli-

335 1352 457 1413 natione
480 1370 585 1432 parva.
624 1350 726 1422 Quare
750 1351 892 1413 retractio
917 1350 1086 1413 remotioris
1111 1353 1149 1411 ab
1169 1371 1225 1412 axe
1250 1351 1421 1431 (proximae
1444 1359 1548 1413 tamen
1573 1370 1630 1431 per
1646 1354 1694 1423 sa)

332 1440 550 1504 insensibiliter
574 1448 622 1501 est
644 1441 741 1520 major
769 1459 857 1520 quam
887 1440 1030 1501 retractio
1058 1440 1206 1520 propioris
1234 1450 1375 1519 respectu
1398 1460 1470 1503 suae
1499 1440 1693 1503 incidentiae.

334 1530 366 1590 lo
391 1530 534 1590 lemmate
558 1547 629 1590 vcro
653 1549 699 1610 pr.
724 1525 754 1593 9.
780 1529 873 1590 etiam
897 1527 978 1591 CEB
1003 1535 1070 1602 (rig.
1089 1534 1137 1599 ta)
1170 1529 1387 1592 insensibiliter
1410 1537 1458 1592 est
1484 1529 1584 1592 minor
1607 1547 1692 1609 qnam

331 1616 425 1679 BEA.
457 1618 539 1697 Ergo
562 1618 686 1679 refracti
706 1618 840 1696 proxime
859 1625 1127 1695 repraesentantur
1148 1618 1178 1679 in
1200 1636 1309 1698 magna
1327 1618 1555 1698 propinquitate.
1576 1639 1596 1678 a
1610 1618 1695 1679 lineis

332 1706 399 1779 ΑΕ,
412 1706 475 1774 ΒΕ,
492 1708 529 1767 ad
547 1707 624 1768 idern
640 1726 717 1786 pene
731 1716 873 1784 punctum
889 1706 1136 1769 concurrentibus
1151 1717 1183 1767 et
1194 1706 1247 1769 CP
1263 1706 1418 1787 (proxima
1432 1708 1483 1768 axi
1499 1706 1574 1778 ΔΕ)
1592 1706 1693 1767 insen·

333 1794 462 1856 sibiliter
475 1796 611 1875 superius
625 1795 744 1857 secabit
759 1795 816 1858 ΑΕ
831 1814 920 1875 quam
934 1796 1000 1871 BE,
1018 1797 1062 1857 sic
1079 1803 1112 1857 ut
1128 1796 1198 1863 RE
1213 1796 1276 1857 sint
1289 1796 1426 1876 proxima
1444 1795 1523 1857 idem
1538 1803 1692 1877 puuctum.

334 1891 343 1909 “
422 1884 642 1963 Propositio
661 1884 750 1947 XVI.
790 1884 938 1960 Puncti‚
964 1885 1099 1965 quoda
1122 1886 1281 1963 spbaera
1304 1885 1458 1964 longius
1480 1892 1696 1946 removetur

333 1992 438 2054 quam
463 1973 618 2034 ultimus
652 1974 960 2035 intersectionum
993 1974 1186 2048 terminus,
1219 1974 1457 2036 radiatioues
1480 1992 1611 2036 omues
1635 1991 1696 2053 ge-

332 2065 429 2124 mina
468 2062 699 2124 retractione
740 2062 845 2123 facta
883 2081 962 2125 curn
996 2082 1061 2124 axe
1095 2070 1332 2125 concurrunt.
1389 2062 1628 2125 Demonstratnr
1659 2062 1696 2122 ad

335 2152 453 2213 modum
482 2149 531 2213 13.
556 2152 742 2229 praemissae
768 2160 860 2212 etex
884 2152 1096 2214 antecedenti:
1122 2172 1176 2212 nec
1199 2152 1299 2212 verbis
1324 2168 1399 2229 opus
1424 2160 1481 2212 est

426 2239 503 2301 Hinc
528 2239 662 2301 existunt
682 2241 756 2301 haec
781 2239 949 2302 corollaria.
1001 2240 1028 2302 l.
1054 2238 1129 2302 Cum
1150 2241 1264 2303 infinite
1285 2239 1382 2301 distat
1399 2248 1542 2321 punctum
1564 2239 1697 2308 radians,

336 2327 456 2389 termini
479 2328 729 2390 intersectionum
753 2335 785 2389 et
808 2328 896 2406 globo
921 2340 953 2389 et
977 2329 1134 2409 sibiipsis
1158 2340 1229 2391 sunt
1250 2328 1389 2408 proximi.

421 2415 453 2478 2.
493 2417 568 2479 Cum
594 2418 728 2497 proxime
753 2418 888 2478 ultimum
912 2418 1158 2480 intersectionum
1183 2420 1218 2490 (a
1240 2417 1396 2498 parallelis
1426 2416 1697 2479 determinatarum

332 2523 387 2586 per
414 2506 462 2569 15.
487 2507 701 2587 praemissam)
725 2506 884 2568 terminum
913 2508 1081 2569 accesserit
1111 2517 1255 2585 punctum
1283 2507 1421 2579 radians,
1453 2505 1576 2568 termini
1602 2504 1697 2567 inter-

333 2596 499 2657 sectionum
524 2597 562 2656 ab
591 2595 638 2655 his
667 2595 752 2656 novis
783 2614 841 2656 non
872 2597 1027 2673 parallelis
1059 2595 1162 2675 puncti
1195 2595 1414 2657 radiationibus
1448 2596 1600 2656 factarum
1624 2603 1697 2655 eta

332 2684 424 2766 globo
450 2694 481 2745 et
507 2706 526 2745 a
550 2704 582 2743 se
610 2692 713 2745 mutuo
736 2683 909 2763 longissime
935 2686 1103 2747 discedunt.

422 2771 453 2837 3.
489 2773 636 2835 Paralleli
659 2773 780 2853 globum
811 2774 960 2837 densioris
985 2772 1074 2835 medii
1104 2771 1298 2834 dimetientes
1326 2771 1533 2851 refringuntur
1555 2770 1696 2850 utrinque

334 2873 455 2926 etcum
480 2883 536 2925 axe
562 2872 752 2937 concurrunt,
777 2863 913 2925 terminis
939 2862 1183 2925 intersectionum
1206 2863 1376 2941 aequaliter
1400 2861 1538 2942 utrinqne
1563 2882 1585 2922 a
1607 2860 1697 2940 globo

333 2953 528 3014 distantibus.
541 2951 575 3023 *l

335 3090 653 3102 ’.ῳ-σα·-

431 3167 455 3224 ‘l
478 3170 505 3222 Si
522 3169 662 3221 desideras
678 3165 817 3220 corollarii
831 3167 855 3219 1.
871 3164 1140 3225 demonstrationem,
1156 3163 1261 3234 inspice
1275 3166 1387 3219 schema
1402 3168 1446 3221 rt.
1477 3170 1572 3225 Distet
1588 3173 1698 3226 mdian·

334 3252 361 3304 in
382 3251 434 3302 Al)
464 3267 560 3303 sersus
583 3251 608 3301 l)
636 3248 740 3301 infinito
771 3247 862 3315 spatio
891 3247 926 3297 ad
955 3261 1076 3306 sensum,
1108 3244 1254 3299 irradiabit
1284 3247 1370 3317 igitur
1400 3250 1526 3316 proxime
1558 3252 1698 3324 integrum

334 3330 568 3399 hemisphaerium
591 3330 684 3389 litati,
716 3335 745 3378 et
772 3325 974 3379 radiationibus
1004 3325 1111 3395 quidem
1133 3325 1198 3388 KB,
1224 3326 1273 3380 LG
1301 3326 1425 3395 proxime
1455 3332 1618 3398 parallelis,
1651 3351 1700 3402 per

335 3411 508 3480 postulatum
531 3409 640 3461 secundi
663 3406 771 3475 capitis.
814 3406 890 3477 Ergo
912 3405 1023 3474 perid.
1046 3406 1129 3475 hujus
1153 3406 1229 3459 lest
1250 3407 1408 3460 intersectio
1430 3410 1549 3464 omnium
1572 3414 1699 3482 proxima

334 3492 429 3564 globo,
453 3508 524 3560 quae
548 3497 639 3557 potest
662 3505 734 3539 esse.

424 3572 477 3624 Sed
499 3578 526 3622 ct
551 3570 625 3621 alter
647 3564 872 3620 intersectionum
895 3565 1024 3619 terminus
1041 3567 1062 3618 F
1082 3575 1126 3618 est
1146 3564 1264 3620 omniurn
1285 3568 1435 3636 proximus.
1469 3570 1604 3627 Transfer
1625 3591 1699 3628 nana.

334 3671 387 3723 que
409 3649 595 3721 cogitationes
618 3649 643 3701 in
673 3653 781 3717 partem
812 3646 959 3697 schematis
991 3646 1174 3715 superiorem,
1207 3653 1236 3698 et
1261 3647 1337 3718 tinge
1363 3649 1474 3701 radians
1507 3660 1643 3720 punctum
1665 3674 1699 3708 ρ,

334 3732 438 3785 infinito
470 3730 619 3782 intervallo
652 3727 890 3796 appropinquare,
921 3725 992 3778 radii
1019 3726 1079 3794 ejus
1108 3743 1217 3795 semper
1247 3745 1408 3797 semperque
1436 3746 1529 3783 omnes
1555 3750 1620 3787 cum
1647 3751 1701 3789 ue

334 3820 509 3872 coricurrent,
541 3811 626 3861 donec
657 3806 782 3876 proxime
805 3808 826 3858 F
846 3804 956 3867 veniat,
988 3805 1106 3875 perid.
1147 3808 1210 3859 Jarn
1232 3807 1268 3858 ab
1291 3809 1313 3859 l'
1340 3810 1475 3877 quaedam
1499 3829 1553 3864 non
1581 3815 1702 3885 amplius

335 3898 512 3944 concurrunt.
541 3893 578 3941 rlt
601 3906 661 3941 cum
683 3906 720 3940 ex
741 3885 901 3938 secantibus
917 3885 997 3938 lineis
1013 3887 1080 3938 liunt
1102 3887 1242 3955 paralleli,
1265 3886 1352 3940 sectio
1368 3888 1395 3942 in
1417 3888 1553 3945 inlinitum
1576 3895 1701 3949 eaetarrit

335 3972 494 4040 priusquam
526 3970 551 4021 in
584 3967 737 4037 parallelos
769 3966 886 4017 desinat.
937 3967 1013 4035 Ergo
1044 3966 1171 4019 radiante
1203 3978 1305 4035 puncto
1336 3970 1371 4020 ad
1401 3969 1516 4038 globum
1548 3976 1701 4029 accedente

335 4067 422 4120 usque
444 4052 478 4101 ad
501 4049 734 4118 propinquitatem
757 4047 793 4106 Γ,
823 4045 908 4097 sectio
940 4045 1039 4097 ultima
1060 4044 1087 4098 in
1117 4046 1250 4098 inlinitum
1282 4048 1388 4118 effugit.
1432 4049 1512 4103 Prius
1542 4068 1610 4106 vero
1641 4073 1702 4109 eun.

335 4130 438 4184 infinite
459 4130 575 4181 distaret
599 4128 713 4180 radians
744 4133 892 4194 punctum,
923 4125 1019 4177 ultima
1044 4125 1129 4178 sectio
1150 4141 1236 4194 supra
1256 4127 1278 4178 F
1298 4128 1384 4197 paulo
1411 4129 1473 4197 plus
1494 4132 1703 4189 semidiametro

334 4210 428 4281 globi,
461 4210 497 4262 nil
529 4209 647 4276 nrrrplins
679 4206 776 4258 abfuit.
829 4205 905 4274 Ergo
935 4221 995 4257 cunr
1023 4205 1151 4258 continue
1185 4221 1289 4259 causae
1326 4218 1493 4263 excrescant
1523 4214 1560 4265 ab
1594 4214 1703 4269 infinit,

335 4288 469 4342 radiantis
500 4289 634 4340 distantia
666 4288 700 4338 ad
731 4283 938 4338 brevissimam:
970 4287 1096 4337 ellectum
1126 4303 1234 4356 qnoque
1265 4304 1313 4339 seu
1344 4289 1583 4359 propinquitatem
1615 4295 1701 4349 inser.

334 4369 462 4421 sectionis
493 4369 609 4419 ultimae
632 4383 647 4417 a
671 4364 833 4418 breuissima
854 4367 889 4415 ad
918 4364 1049 4417 infinitam
1081 4382 1205 4418 crescere
1234 4368 1363 4420 continue
1394 4379 1523 4437 oportet,
1557 4391 1614 4428 non
1635 4392 1702 4430 vero

334 4448 504 4516 interrumpi.
538 4447 582 4499 Sic
604 4463 672 4515 ergo
694 4444 771 4497 initio
792 4443 845 4495 erit
866 4444 984 4497 omnium
1007 4446 1132 4513 proxima
1152 4447 1247 4515 globo,
1269 4450 1339 4516 qnod
1362 4461 1423 4501 erat
1446 4451 1700 4510 demonstrandum.

427 4526 609 4579 Corollarium
639 4526 784 4576 seeundum
806 4534 945 4592 exparte
969 4524 1030 4591 jam
1051 4536 1093 4579 est
1115 4528 1302 4588 declaratum,
1331 4531 1401 4598 quod
1424 4530 1528 4586 attinet
1555 4535 1702 4591 terminum

334 4607 557 4659 intersectionum
578 4605 711 4658 ultimum.
755 4603 831 4663 Quod
853 4615 989 4671 superest,
1013 4605 1163 4658 clarissime
1186 4607 1307 4659 cernitur
1329 4608 1356 4661 in
1379 4610 1522 4664 schemate
1545 4613 1593 4666 80.
1628 4617 1699 4670 Nun

332 4702 386 4755 qno
408 4686 497 4756 rrragis
519 4685 724 4753 appropinquat
746 4684 783 4744 il,
805 4682 857 4734 boc
877 4682 965 4751 magis
989 4682 1060 4752 fagit
1082 4690 1115 4737 Α.
1159 4686 1195 4737 Et
1217 4686 1243 4738 in
1273 4688 1415 4742 schemate
1439 4691 1486 4743 ii.
1516 4695 1697 4750 radiantem

334 4766 448 4818 termino
469 4766 504 4817 ad
527 4765 547 4817 t·
572 4765 725 4823 collocato,
756 4761 925 4814 radiationes
957 4779 1048 4814 omnes
1080 4774 1263 4818 concurrunt:
1295 4787 1328 4821 eo
1355 4770 1470 4822 iomar
1501 4773 1698 4839 descendente,

332 4854 497 4897 concurrunt
528 4850 634 4897 tantum
665 4843 833 4901 exteriores,
865 4858 937 4910 quae
963 4843 1066 4895 scilieet
1094 4855 1158 4912 post
1188 4846 1302 4915 globum
1333 4849 1485 4919 designant
1506 4853 1549 4905 sui
1572 4857 1697 4910 sectiom

334 4923 478 4976 terminum
507 4924 636 4976 citimum.
678 4922 802 4990 Denique
834 4920 960 4973 radiante
988 4922 1047 4975 inl
1075 4926 1228 4988 collocato,
1261 4927 1314 4992 jam
1346 4930 1431 4983 etiam
1463 4932 1553 4986 ultimi
1584 4945 1698 4990 „amnt

333 4999 502 5055 intersecare
522 5009 553 5055 et
581 5002 667 5055 sectio
698 4999 797 5068 effugit
822 4998 850 5051 in
881 5000 1032 5054 inlinitum:
1064 5010 1095 5055 at
1123 5004 1146 5057 si
1175 5006 1287 5058 radians
1309 5026 1345 5060 ex
1377 5009 1470 5062 altera
1502 5023 1586 5083 puta
1617 5017 1694 5088 globi
