3692 5842
748 483 830 547 eaput
847 483 878 535 x,
1425 473 1492 544 339

131 661 327 764 praecedunt,
350 666 456 723 cetera
476 659 604 739 relinqui
628 678 751 721 necesse
776 665 834 720 est.
881 661 990 741 Itaque
1013 655 1260 721 manifestissime
1284 657 1321 718 de
1346 663 1490 717 astrono-

131 748 217 813 micis
240 750 381 832 loquitur.
417 748 542 829 Proprie
566 749 614 811 hic
638 748 823 811 subsumitur
846 750 1082 828 experimentum
1105 745 1289 810 amontibns
1312 753 1344 807 et
1368 743 1491 823 sepibus

134 839 265 916 ductum,
290 838 458 903 ambulanti
483 838 575 918 juxta
601 856 690 918 sepes
713 838 835 899 obviare
858 857 947 918 sepes
970 838 1155 918 propinquae
1179 835 1329 907 videntur,
1353 831 1491 895 comitari

134 936 252 990 montes
275 927 394 991 remoti.
430 926 536 989 Possis
550 928 620 989 inde
639 928 759 988 ductum
784 928 952 1007 exemplum
977 926 1202 989 accommodare
1223 924 1261 986 ad
1280 931 1392 985 motum
1409 920 1491 983 Solis

133 1018 212 1078 inter
243 1018 341 1091 lixas,
375 1018 431 1079 sed
462 1016 586 1078 vocibus
616 1034 776 1096 parumper
808 1017 847 1076 ab
883 1017 1070 1079 astronomia
1101 1015 1138 1077 ad
1172 1013 1378 1095 quotidianum
1407 1025 1493 1072 nsum

133 1106 270 1170 deflexis.
317 1105 388 1169 Sint
410 1103 548 1181 euimB,
573 1106 604 1167 A
626 1105 714 1174 linae,
739 1103 853 1177 OSol,
876 1106 971 1167 Terra
994 1106 1086 1182 inD,
1115 1124 1172 1207 quo
1343 1149 1402 1201 105

134 1197 199 1258 loco
231 1202 333 1259 motus
363 1195 407 1258 sit
434 1194 587 1257 Terrae
579 1215 610 1256 ru
639 1194 811 1274 partesB‚
845 1194 925 1256 sicut
948 1214 964 1255 e
987 1195 1108 1275 regione
1141 1194 1170 1255 in
1263 1154 1316 1219 rig

135 1292 240 1365 partes
262 1284 304 1347 A
348 1283 432 1364 Ergo
456 1283 551 1346 Terra
573 1282 603 1345 D
626 1302 731 1345 versus
755 1282 781 1344 B
805 1291 909 1359 eunte,
935 1281 1038 1346 CSol
1069 1283 1169 1363 quies·
1197 1252 1488 1356 Α

137 1393 209 1437 cens
231 1392 339 1438 versus
361 1372 393 1436 A
415 1373 528 1435 moveri
557 1372 722 1446 videbitur,
747 1372 824 1435 fixae
848 1391 919 1435 vero
943 1370 1009 1435 Soli
1036 1373 1170 1452 junctae,

135 1470 169 1525 ut
180 1460 221 1538 Ε,
242 1461 344 1525 deseri
358 1483 378 1524 a
392 1460 465 1524 Sole
485 1468 517 1524 et
536 1463 659 1524 Terram
673 1462 729 1522 hoc
751 1462 816 1523 loco
837 1462 973 1525 comitari
991 1461 1021 1522 in
1047 1463 1172 1523 eandem

134 1552 267 1633 plagam,
292 1553 372 1632 quod
385 1552 442 1613 hac
457 1551 522 1613 vice
538 1570 612 1613 voce
626 1546 841 1612 ὑπολιιπισθαι
854 1551 1071 1631 designandum
1089 1552 1174 1612 venit

137 1660 190 1703 usn
212 1641 345 1721 uulgari,
370 1641 430 1702 etsi
442 1641 557 1720 posteri
582 1640 717 1702 strictius
733 1640 815 1702 illam
830 1640 859 1702 in
879 1640 1065 1703 astronomia
1084 1660 1171 1701 usur-

135 1738 245 1811 parunt
274 1730 311 1792 de
341 1736 427 1792 motu
449 1730 479 1790 in
503 1730 719 1810 consequentia
741 1729 813 1802 BA,
847 1731 928 1791 nullo
961 1730 1037 1791 situs
1062 1729 1173 1791 Terrae

137 1827 293 1900 respectu,
319 1839 377 1901 quo
400 1826 491 1899 pacto
513 1818 581 1881 lixis
604 1838 662 1879 non
693 1818 843 1880 convenit.
890 1817 1052 1881 Rationem
1075 1820 1173 1880 nouri-

138 1929 205 1971 nnm
230 1908 397 1971 astronomi
420 1908 498 1969 hanc
529 1908 649 1987 possint
679 1908 768 1970 dare:
803 1908 880 1989 quod
905 1908 934 1968 in
963 1908 1173 1969 commixtione

138 2005 237 2061 motus
261 1998 349 2079 primi
368 2004 401 2059 et
423 1997 630 2065 secundorum,
655 2015 731 2077 qnae
750 1997 927 2076 retrogrado
952 1997 1067 2058 cientur
1081 2005 1172 2072 motu,

140 2089 236 2151 locum
262 2105 348 2150 suum
371 2086 578 2149 antecedentis
602 2086 661 2148 diei
683 2087 861 2161 interficias,
887 2087 1014 2165 appulsu
1030 2087 1068 2147 ad
1083 2086 1173 2147 ureri-

139 2177 258 2239 diauum
283 2176 460 2245 maturiore,
488 2181 703 2256 praevertunt:
734 2183 764 2236 et
788 2176 832 2237 sic
859 2196 1040 2255 upoqyarraa.
1089 2173 1174 2245 Quae

140 2286 212 2330 uero
237 2267 353 2328 directo
376 2273 460 2327 motu
481 2274 655 2340 moventur,
689 2284 790 2327 eorum
814 2264 881 2326 loca
904 2264 960 2326 sub
984 2264 1066 2336 fixis,
1099 2284 1173 2345 quae

139 2356 318 2419 obtinebant
340 2355 389 2416 die
413 2355 614 2437 antecedenti,
637 2353 720 2434 prius
738 2355 775 2415 ad
800 2354 997 2416 meridianum
1019 2354 1068 2415 vel
1091 2354 1174 2416 hori-

138 2453 257 2509 zontem
271 2444 413 2507 veniunt:
431 2463 488 2525 quo
502 2453 592 2525 pacto
607 2439 821 2506 ὑπολιιιιισθαι
834 2444 1051 2522 intelliguntur,
1067 2461 1173 2523 quem-

140 2536 299 2598 admodum
322 2533 349 2594 si
372 2533 432 2595 duo
461 2552 600 2595 cursores
630 2533 737 2597 eodem
769 2532 888 2613 quidem
920 2533 1061 2607 tendant,
1097 2533 1175 2595 alter

138 2644 209 2687 rero
234 2624 332 2687 altero
356 2622 472 2685 tardior
494 2642 528 2684 se
551 2621 680 2703 relinqui
704 2631 852 2702 queratur.
900 2622 1008 2702 Itaque
1032 2641 1126 2684 cansa
1148 2624 1249 2704 optica
1277 2626 1352 2687 haec
1376 2624 1498 2687 uomina

138 2713 266 2796 peperit.
310 2712 392 2775 Nam
424 2712 499 2787 etsi,
533 2712 611 2793 quod
639 2712 705 2790 jam
738 2712 864 2787 dictum,
898 2730 936 2772 ne
963 2711 1077 2791 primns
1107 2713 1226 2793 quidem
1251 2720 1282 2775 et
1306 2713 1497 2795 quotidianus

139 2804 270 2867 siderum
295 2808 394 2864 motus
417 2801 555 2863 sensibus
576 2802 664 2862 nudis
688 2801 837 2879 subjacet,
862 2800 920 2861 levi
941 2809 1041 2861 tamen
1066 2802 1295 2865 ratiocinatione
1320 2804 1396 2866 oculi
1421 2804 1496 2865 sub-

140 2893 234 2955 levati
260 2893 325 2973 jam
352 2889 480 2970 primum
503 2890 581 2953 hunc
604 2897 637 2951 et
659 2890 863 2970 quotidianum
892 2897 1004 2951 motum
1029 2890 1067 2951 ab
1096 2898 1163 2953 ortu
1186 2892 1216 2953 in
1245 2912 1384 2956 occasum
1408 2893 1497 2955 facile

139 2989 268 3045 notant:
292 2979 441 3044 secundos
463 2998 535 3042 vero
558 2988 657 3042 motus
680 2998 738 3041 uon
764 2979 853 3040 aliter
875 2979 934 3040 nisi
957 2998 1011 3058 per
1034 2978 1205 3043 diurnorum
1229 2982 1438 3046 differentiam.

228 3069 368 3133 Fallacia
398 3069 504 3131 horum
533 3087 643 3148 parens
675 3069 826 3130 nominum
854 3087 911 3130 non
942 3069 1089 3143 aliaest,
1122 3089 1210 3150 quarn
1234 3071 1260 3133 si
1284 3071 1500 3154 quiapropter

142 3161 213 3223 litua
246 3160 349 3222 navim
377 3159 508 3220 secundo
536 3158 656 3220 flumine
686 3157 918 3219 descendentem
951 3157 1040 3237 inque
1065 3178 1102 3219 ea
1125 3161 1200 3222 duos
1223 3161 1360 3223 homines
1384 3162 1495 3237 videat,

143 3268 268 3331 qnorum
292 3249 371 3310 alter
394 3248 424 3308 io
448 3266 538 3328 prora
563 3247 720 3329 quiescens
744 3254 820 3323 stet,
846 3247 923 3308 alter
947 3268 966 3307 a
988 3265 1079 3327 prora
1101 3248 1140 3309 ad
1164 3250 1286 3329 puppim
1309 3259 1415 3314 contra
1437 3253 1497 3314 flu-

141 3339 229 3401 minis
253 3355 373 3401 cursum
406 3337 554 3398 ascendat
563 3355 572 3411 ;
605 3342 761 3416 spectator
791 3354 862 3397 vero
891 3336 976 3397 binos
1005 3336 1073 3397 illos
1106 3337 1255 3414 homines,
1289 3338 1332 3399 rei
1365 3342 1497 3421 ignams,

142 3428 257 3491 duabus
289 3426 441 3488 distinctis
469 3424 596 3488 navibus
625 3426 723 3487 altera
754 3424 880 3487 tardiori
907 3425 976 3486 vehi
1010 3424 1173 3488 existimet.
1220 3427 1385 3492 Aberrabit
1408 3430 1496 3505 enirn,

141 3526 171 3579 et
201 3516 254 3599 qui
288 3524 388 3578 motus
417 3514 497 3576 inest
526 3515 637 3578 homini
669 3534 760 3594 super
792 3515 897 3575 eadem
930 3513 1013 3585 navi,
1049 3514 1126 3576 hunc
1158 3534 1317 3597 perperam
1346 3520 1416 3582 navi
1439 3517 1499 3599 ipsi

142 3605 325 3670 transcribet
355 3604 387 3666 in
418 3604 609 3667 contrarium.
656 3603 698 3665 Et
726 3604 774 3685 qui
804 3605 881 3664 haec
912 3603 1033 3665 nomina
1064 3604 1191 3683 primum
1219 3605 1250 3667 in
1283 3608 1499 3670 astronomiam

142 3696 385 3765 introduxerunt,
408 3694 546 3756 similiter
570 3694 763 3767 aberrarunt,
789 3692 999 3755 existimantes
1028 3692 1153 3754 eundem
1183 3702 1297 3756 motum
1319 3698 1446 3777 primurn
1470 3698 1501 3759 in

147 3784 240 3859 Luna,
263 3782 350 3845 verbi
374 3802 477 3859 causa,
502 3781 705 3845 remissiorem
728 3802 795 3844 esse
820 3801 908 3863 quanr
928 3782 956 3843 in
982 3780 1068 3856 Sole;
1093 3782 1190 3863 ignari
1215 3784 1295 3864 quod
1317 3786 1405 3850 Luna
1426 3806 1500 3867 pro-

143 3876 204 3953 prio
227 3879 312 3936 motu
336 3872 405 3952 ipsa
427 3873 522 3953 primo
546 3872 638 3936 motui
662 3871 810 3934 communi
835 3873 883 3944 (ut
903 3873 967 3952 jam
987 3872 1118 3934 usitatas
1137 3872 1321 3955 hypotheses
1342 3877 1500 3958 profitear)

143 3963 373 4027 contranitatur.

231 4053 333 4133 Atque
357 4050 432 4113 haec
457 4051 520 4113 sere
544 4057 628 4123 sunt,
653 4068 729 4131 quae
753 4049 836 4111 visus
865 4069 991 4131 eumque
1022 4058 1126 4113 secula
1154 4051 1277 4116 incauta
1309 4054 1501 4118 ratiocinatio

148 4142 244 4206 stellis
266 4147 391 4221 praeter
413 4158 518 4201 vemm
541 4140 660 4218 affingit
683 4157 818 4220 quaeque
841 4140 942 4219 optice
966 4147 1037 4202 sunt
1060 4141 1255 4203 enucleanda.

227 4240 413 4311 Appendix
428 4242 567 4294 demoto
590 4246 801 4293 cometarum.
831 4238 883 4300 Qui
898 4245 987 4293 motus
1009 4246 1133 4294 cornetae
1149 4242 1213 4294 anni
1230 4240 1315 4295 1577.
1331 4242 1438 4296 circulis
1454 4245 1500 4296 de·

143 4328 337 4383 monstrarunt.
352 4320 539 4375 difficillimam
554 4336 666 4390 operam
681 4326 853 4380 sumserunt;
869 4336 958 4390 neque
973 4327 1066 4375 tomen
1081 4321 1189 4375 omnino
1204 4321 1344 4385 successit,
1361 4325 1431 4393 quod
1446 4341 1500 4376 non

143 4404 194 4458 rati
216 4404 274 4458 sint
293 4401 457 4472 diligentius
478 4401 530 4456 sibi
550 4400 739 4471 inquirendum
759 4415 829 4453 ease.
860 4401 950 4453 Multo
971 4401 1090 4470 majores
1111 4401 1288 4455 difficultates
1310 4403 1498 4473 experientur,

144 4484 164 4537 si
192 4484 264 4539 idem
293 4482 323 4536 in
351 4481 464 4535 cometis
492 4481 592 4535 ceteris
623 4481 862 4534 demonstrandum
892 4488 1011 4535 sumant.
1053 4481 1122 4535 Mihi
1151 4482 1179 4535 in
1208 4483 1352 4552 pluribus,
1385 4500 1499 4554 qnorum

143 4565 295 4635 descriptas
324 4562 535 4617 observationes
556 4578 616 4615 sum
641 4568 755 4623 nactus,
787 4560 920 4614 successit
940 4560 994 4614 hac
1014 4560 1061 4615 ria
1087 4561 1193 4615 levius:
1225 4562 1261 4624 si,
1293 4564 1365 4632 quod
1396 4570 1500 4618 natura

143 4661 230 4701 rerum
243 4642 352 4707 sumet
373 4648 466 4697 rectas
481 4641 550 4712 ipsis
565 4641 653 4695 lineas
675 4641 832 4704 tribuerem,
855 4656 923 4711 quas
945 4641 1107 4710 aequalibus
1131 4641 1299 4710 temporibus
1320 4643 1500 4712 utplurimum

144 4724 299 4797 aequaliter
320 4720 492 4791 trajicerent,
514 4722 602 4775 solum
622 4721 700 4775 initio
722 4728 752 4773 et
770 4720 824 4773 fine
845 4721 931 4789 paulo
953 4721 1087 4775 tardiores
1116 4728 1146 4774 ct
1173 4721 1259 4791 quieti
1285 4721 1445 4788 viciniores,
1468 4728 1501 4777 ut

144 4811 170 4859 et
193 4810 307 4859 ceterae
335 4800 516 4871 traiectiones
543 4802 643 4855 solent.
690 4801 761 4854 Nam
786 4799 927 4855 insinuans
956 4818 986 4854 se
1015 4808 1105 4855 motus
1131 4800 1250 4855 Telluris
1283 4801 1500 4857 circularitatem

144 4883 194 4939 illis
215 4883 301 4940 facile
322 4880 461 4937 conciliat.
502 4881 540 4936 Ut
559 4881 608 4935 ille
629 4880 695 4935 anni
719 4879 803 4933 1577.
826 4880 850 4933 si
870 4886 949 4933 recta
974 4880 1085 4935 lineae
1106 4882 1190 4950 plano
1218 4881 1318 4951 tropici
1339 4881 1501 4954 Capricorni

145 4971 259 5031 coortus,
280 4977 380 5017 versus
400 4962 495 5032 polum
515 4960 670 5024 borealem,
692 4959 739 5013 vel
758 4959 844 5029 paulo
865 4958 1047 5025 inclinatiori,
1069 4966 1149 5015 recta
1169 4968 1261 5015 tamen
1282 4962 1371 5029 linea,
1402 4979 1498 5017 ascen·

145 5043 243 5112 ducet,
264 5049 333 5100 tuno
346 5040 443 5110 Terra,
463 5040 506 5097 uti
520 5040 612 5097 Solem
633 5039 820 5112 quiescentem
842 5038 1011 5105 circumiens,
1034 5040 1152 5111 speciem
1173 5041 1226 5111 ipsi
1247 5047 1338 5100 motus
1359 5043 1501 5100 circularis

1229 5133 1262 5171 co
1273 5136 1290 5170 ι
