3692 5842
261 465 326 540 632
738 463 1137 540 nomisma-‚unt

261 650 342 714 mani
364 649 524 712 infeliciter
546 647 617 710 deu
641 646 879 723 Thierkreis,
903 649 1044 712 circulum
1062 649 1245 725 animalium,
1267 651 1526 733 mangana.
1546 655 1612 720 des

247 738 505 812 ·Bilderkreis‚
529 736 670 800 circulum
693 737 854 817 signorum.
900 736 1022 802 Graeca
1049 759 1110 803 vox
1130 735 1235 813 (auor
1255 739 1305 802 hic
1325 759 1389 804 non
1409 751 1464 804 est
1485 743 1613 808 uint-

258 829 371 902 culum,
405 827 460 890 sed
483 827 593 888 idolum
617 825 833 907 qualecunque,
867 826 960 888 etiarn
990 828 1133 900 hominis,
1163 848 1219 890 seu
1248 829 1365 910 pictum
1386 849 1443 894 seu
1465 833 1613 914 eulpts·

258 938 311 980 seu
336 917 444 978 iusum.
490 917 557 978 Hoc
588 934 679 976 seusu
709 936 746 976 su
768 911 859 987 ζοᾰα
881 927 1036 979 sumuntur
1061 918 1316 998 apudlleronem
1345 919 1379 982 in
1409 919 1613 1000 melodum

257 1007 316 1069 hoc
340 1025 431 1068 seusu
454 1005 546 1067 etiam
561 1002 668 1066 Cicero
687 1003 797 1083 aliique
810 1003 914 1066 Latini
937 1004 1100 1084 scriptores
1122 1025 1197 1090 soce
1219 1005 1325 1087 signa
1346 1017 1487 1072 utuntur.
1517 1013 1613 1074 Arate

256 1095 376 1176 quidem
400 1095 525 1156 lixarum
548 1091 762 1173 dispositiones
785 1100 856 1153 suut
887 1114 1005 1170 aquosa
1035 1096 1234 1158 membrorum
1264 1095 1295 1157 iu
1326 1095 1533 1162 auirrnlibas:
1562 1101 1612 1163 sed

257 1204 316 1246 uon
340 1191 390 1245 est
410 1182 572 1244 verisimile
596 1201 676 1254 euru,
710 1180 759 1261 qui
790 1180 904 1260 primus
931 1181 1010 1244 dixit
1036 1185 1127 1264 sigua
1147 1183 1307 1260 coelestia,
1339 1185 1382 1246 ad
1403 1204 1514 1250 vooern
1536 1209 1612 1264 w

254 1273 355 1353 potius
380 1272 561 1351 respexisse,
585 1289 674 1350 quam
697 1269 737 1330 ad
759 1288 864 1331 uocem
885 1266 999 1342 ζωᾶω.
1045 1270 1106 1343 Qui
1132 1291 1204 1334 vero
1227 1271 1386 1336 duodecim
1416 1275 1514 1356 signa
1534 1275 1611 1340 Ger.

255 1364 371 1424 manice
395 1361 488 1423 venit
510 1361 571 1421 die
602 1357 712 1419 zerbis
734 1358 907 1434 Zeichen,
932 1368 985 1421 aut
1006 1379 1065 1422 uou
1084 1359 1267 1423 attenditad
1281 1362 1448 1440 genuimus
1459 1363 1611 1445 significa·

254 1461 318 1513 tum
341 1450 426 1513 uocis
449 1449 609 1529 signum,
633 1466 709 1526 quae
731 1445 788 1508 hoc
812 1446 877 1508 loco
901 1447 981 1509 idem
1004 1450 1082 1530 quod
1104 1445 1208 1523 ζώων
1233 1450 1399 1530 significat,
1431 1449 1611 1516 Geumi»

253 1539 357 1601 Bild:
382 1548 435 1600 aut
457 1556 516 1600 uox
540 1535 702 1597 Zeichen
725 1535 816 1598 latior
838 1535 909 1597 olim
935 1536 991 1598 luit
1013 1557 1103 1617 quam
1121 1538 1220 1612 bodie,
1242 1537 1506 1619 comprehendens
1524 1543 1629 1614 etian.

254 1629 454 1708 significatum
478 1626 561 1687 vocis
584 1625 681 1687 Bild.
718 1624 816 1686 Hodie
836 1643 964 1704 namque
985 1644 1045 1687 vox
1072 1627 1229 1689 Zeichen
1256 1627 1410 1708 siguificat
1429 1633 1610 1709 generaliter

253 1719 302 1779 rel
325 1717 466 1804 iudicium
491 1715 704 1796 qualecunque,
728 1723 762 1775 ut
776 1712 910 1774 bubones
925 1725 958 1775 et
970 1716 1189 1778 exanthemata
1202 1715 1310 1795 pestis,
1332 1716 1487 1797 genitalia
1507 1737 1608 1794 sut

252 1806 301 1868 vel
325 1815 427 1868 uotam
451 1804 686 1885 qualemcunque
709 1802 869 1881 scriptam.
902 1812 937 1864 ut
966 1803 1158 1867 characteres
1188 1805 1381 1884 planetarum
1403 1817 1439 1868 et
1460 1808 1607 1890 signorm

251 1895 400 1974 scriptos;
424 1902 478 1956 aut
500 1893 617 1972 signum
641 1889 844 1970 qualecunque
858 1891 1020 1953 memoriae
1038 1912 1132 1955 causa
1149 1894 1340 1966 collocatum.
1362 1913 1418 1958 seu
1433 1895 1466 1958 in
1478 1897 1605 1978 acript'a,

250 1992 285 2047 ut
307 1982 442 2057 obelisci,
467 1979 624 2053 asterisci,
649 1997 769 2053 manus,
793 1978 926 2048 indiculi,
951 1979 1059 2042 literae
1080 1982 1122 2046 N.
1136 1983 1179 2056 B;
1201 2002 1256 2046 seu
1278 1995 1377 2056 extra,
1402 1995 1438 2046 ut
1455 1987 1605 2066 conquire

249 2072 394 2154 lapidum,
420 2090 535 2139 cruces,
558 2067 628 2130 nodi
651 2068 680 2128 iu
705 2067 843 2129 arborum
867 2068 1031 2142 frondibus,
1055 2069 1219 2149 stigmata,
1243 2071 1406 2134 incisiones
1429 2084 1464 2135 et
1485 2075 1603 2138 similia.

249 2181 308 2242 quo
331 2179 424 2222 sensu
445 2159 542 2239 signis
574 2155 756 2218 coelestibus
787 2156 907 2218 minime
941 2157 1079 2237 quadrat.
1126 2158 1310 2240 Specisliter
1340 2181 1415 2222 reru
1448 2161 1601 2226 Zeichen

249 2248 412 2312 Germanis
434 2256 527 2308 sonat
549 2253 702 2307 ostentum
724 2244 871 2319 coeleste,
895 2254 1082 2325 portentum,
1105 2248 1297 2321 miraculum
1327 2268 1448 2312 rursum
1469 2269 1528 2314 uon
1548 2251 1601 2314 ad-

247 2340 367 2402 modum
390 2337 510 2418 proprie
534 2333 572 2396 de
596 2333 691 2411 signis
713 2332 839 2407 zodiaci,
863 2341 951 2395 tanto
973 2343 1075 2397 canen
1098 2336 1287 2399 tolerabilius
1309 2347 1425 2418 quanto
1447 2349 1599 2420 portento-

248 2428 330 2491 siora
351 2427 383 2489 in
406 2427 491 2487 coelo
513 2431 649 2485 monstra
671 2421 808 2483 finximus
832 2422 989 2502 astrologi.

817 2930 939 3030 Caput
965 2932 1027 3006 Vl.

244 3121 545 3187 Denome'uote'ouem
578 3114 789 3193 Tripouorum
818 3113 857 3171 ab
892 3107 1054 3172 eleemon
1080 3132 1145 3175 nore
1175 3131 1243 3172 esse
1270 3134 1312 3175 eur
1339 3136 1450 3180 rerem
1477 3125 1594 3192 anon-u,

687 3199 745 3259 sed
766 3219 806 3260 eu
829 3197 962 3258 arbitrio
985 3199 1155 3262 leontinum.

332 3368 435 3431 Tertio
467 3366 533 3426 loco
567 3357 745 3438 explicanda
777 3365 824 3418 est
856 3356 939 3434 origo
972 3357 1255 3421 denominationum.
1317 3361 1415 3443 Signa
1454 3365 1532 3427 euim
1561 3365 1595 3426 ab

243 3458 406 3539 astrologis
435 3456 497 3517 alia
525 3452 615 3530 ignea
637 3445 844 3525 perhibentur,
878 3455 911 3505 ut
941 3446 1020 3525 quod
1048 3447 1113 3525 jam
1141 3447 1273 3527 incipere
1304 3453 1416 3515 dicitur
1440 3453 1594 3535 triplicitas

242 3549 342 3628 ignea,
366 3547 428 3609 alia
452 3543 544 3614 aeria,
571 3539 631 3599 ulia
655 3554 761 3615 aquea,
786 3534 847 3594 alia
870 3544 978 3595 terrea.

331 3635 435 3699 Causa
458 3632 556 3710 igitur,
582 3645 632 3687 cur
657 3623 750 3702 siguis
773 3623 831 3682 hae
855 3623 966 3682 luerint
988 3620 1152 3682 attributae
1169 3623 1441 3705 denominationes,
1467 3631 1593 3712 conjectu

242 3734 291 3788 est
313 3725 422 3787 facilis.
469 3719 566 3781 Omne
591 3733 683 3793 uenus
707 3712 867 3771 humanum
902 3711 971 3770 inde
999 3730 1019 3771 a
1049 3709 1147 3788 primu
1180 3714 1294 3792 origine
1327 3719 1454 3796 agnouit
1486 3735 1518 3780 et
1546 3739 1593 3800 pro

240 3815 380 3876 confesso
404 3806 577 3889 usurparit,
606 3809 805 3880 tempestates
830 3818 946 3859 annuas
970 3817 1007 3858 ex
1031 3799 1115 3859 coelo
1138 3801 1259 3865 uariari.
1308 3804 1342 3865 lu
1367 3809 1591 3886 tempestatibus

238 3922 310 3963 sero
335 3901 404 3962 anui
428 3901 485 3960 hae
510 3905 638 3974 quatuor
661 3896 822 3951 cernuntur
854 3887 1035 3966 qualitates:
1071 3888 1215 3966 calidum,
1249 3891 1407 3971 frigidum,
1440 3895 1590 3966 humidum,

239 3992 360 4052 siccum.
406 3986 501 4066 Atqui
526 3985 582 4044 hae
606 3973 734 4060 quatuor
758 3976 921 4056 qualitates
954 3977 985 4035 in
1018 3975 1144 4036 totidem
1175 3978 1350 4054 elementis,
1385 4004 1464 4063 quae
1491 3983 1591 4046 nosuis

239 4079 436 4141 obversantur
459 4074 606 4141 sensibus,
633 4070 660 4128 in
685 4066 753 4143 igne
778 4064 868 4136 calor,
895 4065 924 4126 iu
949 4071 1019 4125 abre
1043 4064 1156 4139 hurnor,
1181 4067 1210 4127 in
1234 4089 1315 4148 aqua
1335 4069 1440 4149 frigus,
1466 4073 1590 4135 interra

239 4168 362 4229 siccitas
387 4164 555 4246 praecipue,
581 4156 779 4219 dominantur.
826 4153 904 4214 Hinc
927 4151 1126 4214 Aristotelea
1149 4155 1334 4220 combinatio
1357 4155 1482 4236 talisz')

667 4261 799 4316 Calidum.
853 4260 997 4314 IGNIS.
1050 4258 1170 4320 siccum.

852 4439 878 4490 e
913 4386 1021 4545 5,ei

844 4540 910 4650 «ᾧ
956 4546 1025 4675 ἕρ

664 4685 811 4792 'rugium
852 4719 991 4782 noua.
1033 4719 1189 4772 numerum.

329 4814 404 4878 Cum
428 4814 528 4895 itaque
552 4815 642 4878 aliter
664 4834 772 4895 capere
796 4835 853 4876 nou
878 4823 1004 4894 possent
1021 4814 1168 4884 homiues,
1192 4810 1342 4891 quomodo
1357 4808 1417 4871 hae
1435 4809 1578 4892 qualitates

239 4919 276 4960 ex
300 4905 386 4964 coelo
409 4914 528 4975 essent,
553 4905 581 4965 in
605 4905 720 4965 coelum
744 4923 798 4964 eas
822 4904 1007 4964 sustulerunt
1031 4903 1168 4981 interque
1190 4901 1281 4979 sigua
1303 4899 1423 4962 zodiaci
1453 4895 1577 4960 distubo·

240 5003 334 5050 erunt.
380 4993 633 5054 scatiscentes
657 5002 757 5071 negat,
782 4992 887 5052 iisdem
911 4992 1000 5052 imbui
1024 4989 1238 5070 qualitatibus,
1262 4990 1371 5072 quibus
1395 4988 1470 5052 haec
1490 4997 1575 5050 nost·
