3692 5842
341 839 416 901 Cum
440 840 524 900 multi
549 842 729 901 sententiam
753 860 847 901 meam
873 860 962 919 super
987 840 1119 901 Galilaei
1134 839 1251 900 Nuncio
1267 835 1393 898 Sidereo
1419 851 1569 916 expeterer
1589 865 1622 906 ⁴:

253 930 432 990 satisfacere
455 929 569 1007 placuit
603 930 739 989 omnibus
773 931 828 988 hoc
862 949 970 1008 operae
995 929 1180 1007 compendio,
1205 939 1238 986 ut
1262 927 1423 1004 epistolam
1450 927 1488 986 ad
1514 923 1622 998 Ga.

248 1018 347 1079 laeum
371 1020 493 1078 missam
527 1020 651 1094 (magna
680 1019 798 1096 quidem
832 1019 1025 1079 festinatione
1059 1020 1136 1078 inter
1170 1016 1384 1094 occupationes
1417 1017 1582 1076 necessari
1619 1073 1622 1082 ,

250 1108 329 1167 intra
352 1107 568 1185 praescriptum
592 1107 670 1164 diem
696 1108 806 1168 lusam)
831 1108 957 1185 publicis
983 1109 1063 1187 typis
1087 1107 1300 1166 exscriberem.

337 1196 430 1274 Atqui
455 1195 541 1254 amici
567 1215 603 1253 ea
622 1195 686 1270 jam
712 1215 822 1254 excusa
847 1209 1037 1265 monuerunt,
1072 1195 1166 1254 rideri
1200 1194 1290 1271 paulo
1313 1205 1493 1270 conceptam
1518 1193 1559 1251 in.-
1575 1221 1622 1260 ρ

249 1285 367 1345 lentius.
415 1284 503 1342 Alius
528 1284 605 1342 enirn
630 1285 763 1343 ablatum
788 1286 928 1363 cupiebat
952 1285 1122 1356 exordium,
1147 1284 1267 1362 qnidam
1291 1283 1433 1359 mitigata
1457 1282 1622 1348 voluisse

248 1375 339 1432 rerba
363 1372 513 1440 nonnulla,
539 1391 614 1449 qnae
639 1374 806 1432 sententias
831 1395 849 1432 a
873 1374 1040 1432 scholarum
1066 1372 1280 1431 consuetudine
1305 1371 1484 1430 recedentes
1509 1387 1622 1436 anta-

249 1463 386 1538 genistae
411 1460 541 1519 tribuere
566 1461 659 1519 rideri
675 1462 793 1537 possint
809 1461 997 1538 improvidis:
1023 1480 1080 1520 non
1104 1480 1190 1518 nemo
1206 1460 1327 1537 parcius
1343 1460 1506 1518 etiamnum
1530 1460 1613 1522 lan-

249 1551 351 1610 datum
367 1547 535 1608 Galilaeum
557 1549 759 1622 desiderabat,
786 1561 817 1608 nt
841 1550 922 1608 locus
948 1548 1594 1627 relinqueretursententiaeclarissimorum

248 1639 385 1710 virorum,
412 1657 484 1716 qnos
510 1638 658 1697 diversum
683 1659 702 1697 a
726 1658 772 1697 me
796 1638 907 1698 sentire
932 1637 1066 1698 audiant.

336 1728 441 1805 ltaque
466 1727 623 1785 consilium
647 1727 701 1786 hoc
727 1728 785 1798 inii,
813 1739 843 1785 ut
860 1746 1010 1785 mornrem
1026 1727 1177 1796 lectorem,
1203 1745 1287 1785 suum
1311 1726 1417 1802 cuique
1434 1723 1576 1802 pulchrum.

248 1816 406 1894 plerosque
430 1815 637 1874 contendendo
663 1817 891 1882 excandescere,
916 1816 987 1874 mihi
1013 1817 1128 1892 gratius
1149 1815 1388 1891 disputationum
1405 1814 1497 1872 videri
1520 1833 1574 1870 cen-

248 1905 409 1964 dimentum
443 1903 643 1963 hilaritatem:
669 1904 717 1962 alii
743 1904 893 1980 gravitate
918 1907 1176 1965 asseveratinnnm
1197 1904 1376 1980 dignitatern
1403 1903 1539 1961 :illectant
1556 1903 1574 1959 in

249 1994 397 2053 tradenda
420 1992 618 2070 philosophia,
645 1993 716 2051 liunt
742 2005 840 2052 tamen
866 2005 897 2052 et
921 1993 978 2070 ipsi
1003 2013 1093 2072 saepe
1117 2004 1238 2070 praeter
1272 1991 1445 2050 institutum
1470 1990 1575 2054 ri·liculi;

249 2101 304 2161 ego
329 2082 367 2141 ad
392 2082 421 2142 id
445 2091 553 2140 natura
578 2082 675 2140 factus
700 2081 811 2154 ridear,
837 2095 868 2140 nt
893 2081 1024 2141 laborem
1048 2095 1079 2143 et
1094 2082 1302 2141 difficultatem
1318 2081 1474 2140 doetrinae
1492 2079 1575 2138 remis-

247 2171 330 2230 sione
355 2170 445 2229 animi
469 2171 547 2249 stylo
572 2188 716 2247 expressa
741 2180 913 2247 temperem.

337 2257 425 2328 Quod
450 2258 540 2335 igitur
565 2258 716 2317 exordium
742 2259 860 2330 attinet,
885 2258 1053 2318 meminerit
1078 2259 1180 2327 lector,
1206 2257 1235 2316 id
1252 2259 1290 2317 ad
1311 2277 1379 2316 eum
1404 2257 1577 2336 perscriptum

248 2365 325 2415 esse,
351 2367 436 2426 quem
461 2357 695 2406 consentaneum
721 2348 760 2407 sit
784 2349 894 2424 legisse
920 2346 1137 2425 praelationem
1153 2366 1250 2405 meam
1267 2365 1358 2425 snper
1374 2345 1578 2406 Commentaria

245 2435 355 2496 Martis
379 2454 471 2514 nuper
495 2435 586 2508 edita,
612 2456 687 2514 quae
712 2447 741 2496 et
766 2437 899 2514 allegata
923 2436 1015 2496 ridet.
1055 2436 1153 2496 Lusus
1177 2436 1255 2495 enim
1280 2454 1331 2494 sen
1344 2435 1434 2512 jocus
1449 2432 1578 2498 militaris,

246 2543 302 2603 quo
327 2543 391 2584 sum
415 2544 485 2584 usus
510 2526 538 2585 in
563 2543 652 2602 opere
678 2525 727 2585 illo
751 2526 885 2603 publicu,
921 2525 1075 2585 derivatus
1107 2541 1152 2585 est
1186 2526 1215 2584 in
1248 2525 1303 2584 hoc
1328 2525 1422 2583 etiam
1446 2523 1578 2584 exordium

246 2614 384 2692 privatae
409 2614 554 2691 epistolae
575 2615 643 2690 jnre
668 2633 724 2672 non
750 2613 900 2673 deteriori.

331 2702 381 2762 Ad
407 2704 532 2762 alteram
557 2722 712 2762 censuram
738 2704 841 2761 eadem
867 2714 912 2759 est
939 2702 1113 2778 responsin;
1150 2703 1229 2777 lingo
1263 2700 1355 2759 animi
1389 2701 1489 2779 gratia
1520 2699 1581 2757 inter

244 2789 435 2869 disputantes
459 2792 551 2863 litem,
577 2792 667 2863 rixas,
694 2791 815 2850 victoris
841 2790 1037 2867 triumphum,
1063 2791 1159 2849 urinas
1184 2802 1324 2848 atroces:
1359 2809 1487 2867 poenam
1512 2785 1580 2856 riuti,

245 2879 396 2952 ruborem,
422 2879 559 2953 vincula,
584 2900 737 2946 carceres,
763 2880 902 2938 exilium:
942 2899 1017 2956 quae
1042 2879 1152 2937 serium
1178 2878 1247 2956 qnid
1272 2878 1473 2956 pollicentur.
1510 2897 1542 2936 ac
1560 2873 1579 2932 si

243 2975 367 3045 uterque
392 2987 481 3045 snper
505 2988 559 3027 sua
584 2970 733 3027 sententia
758 2968 849 3026 veluti
875 2987 963 3045 snper
988 2968 1048 3026 aris
1073 2977 1102 3025 et
1128 2968 1202 3025 lucis
1218 2967 1382 3044 depugnet.
1423 2967 1514 3046 Atqui
1537 2983 1581 3023 non

242 3063 290 3115 est
313 3075 386 3133 opus
411 3057 522 3116 moneri
547 3058 734 3115 academicus
765 3056 871 3126 (c=.·teri
897 3058 1006 3114 saltem
1031 3056 1182 3120 conitentl
1207 3057 1277 3133 qnid
1302 3056 1343 3115 sit
1368 3056 1581 3134 positionen

243 3164 346 3204 snam
371 3145 581 3205 custodire:
608 3147 684 3224 quod
710 3147 777 3204 dnm
804 3146 873 3203 t'aeit
897 3145 982 3214 alter,
1009 3164 1065 3203 non
1091 3155 1208 3203 tantum
1233 3164 1304 3204 vera
1330 3157 1361 3204 et
1387 3158 1517 3223 recepta.
1540 3143 1581 3199 sel

241 3233 332 3292 etiam
357 3234 506 3305 absurda,
541 3236 619 3294 l'alsa
644 3236 717 3304 timu
742 3235 769 3292 in
795 3234 905 3292 scholis
931 3252 1021 3310 saepe
1046 3235 1136 3293 etiam
1163 3234 1262 3311 impia,
1289 3235 1476 3312 perniciosa,
1510 3233 1579 3290 blas·

242 3322 365 3400 phema)
390 3343 443 3401 pro
468 3324 529 3382 suis
555 3336 688 3401 usurpat,
716 3344 826 3401 eamr-e,
853 3339 883 3380 ut
910 3324 966 3381 t'ert
1001 3323 1120 3382 dicendi
1154 3323 1292 3386 occasio.
1331 3325 1376 3382 rel
1412 3325 1469 3384 sibi
1503 3319 1580 3381 rideri

241 3411 288 3470 rel
314 3431 346 3471 se
366 3413 496 3483 credere,
524 3433 555 3470 se
580 3427 724 3482 statuere,
752 3439 782 3468 se
799 3412 924 3489 probare
942 3412 987 3469 rel
1004 3413 1199 3488 probaturum
1216 3415 1383 3490 protitetnr.
1411 3434 1476 3473 eum
1499 3427 1582 3472 secun

242 3500 314 3559 nihil
339 3501 434 3561 miuns
459 3501 580 3573 credat,
612 3513 726 3560 tantum
753 3516 782 3558 nt
807 3501 1004 3558 erheuenne
1038 3501 1145 3559 reddat
1180 3502 1308 3560 alneum
1344 3501 1372 3560 in
1406 3499 1582 3561 defendenda

242 3589 382 3649 veritate.
431 3591 574 3668 Adeoque
599 3591 694 3666 major
719 3603 763 3647 est
791 3588 942 3646 festivitas
975 3590 1196 3658 contentionis,
1231 3591 1255 3649 si
1290 3590 1458 3666 simplicior
1492 3587 1582 3666 atiqus

245 3678 281 3737 de
306 3679 434 3737 veritate
461 3679 540 3736 relnt
566 3678 601 3735 de
637 3690 717 3736 statn
753 3697 804 3734 sno
839 3678 980 3736 ermen-ii
1015 3678 1177 3754 impnnisa
1212 3681 1381 3738 assertione
1415 3679 1583 3739 deturbetur·

240 3765 440 3843 jubeaturqne
466 3767 634 3837 defendere,
661 3767 736 3844 qnod
763 3766 945 3823 detersimus
971 3784 1058 3830 caere
1083 3786 1232 3844 nunquam
1256 3767 1458 3843 cogitaverat.

331 3851 419 3922 Quod
444 3855 563 3913 tertium
588 3871 677 3932 caput
702 3855 877 3931 objectionis
904 3854 1033 3922 attinet,
1067 3856 1202 3932 cipridem
1229 3857 1321 3916 l'ueati
1348 3857 1421 3916 nihil
1448 3859 1483 3916 de
1508 3855 1581 3914 Gali·

241 3940 307 4000 laeo
332 3942 448 4018 scripsi.
496 3942 622 4020 Semper
648 3945 722 4001 hunc
749 3963 857 4002 morem
886 3943 982 4004 tenni.
1018 3957 1149 4020 atquae
1176 3945 1251 4004 bene
1277 3946 1315 4004 ab
1341 3945 1410 4004 aliis
1436 3947 1581 4021 dietapu·

241 4037 346 4096 tarem,
372 4030 592 4103 collaudarem,
619 4050 694 4108 *lirae
720 4033 811 4094 male.
838 4033 1024 4090 rel'ellerem:
1059 4053 1207 4109 nunqnam
1233 4049 1405 4094 contemtor
1430 4047 1481 4094 aut
1505 4031 1579 4092 dissi·

239 4117 368 4177 mulator
406 4118 521 4177 alienae
555 4119 719 4183 scientiae,
759 4120 806 4178 nbi
841 4119 960 4197 propria
994 4121 1175 4182 caruissem:
1215 4142 1367 4201 nunqnam
1406 4125 1455 4183 vel
1493 4135 1580 4182 serens

239 4205 367 4266 aliorum
392 4207 438 4266 rel
464 4207 519 4266 mei
545 4208 716 4285 neglieens,
751 4209 774 4265 si
811 4207 879 4286 quid
913 4208 1031 4285 proprio
1058 4210 1156 4268 hlarte
1191 4211 1374 4272 invenissem
1407 4213 1512 4272 melius
1542 4213 1581 4266 aul

239 4293 329 4370 prior.
367 4295 472 4373 Nemre
496 4309 578 4372 puto,
606 4309 720 4355 nnnnm
741 4297 776 4354 de
798 4316 841 4354 me
860 4295 1011 4355 Germano
1028 4295 1197 4357 Galilaenm
1223 4300 1332 4358 ltahnn
1359 4320 1428 4359 esse
1452 4299 1581 4361 meritum.

243 4391 273 4439 nt
298 4382 325 4440 ei
349 4384 481 4443 vicissim
506 4383 686 4443 adulandum
713 4385 802 4443 t'nerit
827 4385 854 4443 in
881 4385 1018 4443 veritatis
1044 4401 1096 4445 ant
1120 4386 1329 4463 penitissimae
1364 4409 1450 4450 meae
1473 4403 1580 4450 seuten-

242 4467 303 4528 tiae
327 4472 550 4548 praejudicinm.

332 4557 427 4617 Nemo
453 4569 552 4618 tamen
578 4560 738 4630 eristun-r,
765 4581 810 4619 nn·
837 4559 891 4618 hac
917 4580 983 4619 mea
1019 4562 1202 4622 liberalitate
1236 4566 1424 4626 assentiendi
1450 4563 1581 4625 tialilare.

240 4644 437 4704 dissentiendi
473 4646 509 4705 ab
544 4647 608 4725 ipso
635 4648 805 4708 libertatem
831 4649 897 4709 aliis
922 4662 1056 4726 ereptum
1082 4651 1132 4710 ire.
1183 4650 1278 4712 Salen
1312 4657 1457 4735 cujusque
1485 4649 1581 4732 jndicio

242 4731 324 4792 illurn
349 4733 478 4792 laudari.
526 4733 682 4808 l'luinirno,
709 4737 733 4795 si
761 4757 818 4815 qna
844 4737 888 4796 hic
914 4737 1004 4796 etiam
1030 4740 1150 4816 propria
1176 4741 1322 4806 deamata
1347 4746 1468 4824 suscepi
1491 4743 1578 4802 delen·

242 4819 348 4890 denda,
375 4820 510 4898 quamvis
535 4821 563 4880 id
588 4824 724 4882 veritatis
750 4824 888 4901 opinione
913 4827 1049 4903 serioque
1074 4827 1174 4886 animo
1200 4831 1276 4896 feei,
1313 4853 1371 4892 non
1401 4845 1499 4894 tamen
1522 4849 1579 4906 gra·

244 4905 337 4965 vatim
361 4908 466 4968 eadem
486 4927 532 4967 me
549 4909 692 4985 polliceor
717 4911 913 4988 abjecturum,
940 4914 1064 4991 primum
1090 4929 1180 4995 atque
1204 4920 1277 4980 mihi
1299 4922 1468 4982 doctiorum
1490 4915 1579 4996 aliquis

241 5007 373 5054 errorem
397 4993 533 5073 legitima
557 4996 697 5056 methodo
722 4999 984 5062 demonstraverit.

803 5127 831 5136 —
845 5130 879 5136 ....
908 5131 915 5136 .
