3692 5842
361 483 426 551 244
831 485 1023 551 Paralipomena
1039 488 1066 537 in
1083 484 1250 538 Vitellionem.

361 673 393 728 ut
417 684 519 726 omues
551 664 736 726 radiationes
760 673 830 743 post
863 664 1023 742 sphaeram
1056 664 1172 727 demum
1200 683 1268 728 cum
1295 682 1353 726 axe
1381 670 1511 727 coeant:
1544 673 1618 726 tunc
1646 663 1717 725 haec

360 755 437 815 ratio
461 754 641 831 duplicatur,
666 753 736 833 qnia
754 770 808 830 per
822 752 861 824 X,
879 748 909 813 9.
934 752 1108 815 Vitellianis
1130 754 1323 815 retractionis
1344 752 1448 833 anguli
1471 753 1619 834 aequales
1638 761 1715 826 sunt,

359 844 424 904 sive
448 843 486 903 ab
511 862 590 922 aqua
613 843 642 904 in
667 849 781 914 aerem,
807 842 871 902 sive
895 841 934 901 ab
958 841 1014 901 huc
1037 842 1066 902 in
1091 861 1201 922 aquam
1225 844 1276 904 lux
1302 842 1410 904 eadem
1437 841 1520 905 linea
1547 842 1715 922 perveniat

446 932 583 1012 Denique
607 931 677 1011 qnia
704 930 903 991 refractiores
927 948 986 990 non
1010 939 1082 992 sunt
1108 932 1349 1011 proportionales
1377 931 1496 1009 augulis
1524 929 1715 1004 incidentiae,

358 1020 413 1081 sed
437 1021 531 1081 multo
555 1021 685 1101 majores
708 1019 811 1097 anguli
839 1018 1052 1080 refractionum
1075 1020 1107 1081 in
1130 1020 1197 1098 plns
1220 1020 1389 1094 inclinatis,
1413 1038 1505 1100 quam
1528 1020 1590 1083 lert
1613 1020 1716 1082 modus

356 1109 561 1170 incidentiae:
587 1127 658 1188 ergo
682 1128 799 1170 rursum
824 1126 902 1168 nova
926 1126 1019 1168 causa
1042 1110 1174 1184 accedit,
1200 1128 1276 1189 qnae
1299 1109 1486 1171 radiatinnea
1507 1109 1580 1188 plus
1604 1129 1625 1169 a
1646 1127 1712 1188 per-

356 1198 542 1277 pendiculari
566 1197 716 1257 distantes
737 1196 861 1276 propius
886 1214 975 1275 qnam
998 1206 1091 1258 antea
1108 1217 1174 1259 cum
1192 1217 1249 1258 axe
1273 1197 1410 1277 colligat.
1433 1198 1625 1260 radiatioues
1647 1216 1716 1259 vero

355 1288 510 1366 propiores
534 1287 581 1347 axi
605 1287 724 1365 longius
748 1306 767 1345 a
790 1286 919 1364 sphaera
943 1304 1031 1365 quam
1054 1295 1147 1348 antea
1170 1305 1236 1348 cnm
1259 1305 1316 1347 axe
1340 1286 1499 1349 convenire
1524 1286 1632 1349 iaciat.

445 1375 660 1455 Propositio
684 1374 725 1435 X.
771 1374 942 1436 Problema
988 1375 1044 1436 Ad
1076 1384 1292 1455 susceptum
1324 1376 1512 1455 sphaerae
1543 1383 1716 1455 punctum

356 1463 597 1544 quodcunque
627 1464 763 1525 radium
797 1462 957 1540 alicujus
989 1464 1117 1542 puncti
1149 1464 1314 1525 lucentis
1343 1463 1399 1524 sic
1426 1464 1714 1537 accommodare,

353 1561 393 1613 ut
429 1552 620 1613 refractus
653 1571 720 1612 non
758 1560 956 1613 concurrat
985 1570 1063 1612 cum
1094 1570 1161 1612 axe
1191 1570 1233 1613 ex
1270 1552 1444 1613 radiante
1479 1560 1619 1632 puncto
1651 1570 1715 1633 par

357 1641 561 1719 sphaeram
586 1642 709 1701 ducto.
757 1639 947 1720 Suscipiatnr
969 1641 1155 1717 punctumH
1177 1646 1243 1714 (Fig.
1263 1645 1310 1710 79)
1335 1649 1368 1702 et
1387 1641 1472 1702 cxl]
1496 1649 1612 1721 agatur
1633 1649 1716 1703 recta

355 1748 547 1810 quaecunque
571 1748 629 1790 non
653 1748 707 1808 per
739 1737 872 1790 centrum
897 1730 946 1801 A,
978 1749 1085 1790 secans
1117 1730 1295 1808 sphaeram,
1321 1730 1421 1809 sitque
1444 1728 1525 1803 HG,
1556 1730 1598 1792 ad
1628 1748 1715 1810 quan

353 1817 515 1879 inclinetur
530 1819 574 1879 HI
594 1818 704 1897 angulo
724 1819 816 1896 justo,
842 1827 985 1896 quantum
1007 1818 1132 1898 requirit
1151 1818 1315 1880 incidentia
1333 1818 1457 1880 refracti
1472 1817 1535 1881 Gn
1553 1818 1585 1880 in
1608 1837 1715 1898 super-

352 1907 449 1968 ficiem
473 1908 623 1987 sphaerae
647 1904 739 1985 (Cup.
756 1908 812 1975 lv,
828 1907 867 1968 N.
884 1902 914 1969 6.
932 1924 976 1983 pr.
993 1902 1039 1978 9).
1086 1906 1135 1968 Sit
1158 1906 1244 1982 IHG,
1268 1908 1322 1969 liat
1345 1908 1372 1967 ei
1396 1908 1535 1986 aequalis
1557 1906 1661 1981 HGL,
1684 1915 1716 1968 et

351 1995 409 2075 ipsi
434 1994 492 2057 GL
514 1996 663 2078 parallela
686 2005 795 2073 agatur
816 2014 870 2074 per
888 1997 918 2055 A
943 2004 1078 2057 centrum
1102 2004 1186 2057 recta
1207 1996 1275 2069 DA,
1300 2015 1409 2058 secans
1427 1996 1473 2058 Hl
1491 1997 1521 2057 in
1537 1996 1561 2057 l.
1601 1996 1714 2058 Dicol

351 2092 494 2163 punctum
516 2086 665 2165 projicere
689 2084 803 2145 radium
822 2084 899 2145 inH
924 2095 1096 2164 susceptum
1119 2094 1269 2163 punctum,
1294 2104 1338 2147 sc.
1358 2085 1413 2156 ln,
1437 2085 1488 2165 qui
1512 2086 1714 2147 refractusin

352 2173 391 2240 Η,
416 2171 455 2247 G,
481 2193 538 2234 non
572 2181 733 2234 concurrat
755 2192 821 2233 cum
844 2172 913 2233 AD.
960 2173 1188 2235 Demonstratio
1211 2180 1298 2252 patet
1324 2192 1363 2234 ex
1385 2174 1602 2249 antecedente,
1630 2174 1714 2256 cujus

352 2262 427 2324 haec
451 2271 499 2323 est
522 2261 726 2333 conversa.*)

441 2351 655 2432 Propositio
674 2351 731 2411 Xl.
770 2349 1008 2429 Impossibile
1031 2358 1103 2423 est,
1128 2350 1279 2412 eundern
1302 2350 1508 2413 refractum
1534 2350 1570 2412 in
1594 2351 1713 2413 medio

352 2460 422 2502 non
464 2438 768 2510 densissimo**)
807 2459 825 2498 a
861 2439 1027 2517 pluribus
1077 2458 1146 2500 una
1188 2440 1467 2502 radiationibus
1507 2458 1551 2501 ex
1587 2441 1714 2501 medio

352 2530 499 2591 rariore
537 2530 571 2589 in
610 2529 704 2589 idern
743 2536 914 2607 punctum
952 2527 1169 2606 superficiei
1203 2528 1388 2590 densioris
1423 2528 1714 2591 concidentibus

351 2618 585 2680 descendere.
632 2618 711 2679 Nam
736 2614 827 2696 (Cap.
842 2616 897 2688 IV,
918 2616 958 2678 N.
974 2611 1005 2678 6.
1025 2634 1070 2696 pr.
1085 2612 1121 2689 8)
1145 2616 1190 2677 sic
1212 2617 1436 2679 constituuntur
1459 2618 1565 2698 anguli
1588 2617 1714 2679 refracti

352 2710 391 2768 ad
435 2727 539 2768 omnes
581 2706 812 2767 inclinationes:
854 2705 980 2784 primum
1016 2705 1127 2766 crescit
1164 2706 1266 2787 aliqua
1306 2707 1405 2785 portio
1448 2707 1553 2785 auguli
1597 2707 1715 2767 refrac-

351 2797 444 2858 tionis
470 2816 535 2857 cum
560 2795 821 2867 inclinationibus,
852 2794 978 2868 deiude,
1012 2794 1069 2854 hac
1092 2794 1229 2875 portione
1252 2795 1291 2854 ab
1313 2794 1511 2857 inclinatione
1543 2794 1714 2865 subtracta.

352 2884 464 2947 residui
490 2904 598 2945 secans
627 2884 791 2945 identidem
820 2883 1001 2961 multiplicat
1022 2883 1199 2962 portionem.
1243 2881 1320 2946 Cum
1341 2902 1414 2964 ergo
1438 2886 1593 2946 elementa
1616 2902 1714 2964 quan·

350 2974 491 3035 titatibus
516 2974 658 3034 differant
679 2991 734 3051 per
757 2972 895 3033 diversas
918 2971 1142 3043 inclinationes,
1169 2971 1338 3051 composita
1365 2990 1483 3053 quoque
1506 2992 1561 3034 eeu
1587 2973 1715 3052 angulos

351 3061 564 3124 refractionum
590 3062 707 3123 differre
736 3080 860 3122 necesse
885 3069 951 3121 est:
982 3079 1072 3140 qnare
1101 3060 1289 3123 diversarum
1317 3061 1560 3134 inclinationum,
1585 3061 1644 3123 boc
1667 3069 1715 3121 cst

350 3153 536 3212 diversarum
554 3151 753 3212 radiationnm
770 3152 808 3211 ad
825 3149 903 3209 idern
922 3150 1070 3211 densioris
1090 3150 1255 3229 superficiei
1270 3160 1421 3229 punctum,
1446 3151 1570 3224 diversi,
1597 3169 1713 3230 nequa·

353 3260 439 3321 quam
463 3259 534 3300 tero
559 3240 647 3301 iidem
672 3250 742 3301 sunt
765 3238 898 3300 refracti.

440 3330 660 3408 Propositio
684 3330 757 3389 xll.
805 3327 919 3387 Radii
944 3345 963 3384 a
987 3326 1149 3387 diversis·
1173 3327 1216 3387 ad
1240 3326 1335 3387 idem
1360 3325 1553 3389 densioris
1579 3347 1713 3408 super·

350 3417 454 3480 ficiei
473 3416 647 3497 pnndtnm
665 3418 863 3478 venientes
883 3423 1014 3475 secant
1034 3434 1118 3475 sese
1137 3417 1170 3477 iu
1190 3416 1272 3488 illo,
1298 3425 1335 3475 et
1355 3416 1564 3495 superioris
1590 3418 1713 3479 radia·

348 3508 466 3570 tionis
502 3510 692 3569 refractus
726 3506 770 3565 iit
803 3505 970 3565 inferior.
1023 3502 1111 3573 Quod
1144 3506 1169 3564 si
1200 3524 1280 3565 non:
1314 3524 1386 3581 ergo
1417 3505 1459 3565 sit
1487 3503 1546 3566 ΟΗ
1580 3509 1713 3581 (nam

351 3597 481 3658 radiatio
515 3597 650 3676 superior
682 3614 770 3674 qnam
797 3594 857 3661 ill,
890 3593 1012 3672 ejusque
1042 3594 1191 3654 refractus
1215 3593 1288 3664 ΗΡ,
1320 3594 1369 3672 qui
1401 3594 1430 3655 in
1453 3594 1516 3656 HG
1540 3606 1714 3675 competere

349 3706 407 3747 uon
431 3696 536 3764 potest
558 3705 613 3764 per
636 3685 843 3763 praemissam.
891 3680 938 3741 Sit
968 3699 1039 3758 ergo
1072 3683 1206 3761 superior
1238 3683 1330 3742 etiam
1353 3682 1409 3742 BP
1436 3702 1527 3763 quam
1555 3684 1638 3754 HG.
1670 3685 1713 3745 sic

350 3785 383 3835 ut
406 3774 451 3835 ΙΗ
475 3777 504 3836 iu
529 3773 590 3835 HG
613 3773 796 3849 refringatur
819 3781 850 3830 et
874 3770 931 3830 011
956 3769 985 3829 in
1009 3769 1074 3830 ΗΡ.
1114 3768 1312 3832 Continuetur
1336 3771 1428 3831 etiam
1452 3773 1715 3851 perpendicularis

349 3863 545 3942 aliquousque
571 3863 598 3922 iu
624 3860 663 3931 Q.
712 3859 836 3921 Certum
860 3860 937 3919 enim
963 3867 1011 3919 est
1034 3857 1103 3933 QH,
1133 3861 1202 3921 dum
1230 3861 1313 3922 snbit
1341 3880 1460 3939 aquarn,
1486 3880 1546 3922 non
1577 3863 1714 3940 mhiugi.

350 3953 405 4012 sed
429 3952 594 4013 concedere
619 3952 647 4010 in
673 3951 743 4009 ΗΑ.
790 3947 871 4025 Ergo
900 3948 969 4006 dnm
993 3945 1051 4016 Qfl
1085 3949 1274 4010 inclinatione
1306 3950 1389 4010 lacta
1421 3949 1561 4028 peruenit
1589 3951 1621 4012 in
1644 3949 1713 4025 OE,

348 4041 399 4120 qui
424 4042 478 4101 sub
503 4058 582 4119 aqua
604 4040 664 4099 ΙΙΛ
688 4037 827 4115 pervenit
850 4036 877 4094 in
903 4034 967 4095 ΗΡ.
1015 4033 1096 4112 Ergo
1120 4038 1174 4097 illa
1200 4038 1310 4098 alicubi
1338 4040 1417 4098 iuter
1440 4037 1480 4108 Q,
1503 4036 1534 4100 0
1557 4050 1715 4111 versante,

348 4129 425 4190 haec
449 4130 527 4190 iuter
552 4130 590 4195 Α,
618 4129 641 4187 P
666 4124 845 4194 versabitur,
869 4122 947 4181 etin
965 4120 1024 4181 llG
1048 4137 1208 4203 competet
1246 4127 1335 4188 Prius
1359 4136 1461 4189 autem
1475 4124 1539 4189 HG
1562 4130 1715 4191 remmus

349 4228 416 4278 erat
438 4218 534 4296 ipsius
559 4217 603 4276 lli
628 4214 776 4275 inferioris
800 4230 887 4292 qnam
908 4207 976 4282 Oli,
998 4211 1062 4288 jam
1087 4213 1211 4294 alicujus
1234 4215 1398 4292 superioris
1422 4232 1512 4294 quam
1537 4214 1610 4292 011,
1635 4219 1715 4301 qnod

438 4459 462 4513 ‘l
486 4455 695 4510 Demonstratio
725 4452 807 4522 hujus
832 4450 964 4503 facillima
985 4465 1036 4504 est.
1078 4452 1147 4507 Nam
1169 4457 1229 4517 GL,
1256 4457 1309 4509 AD
1340 4466 1407 4511 sunt
1431 4460 1564 4529 paralleli
1586 4479 1626 4517 ex
1650 4480 1715 4516 eon·

348 4537 509 4591 sanctione.
551 4536 612 4588 Non
634 4535 721 4604 igitur
746 4540 911 4584 concurrunt
932 4549 982 4599 per
1009 4533 1192 4588 definitionem
1220 4536 1429 4604 parallelarum.
1473 4540 1589 4595 Nullum
1619 4541 1715 4613 itaque

348 4625 391 4669 est
414 4617 441 4669 in
463 4624 523 4668 toto
545 4614 596 4666 ΝΗ
619 4631 683 4666 neu
707 4619 846 4681 punctum.
869 4610 911 4661 cui
935 4629 988 4664 non
1009 4612 1044 4664 sit
1066 4629 1117 4666 sua
1137 4611 1330 4688 dcupmmoc.

438 4696 478 4756 0⁸)
500 4695 570 4748 Nam
586 4694 612 4745 iu
627 4692 787 4745 densissimo
802 4706 894 4742 omnes
916 4692 1084 4744 radiationes
1099 4712 1134 4746 cx
1151 4703 1208 4748 toto
1227 4696 1434 4768 hemisphaerio
1449 4701 1476 4754 in
1492 4700 1563 4755 idem
1579 4715 1712 4773 punctum

348 4774 493 4844 ingressae
519 4774 710 4844 refringuntur
731 4772 766 4823 ad
794 4777 916 4822 centrum
943 4787 993 4838 per
1014 4771 1113 4826 lincam
1140 4791 1233 4838 uuum,
1258 4785 1288 4829 ut
1310 4796 1396 4848 supra
1417 4776 1494 4850 (cap.
1518 4782 1565 4844 W,
1590 4781 1622 4844 3)
1645 4784 1711 4838 indi-

347 4863 448 4914 catum
470 4854 539 4921 Cap.
563 4853 609 4916 lv,
631 4852 663 4905 N.
686 4853 713 4906 6.
737 4866 815 4920 prop.
840 4849 866 4901 ἵ.
898 4852 1129 4917 demonstratum,
1162 4862 1191 4908 et
1212 4855 1285 4910 infra
1306 4859 1387 4928 (Cap.
1410 4860 1457 4915 Vl.
1486 4861 1552 4916 Neo.
1579 4859 1611 4931 1)
1633 4879 1710 4918 usur·

347 4940 445 5001 patum
464 4932 595 4986 invenies.
