3692 5842
835 493 998 545 Prooemium
1530 491 1596 562 ere

234 680 334 735 tatem
357 670 494 752 proxime
517 671 662 733 accedere
684 671 866 733 videbantur
893 672 1041 747 retentis,
1072 670 1204 751 reliquas
1236 669 1437 744 astrologicae
1465 671 1596 751 ineptias

233 761 370 823 deletum
394 760 470 823 ibat.
515 760 600 821 Haec
631 761 658 822 si
686 769 792 822 teneas
822 770 966 841 apparet,
999 761 1108 835 credo,
1143 778 1196 821 cur
1228 757 1320 839 (Gap.
1348 758 1433 834 VII.)
1464 761 1595 824 scribere

233 849 386 930 potuerit:
427 846 592 924 „Quolibet
625 850 726 911 seculo
759 850 819 911 tria
851 851 966 911 zodiaci
999 851 1105 929 sigua,
1139 849 1178 909 ab
1210 849 1383 910 auctoribus
1415 850 1472 911 sub
1506 869 1595 912 uuum

234 939 387 1018 trigonum
409 938 543 1011 redacta,
568 956 607 998 ex
629 939 887 1016 conjunctionibus
911 941 1096 1018 superiorum
1120 939 1307 1017 planetarum
1322 938 1515 1019 praecipuam
1533 939 1595 1001 vim

234 1027 429 1089 obtinentin
453 1028 668 1088 commovenda
691 1029 763 1098 (non
788 1027 855 1089 dico
879 1028 909 1089 iu
933 1028 1083 1107 cogenda)
1117 1033 1225 1087 natura
1253 1046 1351 1088 rerum
1375 1028 1589 1091 sublunarium.

233 1113 335 1187 Quam
358 1115 542 1195 astrologiae
564 1125 684 1194 partem
707 1116 796 1178 Picus
821 1117 892 1177 mihi
917 1118 1047 1178 nondum
1076 1114 1204 1195 eripuit,
1234 1116 1292 1176 etsi
1316 1116 1484 1195 plerisque,
1518 1135 1594 1196 qnae

233 1213 343 1268 contra
375 1202 546 1282 astrologos
579 1205 762 1284 disputavit,
795 1206 895 1266 sobrie
928 1214 959 1267 et
991 1204 1152 1267 secundum
1183 1204 1316 1265 valorem
1350 1212 1593 1283 argumentorum

233 1300 446 1373 usurpatorum
477 1293 641 1353 intellectis
674 1293 861 1354 subscribo.“
923 1295 1037 1355 Verum
1069 1292 1116 1353 his
1149 1294 1354 1371 comparanda
1387 1303 1476 1368 sunt,
1516 1313 1592 1374 quae

233 1381 330 1460 (Cap.
353 1382 446 1454 XII.)
470 1381 575 1443 affert:
603 1380 711 1455 „Quod
736 1382 919 1462 astrologica
944 1383 1064 1457 attinet,
1090 1382 1227 1462 equidem
1252 1383 1366 1454 fateor,
1391 1381 1488 1443 virum
1511 1383 1593 1443 illum

233 1471 437 1545 (Fabricium)
461 1470 634 1532 auctoritati
657 1479 791 1532 veterum
815 1479 847 1533 et
869 1472 1027 1551 cupiditati
1056 1469 1295 1551 praedictionum
1319 1470 1427 1534 alicubi
1451 1489 1592 1532 succum-

232 1560 326 1633 bere,
359 1568 391 1619 et
422 1560 551 1639 quodam
581 1560 667 1639 qnasi
697 1561 902 1622 enthusiasmo
933 1568 1056 1641 praeter
1078 1560 1226 1621 rationem
1256 1560 1366 1638 abripi:
1406 1577 1508 1620 verum
1532 1560 1594 1620 ista

232 1665 302 1710 curn
325 1648 439 1727 ingenti
469 1649 627 1710 doctorum
656 1648 786 1710 virorum
818 1652 907 1710 turba
939 1649 1106 1712 communia
1136 1648 1238 1709 habet.
1291 1646 1358 1719 Quo
1391 1649 1511 1710 nomine
1543 1649 1593 1709 vel

232 1738 299 1800 solo
338 1736 457 1798 veniam
491 1744 630 1798 meretur.
687 1736 767 1807 Quid
805 1739 932 1818 ringeris
970 1738 1130 1799 delicatulo
1167 1737 1362 1816 philosophe,
1402 1738 1428 1797 si
1466 1745 1593 1798 matrem

231 1824 502 1906 sapientissimam,
525 1827 578 1888 sed
603 1845 777 1905 pauperem,
803 1830 900 1889 stulta
922 1828 994 1902 filia,
1018 1828 1116 1906 qualis
1140 1826 1194 1887 tibi
1217 1826 1353 1899 videtur,
1389 1826 1505 1887 naeniis
1530 1825 1592 1887 suis

230 1922 389 1978 sustentat
412 1925 444 1975 et
466 1915 541 1976 alit?
586 1916 611 1975 si
639 1916 737 1977 locum
764 1917 898 1978 debitum
920 1917 973 1979 illa
997 1916 1074 1995 apud
1098 1914 1249 1975 hominum
1273 1922 1377 1975 coetus
1402 1915 1490 1993 longe
1513 1915 1594 1976 stul-

232 2004 371 2067 tissimos
396 2004 486 2065 aliter
508 2022 565 2064 non
591 2004 716 2078 invenit,
740 2005 798 2066 nisi
821 2024 876 2085 per
898 2006 985 2085 hujus
1009 2002 1213 2084 simplicitatis
1236 2003 1470 2064 intercessiones
1480 2003 1515 2063 ?“

325 2092 395 2154 Jam
420 2093 570 2172 Keplerus
593 2091 824 2171 interpretatur,
856 2113 932 2174 quae
963 2093 1002 2154 sit
1032 2093 1078 2153 vis
1102 2093 1184 2153 vocis
1209 2093 1287 2171 apud
1313 2092 1485 2170 astrologos
1508 2091 1590 2152 obti-

233 2182 348 2255 nentis,
373 2181 514 2260 trigoni
540 2182 639 2260 ignei
664 2182 912 2262 periodorumqne
943 2184 1122 2244 ducenorum
1147 2187 1178 2242 et
1202 2191 1414 2258 octogonorum
1438 2199 1590 2242 annorum.

232 2269 286 2332 Ab
311 2270 383 2332 orbe
407 2270 529 2332 condito
560 2281 678 2349 septem
711 2272 855 2349 ejusmodi
885 2291 1010 2351 magnas
1039 2270 1179 2350 periodos
1212 2270 1405 2348 „reditusque
1430 2269 1508 2348 ignei
1533 2269 1591 2329 tri-

232 2359 328 2440 goui“
353 2359 502 2433 extitisse,
528 2359 663 2438 singulos
687 2378 820 2440 quosque
844 2362 962 2439 magnis
985 2378 1083 2421 rerum
1099 2358 1287 2419 terrestrium
1302 2359 1432 2419 motibus
1447 2358 1592 2437 insignes.

231 2447 283 2511 Ne
307 2454 409 2508 tamen
434 2467 565 2509 errorem
589 2457 734 2520 moveret,
759 2450 813 2509 hos
837 2467 934 2510 rerum
958 2447 1147 2511 terrestrium
1171 2454 1269 2508 motus
1300 2448 1377 2509 effici
1401 2449 1592 2526 planetarum

232 2535 456 2613 conjunctione,
481 2536 638 2614 profitetur
663 2537 737 2615 Cap.
764 2536 826 2600 28:
860 2546 978 2612 „metus
1003 2556 1050 2597 me
1074 2537 1167 2598 habet
1190 2535 1409 2597 incertitudinis
1438 2537 1468 2596 in
1492 2536 1591 2616 signi·

231 2624 426 2688 ficationibus
456 2625 651 2699 evolvendis,
685 2645 761 2705 quae
792 2634 877 2687 tanto
911 2635 960 2688 est
991 2626 1155 2706 insignior,
1189 2633 1300 2705 quanto
1335 2625 1451 2686 avidius
1483 2626 1591 2704 vulgus

230 2713 387 2775 hominnm
424 2714 588 2776 futurorum
626 2714 822 2794 singularium
858 2716 1017 2777 scientiam
1054 2716 1188 2795 expetit,
1232 2734 1321 2793 quam
1358 2714 1589 2794 philosophiam.

231 2801 351 2863 Verum
376 2803 445 2882 quia
468 2804 646 2881 imperfecta
676 2822 743 2863 esee
775 2812 901 2883 putatur
933 2805 1030 2866 omnis
1059 2803 1263 2883 hujuscemodi
1297 2802 1478 2881 descriptio,
1513 2820 1590 2881 quae

232 2909 293 2952 non
319 2891 348 2950 in
373 2890 642 2970 significationibus
667 2893 758 2952 etiam
783 2897 977 2972 occupatur,“
1003 2893 1137 2954 vaticinii
1162 2893 1309 2970 ejusmodi
1333 2891 1499 2972 periculum
1523 2892 1589 2953 fac-

231 2988 331 3055 turns,
355 2979 430 3041 haec
454 2979 576 3058 adjicit:
610 2979 693 3043 Nihil
719 3001 786 3041 esse
811 2984 858 3044 vel
882 2983 946 3043 fieri
970 2982 999 3043 in
1023 2983 1107 3043 coelo
1130 2981 1258 3058 visibili,
1293 2983 1376 3060 eujus
1400 2976 1589 3041 sensus'non

231 3068 507 3148 occultaquadam
531 3069 701 3130 rationein
726 3070 835 3131 Terras
860 3071 947 3152 inque
973 3090 1075 3133 omues
1100 3072 1263 3133 facultates
1288 3089 1384 3132 rerum
1409 3070 1591 3131 naturalium

230 3156 415 3240 porrigatur.
454 3157 587 3218 Primam
611 3168 642 3219 et
666 3160 794 3219 maxime
819 3161 1010 3239 conspicuam
1034 3181 1102 3221 esse
1128 3162 1303 3222 facultatem
1323 3160 1403 3219 illam
1418 3158 1588 3235 animalem,

231 3265 313 3328 qnae
345 3246 434 3325 globo
465 3247 595 3308 Telluris
632 3248 810 3327 praesidens
843 3249 940 3310 omnis
977 3250 1096 3328 generis
1129 3258 1264 3309 meteora
1296 3249 1410 3326 gignat.
1471 3247 1589 3309 Deinde

230 3333 327 3415 (Gap.
352 3331 431 3407 29):
463 3335 505 3396 rei
530 3338 671 3409 naturali,
696 3337 793 3417 qualis
817 3338 858 3398 sit
881 3338 939 3398 iste
963 3339 1078 3399 reditus
1103 3337 1305 3415 trigonorum,
1342 3355 1398 3396 uon
1423 3336 1589 3398 adhaerere

229 3425 327 3486 ullam
350 3424 601 3502 significationem
625 3427 713 3486 ullius
736 3426 1022 3505 praeternaturalis,
1058 3426 1114 3486 uisi
1138 3428 1264 3487 accedat
1287 3425 1426 3486 voluntas
1450 3435 1481 3486 et
1505 3425 1589 3485 arhi-

229 3511 323 3574 trium
344 3512 430 3592 ejus,
454 3514 484 3574 in
508 3513 593 3590 cujus
616 3523 771 3592 potestate
796 3534 843 3575 res
868 3516 921 3576 illa
939 3515 1207 3592 praeternaturalia
1242 3515 1283 3575 sit
1312 3513 1432 3591 posita,
1466 3520 1500 3574 ut
1523 3532 1588 3574 cum

228 3600 307 3664 iride
322 3619 372 3662 res
387 3601 490 3664 habet.
529 3601 619 3672 Quod
641 3604 705 3682 ipse
730 3605 848 3678 statuit,
873 3623 971 3665 rerum
994 3612 1131 3665 naturam
1149 3604 1338 3683 planetarum
1352 3601 1587 3679 configuratione

229 3690 379 3759 excitari,
410 3690 442 3751 id
473 3691 607 3754 defendit
630 3693 794 3771 exemplis,
829 3711 866 3753 ex
899 3693 1056 3754 recondita
1084 3701 1210 3753 naturae
1234 3691 1396 3752 efficientia
1419 3690 1586 3752 desnmtis:

233 3788 396 3855 „naturam
420 3780 610 3841 sublunarem
635 3780 718 3841 brevi
742 3782 817 3860 pede
842 3782 1006 3843 metiuntur
1029 3782 1148 3861 qnidam
1171 3780 1357 3862 philosophi,
1384 3781 1496 3841 nullum
1519 3798 1589 3840 esse

231 3887 364 3943 sensnm,
390 3869 502 3930 nullam
521 3888 618 3930 rerum
636 3870 869 3947 intelligibilium
892 3871 1115 3950 perceptionem
1135 3870 1354 3941 existimantes,
1380 3877 1502 3949 praeter
1525 3888 1588 3944 eas,

231 3973 309 4039 quas
333 3957 421 4018 homo
444 3959 596 4037 possidet,
632 3959 829 4020 facultates.“
878 3959 994 4022 Contra
1024 3960 1209 4040 interrogat:
1246 3977 1324 4039 „quo
1347 3977 1438 4019 sensu
1461 3958 1591 4037 percipit

231 4046 318 4108 asnis
349 4047 481 4126 vestigia
513 4047 644 4109 domini?
677 4067 746 4109 num
771 4050 920 4109 odoratu?
951 4060 985 4110 at
1007 4051 1132 4123 Hercle,
1167 4048 1294 4110 hominis
1325 4056 1387 4107 tam
1420 4047 1588 4126 exquisitus

231 4135 379 4196 odoratus
412 4155 469 4196 non
501 4146 559 4198 est.
608 4135 677 4207 Qua
705 4157 736 4198 re
765 4140 884 4200 radices
916 4147 949 4199 et
981 4138 1064 4200 bulbi
1096 4138 1254 4200 herbarum
1287 4138 1402 4197 colores
1434 4135 1589 4214 excipiunt

230 4224 356 4297 abusos,
380 4233 415 4284 nt
428 4225 484 4286 hos
502 4226 531 4286 in
552 4227 653 4286 florem
677 4236 784 4305 postea
808 4228 1016 4289 transferant?
1053 4226 1212 4298 Quomodo
1231 4227 1348 4305 species
1367 4225 1590 4300 variegatorum

229 4311 407 4375 maalmam
417 4315 472 4375 sub
484 4314 568 4393 aquis
578 4315 709 4394 limpidis
724 4317 922 4379 contuitorum
933 4316 1040 4377 Jacobi
1049 4318 1078 4377 iu
1090 4319 1187 4378 foetus
1198 4317 1295 4377 ovium
1311 4313 1465 4376 derivatae
1475 4312 1587 4373 snutl“

321 4402 415 4463 Porro
435 4420 498 4464 rem
520 4403 648 4483 probare
671 4406 775 4466 studet
797 4424 853 4467 usu
872 4406 1054 4484 quotidiano,
1080 4406 1201 4478 musica,
1228 4401 1401 4484 geometria.
1450 4400 1590 4475 „Vocem

229 4489 447 4553 concordantia
468 4509 523 4570 per
546 4511 578 4552 se
611 4493 684 4553 nihil
716 4503 856 4573 operatur
887 4496 998 4557 effluxu
1032 4498 1161 4574 quodam
1190 4495 1218 4556 in
1244 4496 1390 4557 hominem
1415 4492 1474 4553 alio
1498 4510 1587 4571 qnam

227 4578 395 4655 musitiv03
420 4579 537 4641 accedit
559 4599 631 4642 vero
655 4583 757 4643 anima
779 4584 924 4645 sensitiva
947 4585 977 4645 in
1002 4585 1129 4657 homine,
1155 4601 1231 4664 qnae
1255 4604 1310 4645 usu
1329 4600 1469 4645 sensuum
1493 4598 1584 4659 orga-

227 4669 285 4746 nls,
311 4688 404 4731 sonos
428 4669 546 4750 quidem
569 4669 731 4732 introrsum
753 4673 867 4750 recipit,
892 4674 1117 4752 proportionem
1130 4692 1203 4735 vero
1219 4675 1370 4745 aestimat,
1396 4669 1586 4734 aestimando

225 4757 354 4842 probam
389 4768 421 4821 et
453 4758 667 4839 geometricam
701 4779 768 4822 sese
801 4761 953 4823 exhilarat
986 4781 1127 4843 suumque
1166 4781 1273 4843 corpus
1311 4779 1440 4842 congrue
1473 4767 1583 4822 movet.

225 4849 347 4914 Eadem
371 4849 487 4912 ratione
511 4849 677 4928 geometria
700 4850 729 4911 in
761 4851 883 4912 vocibus
917 4852 1012 4913 aflicit
1043 4853 1208 4927 hominem,
1247 4872 1322 4934 quae
1355 4850 1523 4930 geometria
1553 4848 1584 4910 in

225 4941 324 5005 radiis
347 4939 504 5001 stellamm
528 4938 622 4999 afficit
645 4947 783 5000 naturam
807 4940 1029 5002 sublunarem.“

250 5049 263 5058 ··
317 5027 408 5101 Quod
431 5033 531 5089 antem
555 5028 668 5090 attinet
689 5027 833 5091 vaticinia
856 5030 1050 5111 astrologice,
1075 5039 1108 5092 ut
1131 5049 1207 5112 quae
1231 5028 1347 5110 plurimi
1365 5028 1584 5103 desiderarent,

1316 5130 1373 5183 ³7·
