3692 5842
250 455 314 522 622
728 459 767 510 De
786 458 866 510 Stella
882 458 957 510 nm
973 455 1125 524 deputarit

250 635 402 715 signabat,
427 633 542 714 aliquot
564 635 710 713 graduum
733 636 844 698 habere
868 636 1076 708 altitudinem,
1103 653 1180 715 qnae
1209 632 1431 713 utplurimum
1452 633 1595 696 latentia

248 726 315 787 luce
340 723 518 803 crepusculi,
546 724 771 786 scintillationis
795 734 895 787 tamen
920 724 1088 803 fulgonbus
1110 722 1236 785 subinde
1258 721 1508 802 promicantibus,
1530 740 1595 784 ocn-

247 815 345 875 lomm
368 811 464 872 aciem
485 812 664 891 perstrinxit
688 814 866 888 identidem,
891 814 967 875 adeo
990 825 1023 874 ut
1045 830 1084 872 ex
1105 813 1227 876 Venere
1249 829 1305 891 per
1328 810 1426 889 ipsam
1448 810 1595 890 imaginari

246 921 368 982 possem
392 900 512 975 lineam,
537 920 613 980 qnae
629 902 789 965 ridebatur
805 903 873 964 duci
897 902 928 962 in
952 902 1049 962 locum
1064 887 1248 974 horizontis,
1264 917 1326 981 quo
1341 897 1434 960 stella
1448 897 1504 962 illa
1517 897 1596 960 dubia

249 990 298 1052 die
322 984 405 1071 9s19.
432 989 504 1049 oriri
528 988 594 1049 risa
618 999 674 1050 est.

333 1078 423 1139 Anno
452 1073 545 1140 1605.
571 1073 623 1139 24.
648 1079 722 1139 Dec.
748 1078 796 1138 101
820 1072 849 1138 3.
873 1077 942 1138 Jan.
966 1087 1039 1156 post
1061 1075 1206 1138 diutinam
1229 1075 1450 1137 obscuritatem
1470 1075 1593 1155 depulsis

252 1166 379 1229 nubibus
395 1185 474 1226 nora
490 1165 582 1227 stella
597 1166 673 1228 citra
690 1167 811 1227 dubium
835 1165 927 1226 ullum
942 1165 1102 1227 manifeste
1125 1183 1242 1226 rursum
1262 1164 1416 1244 apparuit,
1437 1163 1594 1226 scintillans

247 1254 451 1336 rapidissime,
476 1254 531 1314 sed
555 1255 710 1317 imminuta
725 1256 849 1316 multum
866 1255 904 1314 ab
921 1254 975 1315 illa
992 1254 1122 1334 pristina
1137 1253 1361 1332 magnitudine:
1385 1253 1485 1332 major
1506 1263 1593 1314 tamen

247 1344 337 1406 corde
363 1342 538 1421 Scorpionis
561 1343 674 1421 primae
698 1342 931 1422 magnitudinis,
962 1341 1099 1423 quamtis
1123 1351 1207 1402 esset
1228 1341 1296 1421 ipsa
1319 1341 1406 1404 Solis
1429 1341 1525 1402 radiis
1547 1341 1593 1402 ob·

244 1441 313 1494 ruta
335 1431 513 1511 plusquam
538 1450 590 1490 cor
620 1432 806 1511 Scorpionis.
852 1432 1003 1492 Arcturus
1033 1439 1151 1502 tamen,
1181 1431 1286 1492 nescio
1316 1451 1354 1492 an
1385 1427 1425 1490 ob
1448 1429 1498 1502 id,
1527 1429 1592 1509 qnod

245 1530 332 1582 extra
355 1518 439 1583 Solis
469 1519 589 1592 radios,
618 1520 711 1581 multo
743 1520 900 1581 ridebatur
930 1520 1036 1598 major.
1083 1519 1141 1582 Die
1168 1527 1270 1581 tamen
1302 1513 1391 1598 3113.
1415 1519 1488 1581 Jan.
1511 1516 1592 1596 major

244 1613 376 1673 Arcturo
400 1617 432 1668 et
448 1608 580 1670 Saturno
603 1610 775 1686 putabatur,
800 1607 969 1669 nullodum
990 1607 1158 1687 crepusculi
1182 1606 1323 1685 vestigio·
1361 1605 1515 1670 Saturnus
1536 1615 1592 1668 tunt

245 1697 386 1759 atridno
410 1708 478 1758 erat
500 1703 585 1757 ortus
608 1695 734 1757 heliace.
781 1697 860 1757 h'am
883 1705 954 1757 ante
978 1696 1044 1756 dies
1072 1693 1111 1759 10
1134 1697 1265 1757 nondum
1287 1696 1457 1776 prodierat.
1534 1761 1539 1768 ,

333 1786 381 1846 Ex
406 1805 441 1845 eo
464 1793 599 1863 tempore
616 1785 714 1863 magis
730 1785 885 1864 magisque
902 1784 1132 1845 diminuebatur.
1172 1783 1249 1847 Cum
1265 1784 1346 1844 enim
1363 1781 1591 1846 diothmari

245 1872 449 1936 observationi
474 1892 575 1933 essem
597 1873 746 1946 intentus,
772 1873 931 1933 videbatur
954 1874 1038 1933 sidus
1062 1872 1278 1934 multominus
1302 1892 1371 1934 esse
1396 1873 1530 1934 Saturno
1551 1891 1592 1932 nec

247 1963 373 2024 multum
402 1962 565 2040 superabat
595 1962 800 2040 magnitudine
833 1961 941 2021 stellas
963 1961 994 2021 in
1017 1962 1152 2039 genubus
1175 1961 1326 2040 Ophiuchi
1358 1961 1443 2022 tertii
1473 1960 1592 2022 honoria

246 2052 306 2114 Die
331 2047 383 2111 21.
407 2051 482 2129 Apr.
509 2050 667 2111 ridebatur
697 2069 827 2130 aequare
857 2049 970 2110 claram
1002 2050 1032 2110 in
1056 2051 1164 2110 dextro
1187 2068 1265 2128 genu
1289 2049 1454 2128 Ophiuchi.
1500 2049 1546 2112 Ex
1565 2067 1593 2108 01

245 2139 463 2221 quodammodo
488 2138 675 2199 consistebat
697 2140 755 2200 hoc
779 2139 844 2216 ejus
868 2137 1089 2199 decrementum
1112 2157 1165 2217 per
1182 2139 1298 2216 Majum
1323 2148 1354 2198 et
1376 2137 1512 2200 Jnnium.
1547 2137 1593 2200 llic

249 2224 297 2289 12.
324 2238 355 2288 et
380 2221 430 2288 14.
447 2227 526 2305 Aug.
553 2226 714 2305 diligenter
738 2226 959 2305 contemplatus
983 2226 1210 2288 circumstantia
1225 2226 1342 2299 sidera,
1367 2226 1472 2288 censui
1487 2227 1593 2288 Noram

242 2315 399 2397 aequalem
433 2335 501 2376 esse
532 2314 641 2376 stellae
673 2315 703 2376 in
726 2315 800 2376 tibia
825 2315 975 2393 Ophiuchi
999 2315 1172 2394 proximae,
1205 2335 1281 2396 quae
1312 2315 1398 2377 tertii
1429 2314 1549 2395 quidem
1568 2327 1591 2374 01

243 2406 309 2486 ipsa
333 2404 457 2466 honoris
481 2412 635 2465 censetur:
665 2404 761 2465 minor
788 2413 889 2464 tamen
914 2412 963 2464 est
986 2404 1077 2464 stella
1109 2404 1139 2464 in
1161 2423 1249 2482 genn.
1296 2403 1497 2466 Scintillabat
1519 2404 1594 2466 h'ora

243 2494 406 2555 etiamnum
428 2492 619 2553 manifestius
643 2493 762 2554 ceteris.
809 2492 866 2553 Die
890 2489 943 2555 29.
967 2492 1048 2570 Aug.
1072 2491 1217 2570 majorem
1240 2492 1362 2572 quidem
1377 2493 1499 2554 Noram
1518 2509 1593 2572 quan

242 2583 348 2645 tibiam
370 2581 569 2660 pronunciare
593 2600 652 2641 non
674 2581 758 2660 potui
782 2581 819 2641 ob
839 2579 1012 2641 claritatem
1034 2580 1220 2642 aestivarum
1242 2580 1394 2652 noctium;
1428 2580 1536 2642 meiius
1553 2595 1593 2640 ta·

241 2692 310 2733 men
334 2669 429 2732 rideri
453 2670 552 2749 potuit
574 2690 663 2750 quam
686 2669 762 2730 tibia
789 2668 1006 2729 scintillatione
1034 2669 1149 2746 adjuta.
1195 2669 1254 2730 Die
1282 2665 1332 2732 13.
1358 2669 1447 2749 Sept
1471 2669 1538 2730 risa
1555 2681 1592 2728 est

241 2760 338 2822 minor
361 2779 398 2819 ea
421 2778 496 2841 quae
522 2758 550 2819 in
574 2757 658 2818 tibia.
699 2758 755 2819 Die
779 2754 810 2820 8.
827 2758 907 2830 Oct,
933 2777 1011 2817 anno
1030 2757 1096 2835 jam
1120 2767 1228 2817 0110111
1252 2779 1271 2818 a
1292 2757 1394 2837 prima
1417 2758 1485 2836 ejus
1507 2776 1592 2838 appa·

241 2848 366 2922 ritione,
391 2847 475 2908 coelo
499 2845 692 2908 serenissimo
715 2847 781 2906 risu
806 2845 1018 2925 comprehendi
1044 2845 1203 2907 difficulter
1224 2846 1340 2926 potuit;
1371 2846 1483 2907 melius
1505 2857 1592 2906 tamen

242 2956 331 3016 quam
354 2936 444 3009 tibia,
474 2954 528 2996 nec
558 2954 685 3013 semper,
709 2934 764 2994 sed
789 2955 854 2994 cum
879 2933 1009 2995 emicuit.
1055 2936 1126 2996 Jam
1150 2933 1231 2995 enim
1254 2934 1338 2996 locus
1362 2935 1417 2995 ille
1442 2933 1592 3014 vespertini

241 3024 408 3102 crepusculi
433 3023 498 3084 luce
516 3023 677 3095 albicabat,
701 3022 772 3083 Sole
796 3022 835 3082 ad
850 3022 947 3082 locum
970 3023 1141 3082 accedente.
1181 3022 1230 3082 Ex
1252 3021 1310 3083 hoc
1327 3033 1467 3102 tempore
1489 3041 1593 3084 rursum

241 3112 353 3173 occidit
375 3111 507 3183 heliace,
540 3110 740 3191 qnadraginta
764 3109 869 3170 diebus
894 3110 983 3169 citius
1007 3130 1095 3189 quam
1120 3121 1190 3171 ante
1214 3130 1340 3171 annum:
1377 3131 1416 3171 01
1435 3132 1495 3192 quo
1517 3113 1593 3172 datur

243 3200 381 3279 intelligi,
407 3209 518 3279 quanta
543 3199 633 3260 luerit
657 3199 722 3277 ejus
746 3198 871 3259 claritas
896 3208 927 3258 et
950 3199 1125 3277 magnitudo
1149 3200 1179 3259 in
1203 3199 1361 3279 principio.

330 3292 419 3351 rinno
448 3284 541 3350 1606.
567 3307 669 3348 mense
692 3287 837 3350 Januario
861 3306 930 3347 raro
954 3287 1010 3347 fuit
1033 3288 1243 3367 opportunitas
1272 3289 1350 3349 coeli
1375 3288 1592 3350 1111111ῐὶ11110-

241 3378 349 3439 l'oecati
375 3377 555 3456 praesertim
586 3376 666 3436 circa
696 3374 898 3448 horizontem,
934 3376 991 3436 etsi
1023 3376 1120 3437 hiems
1153 3377 1210 3437 t'uit
1233 3377 1358 3455 egregia
1381 3389 1412 3438 01
1437 3379 1508 3454 gelu
1530 3396 1593 3436 con·

240 3468 364 3527 tinuum.
404 3466 463 3525 Die.
487 3475 587 3525 tamen
615 3458 803 3534 1612611111.
830 3464 957 3541 contigit
979 3464 1051 3524 mihi
1075 3464 1173 3524 locum
1190 3463 1307 3526 ridere:
1334 3467 1503 3545 apparebat
1526 3485 1592 3540 genu

240 3556 388 3628 dextrum,
413 3555 508 3615 flexus
533 3554 633 3632 spirae
649 3551 848 3630 Serpentinae
874 3562 905 3612 et
929 3552 1012 3613 clara
1035 3552 1065 3612 in
1088 3552 1191 3631 palma
1214 3553 1314 3614 dextri
1337 3555 1427 3633 pedis
1442 3552 1592 3633 Ophiuchi,

243 3662 367 3722 quarum
394 3641 463 3701 illae
488 3643 564 3702 duae
588 3640 723 3720 proxime
748 3660 838 3719 supra
854 3640 983 3713 Noram,
1008 3641 1068 3701 ista
1091 3641 1228 3720 proxime.
1252 3643 1331 3702 inira
1355 3643 1440 3703 illam
1464 3653 1592 3704 steterat.

242 3732 347 3809 h'eque
362 3732 479 3790 Novam
504 3740 602 3790 tamen
626 3748 721 3808 neque
747 3748 823 3801 earn,
847 3748 923 3808 quae
948 3727 977 3788 in
995 3728 1081 3801 tibia,
1098 3749 1194 3789 norae
1210 3730 1380 3808 pronimam
1399 3731 1440 3790 ad
1456 3732 1594 3798 1101111111,

243 3818 345 3876 1111010
370 3818 430 3878 ullo
453 3829 541 3896 pacto
565 3817 663 3896 potui:
690 3817 776 3877 simul
802 3817 970 3895 crepusculi
994 3818 1134 3878 matutini
1160 3818 1211 3878 lun
1234 3838 1364 3878 accensa
1388 3833 1448 3880 est.
1496 3823 1595 3880 Satur·

243 3925 299 3965 nus
323 3916 390 3964 erat
414 3919 497 3966 ortus
522 3906 648 3966 heliace.
691 3905 749 3967 Die
773 3902 824 3967 25.
849 3907 918 3966 dan.
946 3906 991 3964 101
1016 3902 1047 3966 4.
1064 3907 1154 3966 Febr.
1179 3926 1267 3966 mane.
1284 3906 1346 3966 ridi
1371 3907 1473 3968 locum
1488 3908 1594 3974 Nouae,

217 3997 219 4002 ’
244 3992 319 4052 nihil
344 3993 380 4051 dc
405 3994 508 4067 Nora,
543 3995 595 4054 secl
620 3995 707 4054 Luna
738 4006 801 4053 erat
832 4013 978 4073 praesens
1008 3995 1140 4055 nondum
1170 3995 1331 4072 conjuncta
1355 3995 1502 4056 Saturno.
1548 3995 1594 4056 1111

242 4077 294 4141 27.
319 4081 389 4140 Jan.
423 4082 480 4141 101.
507 4079 535 4143 6.
561 4081 648 4143 Febr.
683 4082 813 4142 incertus
844 4103 882 4142 an
912 4083 1045 4142 emicans
1076 4083 1236 4158 vestigium
1266 4085 1376 4144 Norae
1409 4085 1537 4145 viderim
1564 4101 1595 4142 01

244 4168 452 4229 observatoris
477 4170 614 4230 discessi.
656 4173 760 4248 ltaque
777 4170 919 4230 minorem
944 4172 1055 4231 factam
1079 4172 1220 4250 appamit
1236 4192 1326 4252 quam
1350 4183 1384 4232 ut
1406 4174 1464 4234 hac
1480 4191 1594 4234 aurorae

242 4256 392 4327 claritate,
418 4258 475 4317 etsi
494 4269 677 4336 superesset,
702 4259 796 4318 1111011
820 4270 935 4336 posset.
976 4261 1082 4318 hlense
1098 4261 1309 4333 rerohlartio‚
1334 4277 1498 4343 postquam
1522 4261 1594 4322 locus

242 4355 359 4404 tanturn
391 4367 408 4403 a
433 4346 504 4406 Sole
535 4347 664 4407 nudatus
688 4359 786 4416 esset,
818 4359 849 4406 ut
874 4347 1003 4407 nondum
1028 4359 1094 4407 orto
1119 4349 1296 4425 crepusculo
1322 4350 1400 4410 satis
1425 4352 1489 4412 alte
1516 4367 1594 4428 supra

242 4431 426 4492 horizontem
451 4433 655 4504 attolleretur,
686 4435 799 4494 nullum
823 4436 951 4512 annilius
975 4436 1137 4512 vestigium
1162 4437 1199 4494 de
1224 4436 1315 4495 stella
1340 4441 1421 4516 quim
1447 4441 1476 4501 in
1501 4439 1593 4498 oculus

244 4518 409 4580 incurreret
440 4522 595 4599 superfuit.
644 4524 791 4583 incertum
816 4524 922 4598 igitur,
954 4542 1012 4601 qno
1044 4525 1091 4582 dic
1118 4524 1194 4583 inter
1219 4525 1386 4585 Octobrem
1411 4528 1483 4588 aurii
1511 4525 1591 4588 1605.

242 4617 272 4665 01
295 4606 490 4667 Februarium
514 4610 583 4669 anni
614 4605 702 4671 1606.
731 4612 817 4671 l'nerit
842 4612 1001 4671 exstincta.

330 4696 527 4755 1101111111Ιο
551 4710 608 4770 est,
632 4698 745 4758 aditam
770 4701 861 4759 luisse
887 4721 903 4758 a
928 4699 1060 4778 planetis
1077 4701 1223 4760 orrrnibus.
1263 4701 1368 4762 Primo
1391 4712 1500 4762 01111111
1515 4719 1591 4782 quam

240 4781 375 4858 proximo
403 4784 585 4860 juncenamr
607 4786 676 4844 lori
709 4800 737 4845 et
764 4789 853 4846 ilani
886 4788 915 4847 in
946 4788 1100 4847 meridiem
1131 4789 1303 4866 depressis,
1337 4791 1435 4851 fornia
1460 4787 1589 4868 trianguli

243 4868 356 4940 obtusi,
387 4872 465 4948 quod
490 4872 538 4930 1110
567 4870 614 4932 12.
641 4887 672 4932 01
702 4872 747 4934 13.
774 4875 840 4935 Oct.
867 4894 919 4952 per
944 4887 1054 4935 motum
1078 4875 1271 4954 planetarum
1296 4878 1326 4938 in
1352 4893 1470 4940 rectam
1494 4881 1589 4941 lincam

243 4953 325 5014 abiit
374 4957 516 5020 Octobris
541 4954 591 5018 25.
617 4961 702 5021 Luna
727 4981 816 5039 snpra
845 4962 940 5040 ipsam
970 4964 1128 5034 transivit,
1162 4964 1250 5043 idque
1280 4967 1446 5045 repetitum
1476 4965 1588 5044 singuli*
