3692 5842
722 482 924 553 (lustum
1434 483 1498 550 717

145 661 196 744 qni
222 668 331 723 natura
354 681 374 722 a
403 659 437 721 se
467 661 588 724 condita
615 671 719 725 utatur
745 662 892 725 ministra.
945 660 1052 724 Nonne
1086 660 1209 724 infinitis
1242 662 1330 725 rebus
1364 662 1498 744 quotidie

145 749 367 824 evenientibus,
389 750 523 831 qnalibet
546 771 583 813 ex
605 771 660 814 sua
676 772 770 815 causa
784 751 923 827 naturali,
946 751 1028 812 locus
1043 758 1143 813 tamen
1157 752 1365 830 providentiae
1380 753 1499 815 divinae

145 840 337 921 relinquitur,
360 858 426 901 cum
451 839 480 901 in
505 840 573 903 aliis
597 848 659 903 tum
682 839 843 922 praecipue
867 840 896 901 in
915 840 1084 901 exercenda
1103 840 1237 902 vindicta
1256 842 1416 919 scelernm,
1441 863 1500 924 qna

145 929 297 1005 edicitur,
329 936 364 991 ut
392 928 423 989 id
453 929 560 1006 eadat,
594 931 672 1011 qnod
701 950 759 993 non
782 930 878 993 solum
902 927 1089 1009 antegressis
1112 930 1142 990 in
1164 937 1274 992 ustura
1296 932 1412 1007 causis,
1444 932 1499 994 sed

146 1017 243 1081 etiam
262 1017 403 1099 justitiae
426 1017 546 1080 divinae
561 1018 603 1081 sit
617 1019 874 1082 consentaneum?
898 1017 1000 1089 Quare
1014 1018 1164 1079 horrenda
1178 1018 1379 1083 internecione
1398 1021 1501 1102 deleta

146 1114 199 1170 est
221 1129 240 1168 a
262 1106 407 1169 Romanis
431 1106 538 1187 politia
559 1107 704 1184 Judaica,
733 1109 852 1188 sepulta
875 1107 947 1170 urbs
970 1106 1201 1189 Hierosolyma?
1248 1107 1283 1171 Si
1306 1129 1343 1170 ex
1365 1109 1499 1190 Josepho

145 1196 220 1260 belli
243 1195 363 1259 Judaici
386 1196 532 1276 scriptore
556 1215 693 1277 quaeras,
718 1198 880 1277 respondet
904 1197 929 1258 is
953 1195 1018 1271 tibi,
1041 1196 1176 1257 Judaeos
1194 1197 1305 1259 invitos
1321 1219 1339 1259 a
1353 1198 1499 1261 Romanis

145 1293 320 1368 pertractos
344 1286 382 1347 ad
407 1285 526 1347 bellum.
573 1287 658 1350 Vera
681 1296 800 1362 narrat,
825 1286 852 1347 si
875 1293 1000 1347 naturae
1024 1286 1157 1347 ordinem
1181 1296 1318 1366 spectes;
1346 1288 1502 1368 consurgit

105 1451 108 1458 ,
145 1375 236 1455 hnjus
260 1382 385 1437 eventus
409 1394 501 1436 causa
523 1375 642 1455 gemina
665 1376 753 1438 seris.
799 1377 879 1439 Nam
903 1395 940 1436 ex
962 1383 1049 1457 parte
1073 1374 1275 1450 Romanorum
1306 1384 1372 1438 erat
1400 1376 1498 1438 domi·-

146 1473 240 1527 natus
270 1463 408 1539 licentia,
442 1463 579 1543 injuriae,
613 1465 786 1542 insultatio,
819 1465 960 1545 superbia
984 1461 1165 1538 Caesarum,
1195 1464 1308 1544 imperii
1338 1465 1501 1546 fastigium,

146 1573 215 1616 mos
239 1552 390 1633 antiquus,
415 1573 482 1615 cnm
505 1552 572 1634 ipsa
595 1555 767 1634 gentilitate
791 1564 884 1629 ortus,
909 1553 1066 1622 deificandi
1089 1554 1235 1630 homines,
1260 1564 1395 1631 statuas,
1419 1576 1499 1631 aras,

146 1642 280 1723 templa,
314 1643 488 1704 sacerdotes
512 1642 687 1706 dedicandi:
717 1644 794 1705 adde
818 1661 967 1704 armorum
990 1642 1220 1720 conscientiam,
1245 1643 1358 1722 glorias
1382 1644 1499 1725 cupidi-

147 1740 263 1806 tatem,
294 1749 407 1793 morem
430 1732 592 1811 pessimum
617 1733 783 1795 lacessendi
807 1732 948 1794 finitimos
973 1731 1020 1792 vel
1043 1732 1135 1793 etiam
1167 1732 1317 1807 subditos,
1351 1741 1386 1795 ut
1417 1741 1501 1796 esset

145 1820 319 1902 legionibus
352 1839 408 1900 quo
442 1831 670 1897 exercerentur,
707 1820 936 1903 imperatoribus
967 1821 1096 1884 materia
1128 1820 1279 1902 triumphi.
1334 1822 1382 1883 Ex
1414 1830 1500 1903 parte

144 1909 331 1973 Judaeomm
352 1918 418 1972 erat
437 1910 546 1972 fiducia
559 1911 616 1972 Dei
630 1912 729 1991 legum
749 1911 891 1982 auctoris,
915 1929 1075 1972 numerosa
1092 1928 1176 1991 gens,
1202 1911 1273 1972 urbs
1292 1911 1500 1987 munitissima,

145 1999 293 2080 templum
316 1999 557 2074 sanctissimum,
587 2000 686 2079 gentis
710 2000 892 2080 antiquitas,
922 1998 1090 2079 pertinacia
1119 2000 1149 2061 in
1173 1998 1370 2061 defendendis
1393 2000 1500 2062 ritibus

150 2097 183 2152 et
207 2088 352 2168 religione
375 2089 494 2169 templi,
528 2089 672 2151 vaticinia
693 2098 799 2151 vetera
821 2098 852 2150 et
881 2107 976 2163 nova,
1009 2088 1298 2168 pseudoprophetae.
1347 2086 1406 2159 Qui
1429 2089 1501 2151 dili-

146 2185 257 2262 genter
280 2185 405 2257 utraqne
429 2177 664 2240 consideraverit
694 2178 829 2258 interque
861 2198 894 2240 se
928 2179 1162 2258 comparaverit,
1195 2178 1353 2252 fatebitur,
1387 2178 1501 2241 usitato

147 2285 248 2331 rerum
273 2267 376 2329 ordine
400 2267 524 2341 factum,
549 2276 582 2329 ut
596 2267 804 2349 Hierosolyma
827 2274 1012 2330 everteretur
1036 2266 1223 2329 aRomauis.
1260 2269 1306 2329 At
1320 2283 1389 2329 ecoe
1404 2268 1502 2330 Deum

149 2356 299 2420 vindicem
322 2355 585 2418 innocentissimae
609 2357 691 2418 necis
716 2355 830 2419 Christi
852 2356 928 2432 Dei,
962 2357 1068 2418 mediis
1092 2355 1252 2418 immistum
1276 2376 1372 2419 rernm
1395 2357 1501 2436 singu-

146 2446 256 2509 larium
279 2444 389 2520 cansis,
413 2454 568 2525 aptantem
592 2454 623 2508 et
645 2445 836 2508 collidentem
854 2453 1025 2525 pugnantes
1039 2445 1172 2525 gentium
1187 2464 1296 2519 mores,
1321 2465 1397 2526 quae
1412 2455 1503 2507 antea

146 2536 177 2599 si
199 2553 259 2598 non
283 2534 412 2614 quietae,
436 2534 539 2595 mitius
552 2543 653 2596 tamen
678 2533 844 2614 degebant:
868 2534 917 2613 qui
941 2543 974 2596 ut
996 2535 1072 2596 hauc
1087 2534 1250 2597 vindictam
1270 2534 1347 2597 citra
1362 2553 1505 2615 magnam,

147 2623 333 2688 naturalium
356 2642 514 2686 cansarum
538 2624 737 2686 turbationem
761 2633 930 2698 exerceret,
966 2624 1165 2703 qnadraginta
1189 2625 1263 2686 totis
1297 2623 1383 2686 anuis
1411 2643 1502 2685 occa-

146 2715 264 2778 sionem
287 2712 494 2793 exspectavit:
518 2721 550 2775 et
573 2731 609 2774 ne
634 2713 760 2774 fortuita
782 2712 951 2785 videretur,
986 2713 1111 2774 totidem
1133 2713 1221 2775 anuis
1245 2721 1315 2774 anta
1338 2712 1500 2793 praedixit,

147 2824 182 2865 se
206 2802 264 2865 hoo
288 2802 375 2864 modo
399 2809 520 2881 gentem
543 2803 682 2864 ulturum.
719 2802 770 2864 Ad
794 2802 921 2864 eundem
944 2802 1064 2862 modum
1089 2810 1120 2862 et
1140 2802 1198 2875 hic,
1221 2810 1371 2883 utcunque
1395 2811 1504 2865 natura

148 2890 313 2974 protulerit
334 2890 391 2952 hoc
414 2891 507 2965 sidus,
534 2891 572 2952 ad
595 2891 691 2953 Deum
715 2899 816 2953 tamen
841 2891 882 2954 rei
906 2910 1024 2953 summa
1048 2890 1173 2972 denique
1197 2891 1283 2953 redit.

239 2977 418 3059 Quanquam
443 2980 513 3060 quid
538 2980 604 3043 istis
627 2982 753 3061 argutiis
773 3000 847 3062 opus
869 2981 936 3043 est?
961 2988 1014 3042 aut
1036 2980 1181 3061 quodnam
1199 2980 1358 3060 piaculum,
1383 2979 1503 3060 siquod

147 3078 260 3133 natura
284 3069 355 3131 feeit
378 3068 475 3131 Deum
500 3070 607 3131 fecisse
632 3070 786 3131 dicamus?
830 3069 982 3150 Numquid
1005 3070 1081 3131 hunc
1105 3088 1216 3132 morem
1247 3067 1385 3150 loquendi
1409 3069 1503 3132 docu-
1559 3117 1562 3121 -

148 3165 238 3222 erunt
261 3177 315 3220 nus
340 3158 438 3220 sancti
453 3159 511 3220 Dei
534 3158 642 3219 vates?
679 3156 758 3229 Quid
783 3166 830 3220 est
854 3178 951 3221 rerum
967 3159 1144 3221 naturalium
1164 3179 1217 3221 seu
1237 3159 1320 3220 coelo
1343 3178 1396 3221 seu
1411 3167 1503 3234 terra,

150 3248 231 3332 quod
256 3265 315 3310 non
339 3248 377 3308 ad
400 3247 499 3310 Deum
523 3248 617 3327 ipsum
641 3248 813 3319 referatur?
854 3246 981 3322 Semen,
1015 3247 1128 3328 liquida
1160 3258 1191 3310 et
1223 3248 1292 3310 alba
1323 3247 1504 3321 substantia,

148 3345 313 3421 postquam
337 3336 442 3399 incidit
465 3337 495 3397 in
519 3346 648 3411 uterum,
678 3335 814 3415 ejusdem
838 3336 983 3397 facultate
1007 3338 1194 3412 formatrice,
1225 3356 1313 3419 quam
1337 3337 1505 3399 naturalem

148 3435 181 3489 et
205 3434 383 3508 perpetuam
406 3426 525 3495 scimus,
548 3426 738 3504 coagulatur:
765 3434 854 3505 atque
878 3425 922 3486 ita
945 3426 1072 3506 denique
1097 3427 1207 3488 animal
1230 3428 1383 3488 formatur.
1423 3423 1503 3497 Quid

148 3535 224 3580 vero
248 3515 367 3578 divinus
386 3514 482 3577 Johna
506 3515 543 3576 (le
564 3533 618 3575 suo
641 3514 728 3576 ortu?
768 3525 865 3579 Nonne
893 3523 966 3578 sicut
985 3525 1030 3579 lac
1052 3525 1170 3579 mulsisti
1188 3542 1231 3579 me
1254 3533 1284 3580 et
1306 3524 1503 3580 sioutoaaeum

148 3613 391 3689 maccagulastil
435 3603 492 3665 Ait
515 3602 565 3664 ille
589 3621 646 3663 non
671 3604 709 3664 ad
733 3612 860 3665 matrem
882 3622 982 3676 suam,
1015 3604 1069 3665 sed
1102 3605 1140 3665 ad
1163 3604 1259 3665 Deum
1292 3614 1324 3665 et
1355 3623 1439 3667 suum
1473 3611 1505 3666 et

149 3696 258 3759 matris
274 3703 305 3757 et
318 3693 410 3755 totius
425 3699 548 3754 naturae
564 3700 728 3754 auctorem.
765 3692 911 3755 Nimirum
930 3711 988 3755 non
1003 3703 1107 3753 censet
1126 3692 1176 3754 ille
1195 3693 1338 3755 meruisse
1354 3701 1502 3767 naturam,

148 3795 184 3849 ut
208 3785 239 3848 in
264 3784 329 3864 ejus
353 3782 604 3863 contemplatione
628 3781 724 3844 multa
745 3800 811 3845 oum
834 3781 1032 3843 admiratione
1053 3792 1203 3845 versetur:
1227 3784 1281 3845 sed
1300 3782 1381 3845 illum
1400 3783 1501 3863 potius

148 3874 286 3948 miratur,
312 3883 358 3955 qui
378 3881 450 3937 dixit
470 3890 500 3937 et
520 3884 598 3939 facta
618 3887 700 3948 suut,
713 3882 759 3955 qui
777 3881 920 3935 mandavit
938 3888 968 3935 et
988 3887 1084 3936 ereata
1104 3890 1178 3937 sunt.

241 3962 284 4026 Ut
307 3962 398 4042 igitm
421 3962 469 4023 vel
492 3963 614 4024 taudem
638 3964 693 4026 hoc
716 3971 779 4023 tam
803 3960 922 4022 anxium
946 3978 1071 4022 examen
1095 3962 1265 4042 opinionum
1286 3959 1399 4034 finiam;
1430 3979 1498 4023 cum

149 4053 356 4133 conjecturam
380 4051 535 4133 physicam
560 4051 730 4132 theologica
752 4050 903 4111 sententia
927 4049 1114 4131 absorpserit
1137 4051 1251 4132 sibique
1279 4059 1375 4112 totam
1400 4048 1503 4129 acqui-

148 4140 272 4217 siverit,
296 4141 374 4204 duae
397 4140 480 4203 solae
504 4148 623 4203 restant
654 4140 818 4221 opiniones.
865 4141 930 4201 Aut
961 4139 1039 4201 euim
1064 4140 1220 4204 dicendum
1243 4148 1306 4215 est,
1342 4140 1438 4202 locum
1471 4146 1503 4199 et

148 4240 271 4313 tempus
295 4229 364 4293 novi
387 4228 496 4292 sideris
519 4249 585 4291 cum
608 4229 815 4311 conjunctione
834 4247 944 4309 magna
959 4228 1147 4309 planetarum
1162 4230 1272 4292 nullum
1292 4229 1403 4290 habore
1418 4245 1503 4290 com-

148 4319 310 4390 mercium,
334 4319 389 4381 sed
413 4318 535 4382 fortuito
559 4318 604 4393 (in
628 4319 727 4383 sobrio
751 4318 1032 4394 sensu)·evenisse,
1058 4330 1090 4381 ut
1113 4326 1322 4382 concurrerent
1352 4317 1442 4379 stella
1471 4324 1504 4379 et

148 4411 341 4493 planetamm
366 4408 489 4489 copula,
517 4407 669 4488 quaelibet
702 4428 740 4470 ex
771 4427 826 4471 sua
858 4416 925 4469 orta
952 4426 1055 4470 causa.
1102 4407 1166 4470 Aut
1196 4408 1281 4490 quia,
1315 4395 1401 4488 quem
1432 4406 1503 4482 dixi,

148 4502 250 4563 locum
273 4498 303 4559 in
331 4492 389 4561 18⁰
411 4496 586 4577 Sagittarii,
616 4505 647 4559 et
674 4506 792 4579 tempus
823 4515 900 4558 anno
927 4493 1021 4560 1604.
1051 4494 1100 4560 10.
1126 4496 1266 4560 Octobris
1290 4498 1372 4559 nulla
1394 4496 1504 4558 verisi-

148 4585 319 4652 militudine
343 4586 588 4649 transscribimus
612 4606 721 4649 causae
744 4606 803 4648 nou
831 4586 1003 4666 apparenti,
1037 4607 1102 4650 cum
1126 4596 1248 4668 praesto
1281 4586 1323 4647 sit
1355 4604 1504 4667 apparens

148 4676 323 4759 conjunctio
345 4676 549 4757 planetarum,
575 4696 650 4758 quae
673 4695 707 4737 se
730 4694 784 4756 pro
808 4694 900 4736 causa
924 4676 1027 4737 offert:
1051 4677 1206 4738 dicendum
1230 4677 1320 4756 igitur
1343 4678 1398 4738 hoc
1423 4676 1503 4736 alte-

148 4785 235 4842 rum,
268 4766 347 4848 quod
370 4764 559 4828 securissime
583 4773 614 4828 et
636 4764 725 4844 plena
749 4764 856 4827 fiducia
885 4765 1065 4844 pronuncio:
1100 4765 1281 4827 associatum
1306 4785 1372 4827 esse
1397 4781 1503 4825 novum

150 4858 210 4919 hoo
234 4856 367 4917 coeleste
389 4854 557 4936 prodigium
581 4855 618 4916 ab
642 4854 707 4934 ipso
740 4854 943 4934 omnipotente
967 4854 1032 4917 Deo
1063 4855 1158 4916 trihus
1187 4855 1332 4934 planetis,
1361 4853 1505 4927 Saturno,-

148 4942 224 5007 Jovi
246 4950 280 5007 et
300 4944 408 5019 Marti,
441 4951 512 5006 tunc
534 4942 711 5025 conjunctis,
736 4952 819 5006 certo
842 4944 966 5006 consilio
991 4945 1030 5005 ad
1054 4943 1202 5007 hominum
1225 4945 1353 5007 salntem
1376 4944 1502 5005 directo.

149 5033 212 5098 Hie
234 5032 314 5098 enirn
337 5034 421 5096 Deus
444 5033 495 5094 ille
519 5041 576 5109 est,
600 5032 647 5095 cni
671 5033 744 5095 nihil
766 5033 797 5096 in
821 5033 929 5102 muodo
953 5053 1048 5114 neque
1070 5051 1211 5120 magnum
1236 5053 1331 5119 neque
1355 5034 1502 5117 exiguum,
