3692 5842
741 489 823 557 capus
840 492 883 543 xa
1424 484 1486 555 (551

138 663 187 727 bic
203 665 277 727 Pico
292 684 329 727 ex
350 666 505 746 principiis
524 688 616 748 snpra
630 669 787 731 inculcatis
802 668 1014 748 respondeam)
1034 667 1118 729 initio
1133 666 1306 729 Decembris
1322 668 1359 727 ad
1377 666 1488 742 Solem,

136 763 203 816 tam
225 755 264 816 ad
288 755 438 816 Venerem
460 759 557 832 59515,
592 767 624 819 95
656 758 762 819 statim
790 758 838 820 die
870 755 923 821 25.
954 758 1030 819 Nor.
1055 757 1158 820 5915.
1183 758 1255 817 Dec.
1288 758 1419 817 secundo
1451 759 1489 817 ad

137 842 311 915 Saturnum,
335 840 387 906 27.
411 846 489 907 Nov.
513 848 560 908 vel
585 847 614 910 7.
638 848 712 908 Dec.
737 848 866 910 secundo
890 846 929 907 ad
951 846 1058 908 Jovem
1082 846 1179 919 venit:
1203 846 1272 925 quia
1294 844 1397 923 paucis
1421 845 1487 906 die-

138 932 196 995 bus
218 940 288 1012 post
311 932 449 995 inventus
473 945 521 997 est
544 936 564 998 5
588 934 692 999 59160
713 937 821 998 91959
845 936 973 1009 (1155959;
997 954 1062 998 955
1085 935 1207 997 tabulae
1230 934 1279 995 vix
1304 931 1323 996 3
1347 933 1489 1004 indicent,

137 1029 280 1101 utsupra
294 1021 416 1084 dietum.
455 1025 504 1085 Ad
520 1022 607 1103 3113.
619 1026 693 1087 Dec.
722 1027 1102 1092 1595559955955995555,
1119 1024 1165 1085 die
1185 1016 1280 1103 6116,
1302 1015 1385 1103 7117.
1404 1024 1488 1096 1199,

137 1110 245 1191 quibus
268 1111 450 1190 perflaverat
472 1113 622 1177 horribilis
645 1115 695 1175 ille
719 1124 840 1188 ventus,
870 1114 899 1175 ib
924 1114 1061 1175 sextilem
1086 1113 1195 1174 Martis
1217 1113 1358 1191 impegit;
1392 1121 1424 1172 95
1446 1112 1489 1173 519

137 1200 264 1261 tandem
291 1196 393 1278 12122.
418 1201 491 1263 Dec.
517 1204 606 1266 tertio
631 1204 669 1265 ad
692 1202 864 1273 Saturnum,
893 1196 995 1284 13123.
1014 1203 1089 1264 Dec.
1115 1201 1203 1263 tertio
1227 1202 1266 1263 ad
1286 1201 1394 1261 Jovem
1417 1221 1488 1279 per-

134 1289 237 1349 venit:
265 1297 299 1349 ut
317 1288 383 1367 jam
407 1291 602 1355 creberrimos
626 1293 750 1355 aliorum
774 1294 866 1355 etiam
888 1293 1076 1371 planetarum
1100 1309 1279 1371 congressus
1303 1297 1335 1351 et
1356 1289 1489 1369 configu-

136 1378 272 1439 rationes
296 1386 423 1441 taceam.

227 1467 279 1528 Ad
302 1467 556 1530 confirmationem
585 1469 641 1531 loci
668 1469 810 1532 Mercurii
843 1470 976 1550 cepimus
1005 1469 1052 1530 die
1084 1462 1188 1550 18128.
1212 1467 1286 1528 Dec.
1312 1466 1489 1528 distantiam

135 1557 204 1636 ejus
228 1554 363 1636 985199
394 1552 455 1619 550
483 1555 536 1621 530
566 1569 731 1621 995599595
765 1579 819 1639 595
850 1558 1090 1621 9559559519595
1120 1556 1245 1619 aliarum
1278 1556 1489 1618 distantiarum

135 1646 215 1708 satis
239 1646 433 1725 cognitarum.
477 1646 607 1709 Etcum
631 1649 705 1711 haec
729 1649 874 1710 distantia
898 1649 940 1726 sit
963 1647 1002 1708 ad
1025 1647 1195 1726 eclipticam
1213 1655 1397 1720 5595559559,
1422 1648 1490 1724 qnia

135 1736 231 1814 Spica
253 1734 283 1795 in
307 1744 426 1810 austro,
451 1736 617 1798 Mercurius
650 1738 680 1798 in
704 1739 921 1818 septentrione:
955 1735 1150 1815 respondebit
1179 1734 1205 1795 ei
1238 1736 1274 1795 de
1306 1736 1489 1814 longitudine

134 1820 198 1887 55⁰
220 1820 275 1887 470
299 1824 378 1886 1959;
402 1844 478 1904 quae
504 1826 608 1887 addita
631 1827 669 1887 ad
693 1827 789 1888 locum
814 1826 923 1906 Spicae
948 1826 977 1887 in
1005 1820 1206 1895 18019‘2,
1229 1833 1366 1902 procreat
1391 1824 1488 1902 longi-

136 1912 273 1975 tudinem
295 1913 436 1974 Mercurii
463 1910 520 1976 140
539 1912 569 1978 60
585 1922 614 1988 ,2¹
629 1926 660 1975 et
682 1916 771 1995 paulo
796 1917 885 1985 ultra,
910 1914 980 1995 quia
1003 1913 1168 1975 Mercurius
1191 1913 1370 1974 refractione
1394 1912 1489 1974 attol-

134 2003 383 2066 195955595555
407 2001 539 2081 Spicam.
585 2005 655 2066 Jam
684 2002 784 2081 15125.
810 2006 883 2066 Dec.
908 2012 978 2063 ante
1003 2000 1206 2064 1995519515
1229 2020 1311 2063 sume
1335 1997 1440 2065 90450
1460 2008 1489 2074 >2¹

135 2111 175 2153 ex
208 2091 322 2161 calculo
355 2100 386 2152 et
420 2093 496 2153 adde
530 2093 705 2155 distantiam
737 2094 879 2156 Mercurii
908 2093 960 2154 1119
991 2092 1038 2153 (119
1066 2092 1217 2152 15595595
1244 2084 1351 2152 104οε
1385 2099 1418 2153 ut
1448 2091 1490 2153 sit

135 2182 221 2243 loeus
244 2180 386 2242 Mercurii
421 2176 479 2244 100
500 2180 554 2247 490
585 2190 625 2256 f.
671 2183 778 2265 ltaque
809 2193 907 2245 motus
941 2181 1030 2243 tridui
1064 2189 1112 2242 est
1143 2174 1182 2243 30
1213 2178 1278 2243 17οε
1313 2199 1366 2241 599
1396 2181 1489 2241 multo

137 2270 216 2332 alius
240 2269 271 2329 in
293 2270 425 2348 Magino.
1203 2345 1208 2353 Ι

225 2358 341 2419 Eodem
364 2357 411 2419 die
436 2354 541 2441 15125.
557 2360 631 2420 Dec.
650 2360 736 2422 Jovis
760 2360 947 2438 9111995519
972 2358 1147 2421 distantiam
1170 2356 1335 2419 invenimus
1360 2353 1397 2417 7⁰
1419 2355 1488 2419 25οτ

134 2467 193 2509 595
220 2457 321 2508 59595
345 2447 409 2509 5159
434 2449 634 2524 dubitatione,
667 2451 736 2528 quia
765 2468 906 2530 perverso
937 2447 1120 2530 pinnacidio,
1154 2456 1186 2508 nt
1209 2446 1302 2510 habet
1323 2446 1488 2507 annotatio.

132 2538 178 2600 Et
201 2538 271 2618 quia
294 2537 399 2598 eadem
423 2540 484 2600 1959
508 2539 636 2600 altitudo
660 2540 726 2613 fuit,
751 2540 863 2600 nullum
887 2547 934 2600 est
957 2558 976 2599 a
999 2537 1178 2599 refractione
1202 2536 1374 2616 periculum.
1419 2536 1489 2597 Jam

133 2645 207 2688 vero
231 2626 289 2688 nisi
313 2628 544 2690 assumserimus
575 2627 685 2707 aliquid
714 2629 879 2708 cognitum,
903 2628 977 2690 nihil
1001 2636 1199 2688 exstruemus.
1246 2625 1430 2687 Assumatur
1452 2644 1490 2685 ex
1526 2692 1530 2700 ,

134 2716 252 2778 calculo
285 2717 407 2795 cognita
440 2717 568 2779 latitudo
601 2718 687 2779 Jovis
718 2726 795 2796 sept
829 2713 892 2780 360.
938 2717 1017 2779 Nam
1046 2736 1083 2777 99
1109 2733 1213 2795 59555
1243 2723 1375 2776 mutatur
1400 2735 1418 2775 a
1441 2713 1488 2775 die

135 2799 221 2888 7117.
252 2804 326 2866 Dec.
374 2804 449 2867 Cum
479 2806 580 2885 itaque
604 2808 702 2869 cordis
725 2818 761 2884 51
784 2807 912 2868 latitudo
945 2802 1121 2868 51540270
1151 2812 1245 2878 aust,
1281 2812 1313 2864 et
1337 2804 1488 2883 longitudo

134 2889 176 2958 40
201 2890 252 2956 160
276 2890 340 2957 3000
364 2900 403 2968 f,
428 2895 543 2974 itaque,
578 2916 643 2957 cum
673 2905 872 2977 aggregatum
904 2895 1095 2957 latitudinum
1117 2893 1159 2954 sit
1182 2890 1221 2956 50
1244 2890 1285 2966 30,
1322 2892 1490 2954 differentia

136 2982 355 3063 longitudinum
379 2983 438 3044 erit
461 2985 579 3046 circiter
602 2983 641 3048 50
663 2981 722 3068 201,
732 2989 750 3048 0.
795 2985 915 3065 Jupiter
942 2986 1035 3064 igitur
1062 2984 1090 3045 in
1115 2978 1153 3047 9⁰
1175 2978 1229 3044 440
1253 2988 1297 3056 f,
1321 2982 1489 3044 differentia

135 3094 155 3135 a
179 3072 295 3134 calculo
319 3072 405 3134 unius
428 3073 544 3147 minuti,
568 3094 624 3135 non
649 3078 753 3154 major,
779 3076 856 3154 quod
875 3076 1066 3153 1559559559
1085 3071 1255 3150 5155991919
1275 3071 1380 3132 51555
1402 3080 1490 3132 59559

134 3163 276 3224 claritate
301 3179 436 3225 aurorae.
483 3162 545 3223 Sed
569 3165 636 3225 hinc
660 3183 774 3245 quoque
798 3165 988 3226 confirmatur
1011 3164 1143 3225 calculus
1172 3160 1230 3222 loci
1252 3160 1338 3222 Jovis
1367 3161 1405 3222 ad
1429 3160 1489 3221 diei

135 3251 168 3315 7.
193 3252 268 3313 Dec.
293 3250 445 3312 meridiem
469 3271 561 3331 supra
583 3254 756 3315 subductus.

226 3338 351 3402 Saturni
374 3359 444 3402 5959
469 3342 551 3403 19955
575 3362 613 3403 ex
634 3342 711 3404 Jove
734 3342 876 3415 habetnr3
907 3340 977 3419 quia
1000 3357 1090 3418 55559
1113 3338 1283 3419 probatum,
1311 3339 1402 3400 151599
1426 3337 1487 3399 89-

134 3439 256 3493 turnum
285 3438 355 3491 ante
377 3428 484 3491 Jovem
516 3427 657 3510 595480.
703 3432 811 3510 Itaque
840 3448 930 3508 quam
958 3430 1089 3507 proxime
1120 3428 1148 3487 in
1173 3423 1211 3490 8⁰
1234 3420 1332 3506 5701,0
1355 3433 1385 3499 ,2¹
1408 3427 1487 3490 latit.

138 3514 177 3582 10
203 3516 257 3582 400
286 3529 364 3598 sept.
419 3518 560 3581 Calculus
592 3539 662 3581 5959
690 3519 892 3598 redarguebat
919 3519 1002 3580 illam
1030 3517 1231 3597 quantitatem
1260 3512 1314 3578 480
1345 3515 1489 3578 nonnihil.

134 3612 244 3690 Itaque
268 3606 417 3670 Saturnus
440 3610 539 3670 verius
565 3610 593 3670 in
618 3604 657 3672 90
683 3610 710 3671 10
735 3615 774 3681 f.

227 3696 392 3760 Ostensum
415 3707 464 3759 955
486 3699 641 3771 hactenus,
666 3699 772 3781 quibus
796 3697 901 3758 diebus
925 3692 946 3774 11
970 3705 1002 3757 95
1023 3694 1063 3769 04,
1087 3693 1193 3774 <luibae
1218 3701 1249 3753 et
1273 3695 1294 3768 5
1317 3712 1383 3753 955
1402 3701 1488 3753 ntro-

136 3806 196 3870 que
219 3788 330 3849 luerint
353 3790 515 3867 congressi.
563 3787 642 3857 Quia
664 3808 735 3849 vero
760 3806 797 3847 ex
819 3785 961 3868 Cypriani
978 3784 1108 3847 Leovitii
1131 3783 1268 3844 doctrina
1291 3790 1316 3851 d
1344 3782 1490 3843 accedens

131 3879 252 3959 justum
274 3894 401 3955 magnae
426 3877 642 3956 conjunctionis
664 3878 784 3940 modum
809 3877 927 3955 implet:
957 3896 1013 3955 age
1042 3882 1073 3934 et
1103 3872 1190 3952 hujus
1220 3874 1359 3951 planetae
1384 3873 1489 3932 obser-

135 3966 276 4028 vationes
299 3966 505 4045 adjungamus.
551 3967 658 4047 Itaque
682 3987 738 4047 quo
760 3976 891 4045 tempore
916 3963 1070 4043 congressi
1093 3957 1206 4039 555511
1230 3971 1261 4022 95
1283 3960 1322 4036 ll,
1348 3970 1372 4031 0⁸
1396 3961 1425 4023 in
1442 3971 1489 4026 Q

134 4055 297 4124 haerebat,
331 4057 484 4134 ingressus
515 4056 587 4117 illud
611 4057 728 4137 signnm
752 4057 799 4118 die
822 4053 854 4117 8.
878 4054 968 4127 Ι)99.;
1001 4055 1103 4133 itaque
1131 4052 1187 4111 sub
1216 4051 1391 4130 principium
1421 4050 1490 4112 anni
1606 4129 1609 4138 Ι

139 4140 236 4209 1604.
261 4163 315 4225 595
337 4144 490 4225 utriusque
511 4146 654 4224 planetae
679 4146 803 4208 sextiles
826 4143 967 4224 perrexit.
1014 4145 1134 4204 Interea
1149 4139 1202 4201 891
1226 4148 1366 4221 55595959
1382 4140 1490 4201 Μ95515

135 4234 290 4312 triangulo
316 4235 524 4297 stationarium
549 4254 616 4297 eum
639 4235 773 4297 exhibuit
796 4235 850 4295 sub
874 4232 1049 4313 principium
1073 4230 1189 4303 Martii,
1213 4249 1279 4290 cum
1303 4229 1490 4307 pervenisset

135 4319 656 4403 1527οἓ5151595595555195.
701 4324 749 4385 Ex
779 4342 814 4385 eo
842 4323 943 4400 itaque
974 4319 1113 4400 vestigiis
1146 4328 1226 4379 retro
1258 4318 1360 4390 lectis,
1394 4317 1491 4397 Aprili
1573 4392 1579 4402 ·

138 4431 245 4477 mensa
268 4413 443 4493 properavit
461 4413 586 4475 1589115
606 4415 783 4494 955951595,
807 4412 941 4491 proxime
965 4411 1078 4489 spicam
1094 4407 1239 4486 Virginis.
1286 4407 1392 4467 Mense
1406 4406 1489 4485 Majo

136 4497 642 4583 55951959595995915801,05ὲ,
669 4504 793 4582 denique
818 4509 900 4561 recto
921 4500 1027 4560 itinere
1050 4498 1224 4577 properavit
1247 4494 1285 4555 ad
1313 4496 1489 4574 superiores,

137 4603 172 4656 95
204 4593 253 4655 (119
289 4585 392 4673 15125.
415 4591 489 4653 Julii
522 4595 641 4653 tandem
666 4593 739 4652 exiit
763 4612 778 4651 e
802 4590 902 4662 Libra,
928 4609 993 4650 curu
1018 4589 1097 4649 ultra
1119 4595 1235 4664 septem
1259 4604 1377 4646 menses
1401 4586 1429 4646 in
1454 4604 1490 4645 ea

136 4692 224 4746 95595
245 4690 456 4743 9955959555.
502 4682 559 4742 Die
590 4677 673 4764 2112.
699 4681 783 4759 Sept.
813 4680 965 4757 ingressus
989 4688 1036 4738 est
1059 4676 1271 4754 Sagittarium:
1296 4694 1355 4735 una
1378 4675 1489 4736 551599

136 4771 260 4855 pluviae
283 4779 315 4833 et
337 4771 420 4832 venti
439 4770 539 4849 frigidi
562 4780 684 4849 propter
707 4776 862 4848 aspectus,
896 4786 969 4847 quos
996 4767 1064 4826 vide
1091 4766 1120 4825 in
1145 4764 1406 4843 Ephemeridibbs,
1431 4782 1490 4826 non

133 4861 289 4941 neglectis
315 4860 499 4941 quintilibus.
550 4860 732 4921 Praesertim
757 4878 826 4919 5959
855 4857 959 4917 diebus
991 4847 1105 4937 10120..
1130 4849 1244 4937 11121,
1274 4846 1380 4927 12122.
1403 4852 1488 4933 Sept.

137 4954 257 5015 coelum
279 4950 455 5012 inconstans
479 4959 510 5010 et
531 4950 662 5029 pluuium
691 4957 770 5019 erat,
800 4946 881 5008 venti
911 4945 1020 5024 frigidi.
1067 4945 1147 5006 Nam
1179 4953 1211 5004 95
1233 4942 1287 5006 891
1314 4943 1345 5004 15
1373 4941 1490 5022 quintili

138 5050 173 5108 95
194 5043 217 5124 ti
238 5041 271 5105 in
292 5039 395 5103 sextili
419 5049 485 5103 erat
510 5045 547 5107 d.
592 5040 666 5102 Dies
690 5033 793 5117 13123.
817 5055 940 5098 5959595
959 5034 1070 5097 illuxit:
1095 5033 1196 5115 itaque
1219 5032 1337 5114 vesperi
1359 5032 1490 5096 motibus
