3692 5842
239 485 306 552 828
651 483 682 533 In
700 482 787 533 librum
805 481 837 533 de
855 478 935 534 Stella
952 496 1018 532 nova
1035 480 1186 546 serpentarii

239 673 349 721 tantum
370 664 411 718 ait
430 664 474 717 bic
495 662 709 733 intelligentiam
730 662 805 716 intra
826 665 967 717 assistere.
1009 663 1119 725 Quaero
1141 678 1209 734 erge
1229 660 1297 716 illud
1321 665 1482 730 punctu,
1504 657 1532 710 in
1553 672 1605 727 qus

145 805 150 816 ,
241 748 279 801 sit
298 754 380 818 parte
401 744 497 798 erbis?
518 743 546 797 Si
561 750 646 796 extre
660 744 779 806 stellam,
801 743 958 806 absurdum,
980 742 1194 814 intelligentiam
1214 759 1269 796 uon
1289 757 1357 794 esse
1379 739 1410 793 in
1425 745 1515 809 parte
1534 737 1605 790 erbis

240 826 426 887 nobilissima;
448 826 471 877 si
493 825 520 877 in
542 825 635 886 stella,
658 823 732 876 erbis
754 824 840 895 igitur
861 840 879 877 a
899 825 985 878 stella
1005 833 1138 887 moretur,
1160 839 1210 875 seu
1230 829 1376 884 rectatur,
1399 837 1458 872 seu
1478 817 1605 874 antius

240 916 274 961 ut
294 908 415 960 membra
434 922 452 958 a
467 906 562 957 corde:
584 905 667 974 etpri-
682 904 761 972 primi
782 904 887 958 orbium
902 906 1059 958 inventores
1080 905 1228 957 voluerunt
1247 904 1365 957 stellam
1379 902 1421 954 ab
1436 900 1510 954 orbe
1530 897 1607 952 vehi:

245 988 344 1059 quibus
366 988 446 1040 orbes
468 987 650 1038 instrumenta
670 991 742 1047 sunt,
765 984 815 1037 tibi
836 1002 929 1039 onera.
950 1015 990 1026 -

317 1062 363 1126 29)
381 1079 406 1128 p.
427 1060 487 1111 671.
524 1063 617 1111 Versus
634 1062 684 1121 bic,
704 1063 830 1110 desumtus
849 1077 879 1111 ex
897 1064 974 1112 Persii
992 1071 1078 1126 satyra
1095 1062 1126 1122 1.,
1146 1061 1255 1126 Keplero
1271 1076 1317 1125 pre
1334 1067 1444 1109 seura
1461 1064 1521 1114 eat,
1538 1069 1609 1121 qun

242 1139 342 1202 pluries,
361 1144 414 1185 tum
431 1138 458 1183 in
476 1135 542 1184 libris
561 1136 625 1197 typis
644 1135 763 1196 expressis
781 1141 834 1181 tum
853 1137 998 1197 praesertim
1022 1136 1132 1185 versibus
1154 1133 1337 1182 memorialibus
1360 1131 1508 1194 reperim
1526 1128 1608 1191 depr*

242 1209 382 1260 hendimus.
414 1206 455 1257 Sic
473 1208 499 1254 in
518 1206 672 1269 praefatione
690 1205 723 1253 ad
740 1208 839 1253 Astrom
859 1205 957 1255 Novam
974 1222 998 1270 p.
1011 1206 1088 1263 Xllli
1105 1207 1132 1255 iu
1150 1205 1211 1254 libre
1230 1206 1371 1254 memoriae
1388 1204 1538 1252 arnieoru
1555 1214 1607 1248 eu

244 1289 342 1330 secrato
362 1277 490 1341 cujusdam
509 1278 611 1327 studiosi
630 1276 793 1341 Tubingeusis
814 1275 959 1327 wernheri:

337 1354 437 1417 „Haud
458 1349 544 1404 sentit
564 1351 642 1412 bene,
665 1350 710 1419 qni
731 1349 842 1402 disserit
861 1350 937 1410 haud
958 1353 1039 1405 bene.
1080 1351 1198 1405 Ocuras
1218 1349 1362 1404 bominum
1376 1346 1431 1404 tc.
1456 1351 1609 1415 (masana

245 1432 382 1496 Keplerus:
402 1431 532 1496 Tubiugae
552 1444 617 1477 anno
637 1425 715 1475 1621.
734 1427 850 1491 postridie
870 1425 1065 1490 carentiae.)

332 1503 361 1552 ln
381 1501 429 1552 alio
449 1500 551 1563 (Felicis
569 1500 740 1549 Linsenmaun
758 1498 964 1565 Bdblrngeusis):

562 1571 747 1643 Frugalitatis
768 1573 847 1630 nulle
867 1575 999 1643 praeconi
1019 1575 1104 1636 ildes;

563 1653 592 1707 si
612 1654 688 1706 dives
709 1652 778 1722 ipse,
800 1652 928 1717 simulat;
950 1656 1063 1719 inridet,
1085 1653 1108 1707 si
1129 1652 1217 1721 ineps.

567 1734 589 1788 0
611 1735 695 1786 corda
716 1734 793 1797 dura,
815 1751 831 1787 e
853 1742 986 1804 quantum
1006 1736 1087 1789 inane
1108 1732 1207 1788 menas
1228 1735 1289 1785 est!

819 1815 846 1868 J.
869 1818 907 1871 K.
929 1821 1026 1887 (scripsi
1045 1821 1175 1887 Tubingat
1187 1820 1242 1872 ΧΠ.
1263 1818 1318 1869 Cal.
1339 1815 1427 1868 Μία
1449 1813 1544 1877 itta]

337 1904 367 1954 In
384 1904 473 1953 tertio:
498 1894 625 1967 Prodigit
645 1912 691 1948 ars
713 1910 843 1958 nummos,
864 1904 1069 1968 penetrantque
1091 1896 1118 1948 in
1138 1895 1243 1965 gaudia
1264 1908 1359 1949 curae.

672 1976 695 2030 0
717 1990 795 2029 curas
817 1977 955 2031 bominum
975 1976 1022 2031 dic.

322 2304 351 2368 11,
390 2193 402 2478 ἶ

488 2140 518 2205 a!⁴
559 2070 602 2262 {¹²⁸
644 2050 769 2189 {3:⁶2

405 2194 433 2260 ιβ’
474 2125 522 2335 11).
575 2191 604 2314 ‘pl‘
854 2236 933 2289 Haec
953 2244 1019 2290 sunt
1039 2234 1148 2289 animae
1168 2234 1325 2288 mundanae
1351 2232 1515 2296 elementa,
1542 2230 1606 2283 unde

271 2359 284 2410 ¹
408 2407 417 2436 ι
492 2358 522 2424 ,1.
575 2355 591 2403 7
914 2317 1034 2380 Musica,
1056 2314 1246 2379 astronomia,
1268 2312 1442 2385 astrologia
1463 2314 1606 2366 duxerunt.

253 2308 352 2565 ’[1ιὴ
417 2408 437 2474 it
476 2339 503 2549 {r

503 2465 522 2531 s·
565 2423 691 2563 11

251 2575 364 2640 Nobili,
387 2576 528 2629 Genereso
556 2581 585 2627 et
613 2571 800 2629 literatissimo
827 2574 944 2638 Jureni,
975 2575 1055 2628 Dauo
1077 2573 1179 2628 Othoni
1203 2573 1315 2637 Brahe,
1339 2573 1442 2644 Equiti
1462 2572 1549 2626 Daue
1567 2568 1609 2622 tt

252 2656 376 2727 obsequii
396 2654 481 2709 debiti
503 2670 588 2709 cause
609 2653 705 2724 scripsi
727 2655 796 2707 haec
816 2653 928 2728 Pragac
948 2656 1131 2709 Bebemorum

1099 2717 1468 2814 termam-2.

1180 2816 1397 2872 Mathematicus

1049 2896 1135 2950 Nonis
1155 2896 1323 2961 Februariis,
1345 2913 1422 2950 anne
1450 2892 1538 2950 1662.

344 2990 389 3052 30)
408 3009 431 3055 p.
453 2989 512 3041 tra.
550 2991 707 3056 Quamquam
725 2991 846 3056 Keplerus
869 2992 909 3042 bie
928 2992 959 3041 de
979 2992 1118 3043 Commeat.
1145 2994 1176 3045 de
1199 3002 1258 3045 mot
1278 2992 1369 3044 Martis
1390 2994 1522 3057 loquitur.
1548 2989 1615 3055 §ml

256 3063 286 3113 de
306 3080 377 3127 opere
397 3065 522 3124 absoluto,
542 3070 639 3112 tantum
659 3064 749 3123 abluit,
769 3072 796 3112 ut
815 3073 893 3113 tetum
912 3073 965 3113 tum
985 3065 1145 3123 absolvisset,
1164 3074 1192 3115 ut
1211 3069 1278 3116 eirca
1294 3066 1342 3115 hoc
1362 3073 1466 3128 tempus
1486 3063 1615 3112 uenae

257 3137 396 3198 scripserit:
418 3138 458 3191 „in
478 3136 574 3183 theoria
592 3135 681 3183 Martis
701 3144 785 3184 cetere
803 3145 861 3184 sunt
880 3137 1003 3199 expedita,
1023 3136 1097 3185 rerba
1117 3138 1197 3188 adhuc
1218 3138 1332 3187 desunt.“
1371 3136 1472 3186 Prodiit
1490 3135 1540 3184 hoc
1560 3145 1615 3195 opus

258 3222 324 3256 anno
346 3204 422 3253 1669.
461 3206 575 3255 Ceterum
603 3208 739 3255 notandum
759 3215 809 3262 est,
838 3208 940 3271 Kepleri
969 3209 1106 3270 opinionem
1126 3210 1156 3257 de
1180 3217 1248 3258 motu
1267 3209 1330 3259 Solis
1350 3210 1422 3257 eirca
1452 3221 1528 3256 axem
1548 3204 1615 3253 uulbl

258 3280 312 3327 aliis
331 3285 382 3325 turn
401 3286 510 3341 tempere
529 3279 663 3326 stabilitam
678 3293 731 3327 esse
745 3281 921 3334 fundamentis,
941 3294 1022 3343 quarn,
1036 3281 1099 3327 sicut
1112 3282 1164 3343 ipse
1177 3282 1292 3333 aifinnat.
1310 3279 1439 3342 „physicis
1453 3277 1613 3327 udonibus·

258 3350 374 3399 Maeuiae
394 3351 458 3397 enim
478 3350 576 3398 Solares
596 3358 621 3398 et
639 3365 703 3413 quae
721 3351 778 3399 inde
798 3351 906 3399 deducta
924 3357 963 3398 est
981 3352 1070 3399 rotatio
1090 3355 1197 3415 corporis
1217 3352 1308 3400 Solaria
1332 3352 1454 3400 detectae
1474 3359 1537 3399 sunt
1555 3361 1616 3396 anne

259 3420 355 3471 derium
376 3418 451 3468 1610.
489 3421 518 3470 [ιι
537 3422 673 3470 Commeat.
694 3424 724 3471 de
751 3424 835 3470 motib.
857 3423 958 3474 llartis.
990 3421 1051 3484 Cap.
1072 3418 1120 3482 31,
1149 3425 1256 3486 pluribus
1283 3424 1332 3472 hac
1356 3423 1438 3471 dere
1465 3424 1537 3486 agit.
1564 3419 1615 3466 hdr

260 3493 434 3557 hypotheticae
453 3496 574 3557 gyrationi
594 3496 702 3542 tribuens
721 3494 836 3542 triduum.

348 3561 392 3623 31)
411 3581 434 3628 p.
456 3562 515 3613 692.
553 3566 649 3628 Tycho,
676 3569 701 3614 in
719 3566 850 3629 Pregymn.
879 3572 949 3628 parte
968 3565 987 3613 1.
1008 3582 1031 3628 p.
1052 3563 1103 3612 709
1124 3565 1174 3626 (ed.
1195 3568 1253 3615 anui
1276 3563 1357 3622 1662)
1386 3580 1529 3615 recemum
1547 3565 1608 3627 Cypt

259 3631 363 3685 Leerihi
391 3637 534 3700 opusculum
553 3637 582 3685 de
602 3637 674 3686 stella
703 3639 761 3685 anni
784 3636 849 3686 1572
869 3638 954 3686 addit:
983 3638 1008 3686 id
1026 3638 1143 3699 quidem,
1169 3638 1233 3701 quod
1257 3640 1309 3695 ait,
1330 3640 1367 3686 bis
1387 3647 1471 3687 antea
1498 3636 1615 3698 ejusne&

260 3708 345 3756 stellas
364 3708 437 3756 luisse
458 3716 612 3772 conspectas,
630 3711 773 3771 praesertim
793 3710 891 3772 quande
910 3709 967 3757 talis
986 3710 1077 3772 absque
1097 3709 1179 3757 cauda
1193 3714 1265 3771 juxta
1283 3710 1350 3758 bunc
1368 3712 1452 3773 ipsum
1466 3710 1615 3772 Cassiopea*

261 3782 414 3828 asterismum
434 3782 500 3827 circa
519 3795 609 3828 anuum
623 3777 697 3827 1261.
717 3781 816 3834 effulsit,
837 3779 1031 3829 consideratione
1051 3780 1151 3844 dignum
1171 3782 1240 3834 foret,
1260 3783 1280 3828 si
1300 3782 1381 3838 modo,
1402 3796 1437 3830 an
1459 3782 1484 3829 id
1505 3784 1543 3829 ita
1560 3795 1613 3827 ecu-

261 3853 364 3914 tigisset,
384 3853 408 3898 in
427 3853 462 3898 rei
481 3853 584 3899 veritate
604 3861 734 3899 constaret.
764 3853 799 3899 Er
818 3853 923 3900 historiis
944 3861 1009 3900 certe
1029 3851 1076 3899 fide
1096 3852 1176 3916 dignis
1195 3848 1256 3900 nibil
1274 3853 1427 3914 ejuscemodi
1446 3853 1575 3916 probatur.
1588 3874 1614 3881 -

261 3922 301 3969 De
320 3924 406 3970 eadem
433 3924 508 3971 relert
526 3923 610 3983 Tycbo
628 3939 651 3986 p.
674 3919 740 3977 331,
768 3938 881 3971 necnon
901 3924 964 3971 alias
990 3924 1091 3971 obscure
1120 3932 1237 3983 annotat,
1267 3925 1362 3972 omissis
1381 3940 1442 3973 rere
1471 3925 1576 3972 testibus
1594 3931 1617 3969 et

262 3994 315 4056 ipse
334 3994 427 4042 dubius.

351 4064 396 4124 32)
416 4082 439 4128 p.
459 4061 517 4112 695.
555 4068 626 4113 Anno
648 4064 724 4113 1175.
743 4066 823 4114 nullus
848 4067 962 4128 apparuit
981 4071 1085 4114 cometa.
1123 4066 1337 4131 Regiomontanus
1366 4074 1453 4115 autem
1482 4069 1617 4117 observans

264 4145 372 4185 cometas
391 4140 462 4185 annis
484 4134 550 4183 1157
569 4147 595 4186 et
617 4137 695 4192 1172,
723 4153 824 4200 qnomm
843 4139 928 4200 prioris
952 4137 1048 4186 caudae
1073 4138 1249 4200 longitudinem
1277 4139 1396 4189 exhibent
1420 4139 1525 4202 quidm
1545 4152 1617 4202 usque

264 4209 297 4257 ad
315 4205 370 4263 60⁰.
391 4213 490 4272 eiusque
514 4211 561 4257 iter
587 4210 737 4271 computavit
761 4210 857 4257 celeber
875 4209 979 4270 halley,
1008 4210 1073 4257 undo
1093 4225 1229 4274 cognomen
1256 4212 1356 4274 accepit
1374 4221 1492 4260 cometae
1512 4210 1616 4271 narica

264 4279 329 4344 Ergo
348 4296 389 4342 pro
409 4294 473 4328 anno
495 4276 561 4326 1175
584 4280 651 4328 baud
677 4282 766 4328 seimus
786 4296 819 4329 an
837 4280 965 4343 ponendus
983 4282 1016 4327 sit
1035 4296 1113 4329 annus
1136 4277 1210 4340 1157,
1231 4297 1303 4345 quem
1326 4296 1493 4345 poneremus.
1519 4287 1541 4332 si
1560 4295 1618 4347 quat

264 4354 314 4412 jam
334 4360 467 4415 sequuntur
485 4367 533 4398 uon
553 4352 719 4414 significarent
738 4367 830 4399 aunum
853 4349 926 4398 1172.
952 4352 1073 4414 Keplerus
1093 4354 1157 4401 enirn
1178 4353 1320 4418 Crr'rgere
1341 4351 1433 4413 (math.
1455 4354 1519 4418 proi.
1533 4355 1615 4403 Dana·

266 4429 353 4490 scano)
369 4447 433 4480 anno
445 4428 593 4480 16231111
606 4434 712 4493 scripsit:
729 4434 861 4477 cometam
881 4426 1101 4494 liegiomontani,
1124 4427 1174 4485 ais,
1198 4429 1232 4479 ad
1247 4444 1347 4480 annum
1368 4429 1455 4481 1175.
1470 4431 1617 4498 pertinere.

268 4523 321 4558 non
342 4507 377 4557 ad
401 4506 490 4568 1172,
522 4507 597 4574 cujus
619 4506 681 4558 anni
713 4514 844 4559 cometanr
866 4506 933 4557 dicis
956 4507 1072 4559 l’ontani
1095 4515 1122 4559 et
1145 4508 1293 4560 Waltheri.
1337 4509 1415 4571 Fuit,
1450 4527 1511 4563 cum
1539 4513 1617 4562 etiam

267 4586 331 4638 mibi
352 4587 503 4654 imponeret
518 4587 650 4639 historiae
672 4587 844 4655 perplexitas
859 4596 887 4638 et
903 4588 1051 4640 oscitantia
1066 4587 1236 4657 scriptorum.
1266 4594 1302 4641 At
1322 4590 1427 4659 collegi
1445 4607 1487 4645 me
1503 4593 1617 4644 tandem.

267 4672 299 4718 ut
319 4682 388 4719 auno
416 4667 496 4719 1175.
520 4669 622 4720 nullum
645 4666 751 4719 cannino
773 4669 859 4720 risum
880 4687 940 4719 esse
963 4679 1095 4721 cometam
1118 4685 1305 4738 agnoscerem.

357 4742 401 4801 33)
421 4760 443 4807 p.
465 4742 522 4793 696,
561 4747 599 4794 lle
626 4747 663 4793 liis
691 4746 897 4793 observationibus
926 4746 988 4794 haec
1017 4748 1138 4811 lieplems
1165 4746 1209 4794 Jo.
1230 4747 1333 4796 lleinb
1363 4748 1521 4814 Zieglero
1550 4757 1575 4806 ιι
1601 4765 1616 4796 ι.

268 4839 292 4887 p.
328 4822 391 4883 127)
429 4826 539 4886 scripsit:
590 4821 710 4872 Clericus
741 4819 848 4888 quidam
872 4818 982 4878 (llarml
1008 4823 1035 4875 S.
1059 4823 1086 4875 C.
1110 4823 1146 4873 M.
1169 4822 1331 4873 sacellarius
1355 4822 1477 4892 Neapoli
1506 4827 1618 4878 rediens.

269 4897 327 4948 illic
340 4899 452 4966 eclipsin
464 4901 577 4951 totalem
594 4901 674 4954 vidit:
691 4916 804 4967 canique
816 4901 849 4951 ad
861 4917 980 4969 unguem
995 4903 1134 4971 expressit
1148 4900 1313 4953 Plutarchus
1330 4919 1405 4954 meus
1421 4911 1495 4975 (Ope.
1508 4909 1599 4961 Vilis

270 4977 371 5030 Eodem
393 4979 434 5029 die
457 4982 549 5047 accepi
571 4982 715 5048 epistolam
731 4990 805 5032 tuam
829 4987 952 5046 (Heracli,
973 5007 996 5053 p.
1011 4988 1073 5046 aar)
1094 5000 1152 5036 cuni
1168 4982 1299 5050 adjuncta
1322 4982 1416 5035 altera
1432 4985 1531 5039 Poloni
1547 4986 1611 5035 iras

273 5056 465 5118 Creistanovic,
488 5061 565 5127 cnjus
588 5062 709 5114 narratio
732 5056 855 5129 (eclipsis
878 5061 904 5112 in
919 5062 1048 5117 flandria
1069 5059 1249 5131 observatae)
1264 5080 1307 5117 me
1328 5063 1482 5132 plurimum
1502 5068 1618 5120 delecta·
