3692 5842
249 487 315 558 864
375 554 391 600 ⁶
728 493 768 547 De
787 494 867 548 Stella
882 492 956 548 llere
972 491 1123 561 Masurii

246 672 368 735 Boeotii
398 671 626 748 interfectores,
659 670 708 734 rel
737 672 899 750 Jasonem,
929 671 1167 755 quicolchidos
1195 672 1358 736 draconem
1386 676 1516 759 sopivit,
1545 675 1588 739 rel

247 761 414 837 Aesacum,
444 761 573 842 Egeries
595 761 745 844 nymphae
767 781 870 824 necem
893 763 924 824 in
948 769 1087 843 serpente
1109 761 1321 838 ulciscentem,
1350 763 1400 826 rel
1420 785 1512 848 quam
1532 766 1588 847 ipre

151 853 155 868 '
247 849 321 912 dicit
342 851 523 933 Eurydicen.
568 852 614 913 At
636 850 707 931 qnid
727 850 753 912 si
777 852 920 915 Lesbium
944 851 1028 913 illum
1050 852 1210 914 draconem
1232 851 1358 927 dixeris,
1379 874 1401 915 a
1419 855 1587 918 Phoebeia

247 958 354 1004 saxum
377 959 569 1015 conversum,
601 940 685 1003 illum
714 940 765 1020 qui
794 949 886 1022 caput
908 941 1023 1022 Orphei
1053 941 1151 1004 rosit?
1197 940 1306 1005 Cernis
1327 951 1364 1005 ut
1383 944 1497 1008 reflexo
1518 945 1586 1006 collo

246 1029 286 1091 ad
310 1030 481 1105 Coronam,
514 1039 546 1091 et
568 1049 644 1112 quae
677 1029 755 1090 hanc
787 1049 846 1092 non
870 1029 961 1111 longo
991 1030 1150 1093 intervallo
1180 1031 1315 1113 sequitur
1337 1031 1454 1114 Orphei
1475 1034 1585 1116 Lyram,

246 1120 409 1182 etiamnum
432 1120 463 1182 in
480 1119 603 1183 Corona
625 1126 716 1198 caput
739 1118 863 1200 Orphei,
888 1120 939 1201 qui
963 1120 1047 1202 lyrae
1063 1119 1201 1183 dominus
1223 1128 1300 1196 erat,
1322 1141 1469 1203 quaerere
1491 1123 1584 1185 ridea-

244 1210 312 1270 tur?
358 1209 413 1273 Sin
435 1210 493 1270 hoc
515 1208 613 1271 minus
634 1209 746 1289 placet,
769 1208 947 1271 Aristaeum
968 1209 1000 1272 in
1022 1209 1218 1290 Serpentario
1240 1211 1410 1290 agnoscite,
1432 1213 1583 1276 Protesi!

245 1297 411 1379 Serpente;
435 1306 469 1361 ut
493 1299 591 1360 luctae
615 1317 708 1359 causa
730 1306 845 1378 pateat.

331 1391 376 1452 At
398 1389 472 1450 nihil
492 1387 747 1449 accommodatius
763 1388 938 1450 Laocoonte
954 1386 1136 1467 Virgiliano,
1160 1408 1246 1471 quem
1261 1399 1421 1471 serpentes
1443 1390 1483 1453 ab
1504 1391 1581 1453 exitio

242 1477 370 1540 filiomm
393 1485 580 1540 auertentem

509 1603 666 1674 Corripiunt
686 1602 821 1675 spirisque
842 1602 936 1675 ligant
955 1602 1132 1675 ingenuum:
1153 1602 1260 1673 etjam

507 1683 555 1736 Bis
576 1682 692 1737 medium
713 1683 845 1752 amplexi,
868 1683 910 1736 bis
932 1684 1003 1737 collo
1024 1700 1158 1755 squamea
1178 1684 1280 1741 circum

509 1765 604 1835 Terga
623 1764 682 1817 dati
703 1771 837 1834 superant
857 1763 951 1833 capite
972 1770 1003 1818 et
1021 1765 1172 1820 cervicibus
1193 1764 1269 1831 altis,

508 1844 559 1898 Ille
580 1844 661 1898 simul
681 1844 807 1898 manibus
828 1851 921 1898 tentat
941 1844 1073 1899 divellere
1093 1847 1186 1900 nodos.

332 1976 462 2038 Frustra
485 1975 603 2056 quidem
632 1975 742 2038 omnia.
788 1976 880 2038 Nulla
907 1976 1010 2038 tabula
1038 1977 1176 2056 quadrat.
1221 1976 1353 2040 Reiutat
1374 1978 1514 2042 Manilius
1531 1997 1572 2040 uro

241 2082 349 2126 versu:

506 2172 620 2243 Semper
640 2172 694 2226 erit
714 2171 828 2242 paribus
849 2171 971 2226 bellum:
992 2171 1059 2243 quia
1078 2172 1183 2227 viribus
1203 2181 1334 2245 aequant

331 2277 444 2341 Omnes
466 2297 539 2340 vero
561 2279 708 2340 hacteuus
727 2278 952 2340 commemorati
975 2285 1029 2338 aut
1050 2277 1186 2339 vicerunt
1207 2288 1262 2341 aut
1283 2279 1357 2341 victi
1381 2290 1461 2343 sunt

328 2368 416 2430 iiunc
439 2387 458 2429 a
481 2367 605 2430 ludicris
628 2368 668 2429 ad
691 2368 834 2441 calculos,
859 2387 878 2428 a
899 2366 1001 2447 poetis
1024 2366 1063 2426 ad
1078 2367 1308 2430 mathematicos
1325 2370 1493 2433 veniamus.
1525 2371 1575 2434 hu·

241 2457 373 2519 metavit
394 2458 589 2520 Ptolemaeus
615 2477 682 2519 cum
705 2455 880 2537 Hipparcho
911 2454 1019 2517 stellas
1042 2452 1084 2518 47
1115 2457 1145 2518 in
1169 2457 1366 2538 Serpentario
1398 2470 1430 2522 et
1452 2461 1576 2542 &spensa

240 2554 273 2609 et
295 2545 416 2621 circum,
440 2546 470 2608 in
494 2546 660 2626 Scorpione
685 2542 737 2619 24,
762 2546 792 2607 in
815 2544 984 2624 Sagittario
1007 2541 1060 2608 31.
1098 2545 1250 2608 Braheum
1273 2548 1424 2629 sphaerae
1440 2550 1578 2613 declivitas

241 2643 274 2699 et
296 2644 348 2699 aer
371 2636 539 2698 horizontis
563 2654 685 2697 crassus
709 2634 874 2714 impedivit,
898 2642 932 2696 nt
955 2653 1012 2695 uon
1035 2633 1137 2714 plures
1161 2655 1250 2716 quam
1272 2638 1335 2700 illic
1359 2634 1413 2711 26,
1437 2640 1487 2703 hic
1506 2637 1540 2703 10
1556 2649 1580 2698 et

245 2721 283 2789 13
306 2745 428 2788 mensas
452 2727 515 2788 suis
538 2724 746 2787 instrumentis
770 2723 909 2785 ediderit.
956 2724 1092 2805 Bayerus
1115 2726 1340 2791 oculatissimus
1364 2727 1438 2805 fuit,
1461 2731 1522 2793 illic
1540 2723 1583 2802 tl,

240 2815 289 2878 hic
313 2811 356 2879 29
380 2822 411 2877 et
434 2812 477 2878 32
509 2814 636 2877 notavit
682 2812 759 2875 Mihi
790 2813 932 2874 uoluntas
963 2832 1113 2893 nunquam
1145 2815 1240 2877 deluit
1271 2816 1432 2898 supplendi
1463 2819 1584 2881 deiectus

240 2905 332 2966 hosce
356 2903 386 2965 in
401 2905 531 2977 Braheo,
555 2910 698 2984 quantum
717 2902 779 2982 poli
795 2902 960 2981 Prageusis
976 2902 1106 2964 altitudo
1127 2912 1298 2985 pateretur;
1321 2915 1356 2968 at
1373 2907 1507 2972 facultas
1526 2927 1586 2989 per·

240 3014 329 3075 quam
352 2994 461 3056 tenuis.
499 2995 577 3055 Nam
593 3000 624 3053 et
639 3010 714 3072 pene
732 2991 815 3052 solus
839 3001 870 3053 et
893 2991 994 3053 hebeti
1016 2992 1084 3053 visu
1107 3012 1189 3055 sum:
1215 2996 1358 3058 stellulae
1382 3016 1456 3060 vero
1476 3017 1587 3079 parrae,

240 3083 390 3145 horizonti
421 3084 538 3146 vicinae
570 3090 600 3142 et
628 3081 658 3142 in
689 3080 850 3160 splendore
880 3081 948 3140 viae
971 3078 1105 3142 lacteae:
1138 3092 1169 3144 et
1193 3085 1364 3147 Braheanis
1392 3087 1590 3150 instrumentis

240 3192 345 3247 careo,
379 3191 434 3234 nec
458 3174 573 3235 coelum
597 3171 627 3231 in
650 3169 796 3232 Bohemia
820 3170 924 3230 crebro
950 3177 998 3229 est
1028 3169 1065 3230 ad
1090 3181 1200 3233 votum.
1249 3176 1354 3255 ltaque
1378 3178 1430 3238 rix
1454 3180 1541 3240 unius
1560 3193 1592 3236 ex

241 3263 361 3325 omissis
381 3264 466 3341 justa
489 3261 657 3323 invenietur
673 3258 862 3332 observatio;
887 3258 1069 3340 reliquarum
1093 3262 1201 3323 seriem
1221 3263 1451 3329 culmiuautium
1474 3276 1507 3329 et
1528 3267 1591 3328 alti·

240 3353 360 3414 tudines
384 3352 582 3423 meridianas,
607 3357 750 3430 quantum
779 3349 845 3408 visu
868 3349 952 3427 potui
976 3349 1136 3429 consequi,
1167 3355 1327 3415 annotari:
1361 3359 1549 3436 quarundam
1568 3367 1594 3416 et

240 3443 308 3505 loca
330 3441 527 3503 determinavi
552 3457 716 3518 congressu
740 3438 850 3499 stellae
869 3437 990 3511 Martis,
1015 3438 1100 3516 cujus
1115 3440 1264 3504 calculum
1278 3443 1377 3506 habeo
1391 3447 1595 3529 exquisitissi-

240 3551 329 3594 mum.
375 3533 411 3593 In
439 3530 591 3612 plerisque
617 3528 699 3607 juvit
728 3545 774 3588 me
804 3526 980 3588 mechanica
1009 3536 1041 3588 et
1071 3531 1227 3592 annotatio
1259 3543 1410 3596 rectamm
1435 3537 1595 3604 lineamru:

241 3622 359 3704 quoties
378 3631 481 3682 ternae
499 3619 606 3681 stellae
630 3617 660 3677 in
676 3635 766 3678 unam
784 3625 897 3677 rectam
915 3626 967 3677 aut
989 3617 1125 3696 proxime
1142 3639 1231 3683 uuam
1247 3624 1470 3704 competebant
1511 3627 1598 3706 Cujus

241 3711 285 3772 rei
309 3731 402 3772 causa
425 3709 552 3771 exhibeo
576 3707 631 3769 tibi
655 3716 758 3787 typum
782 3705 1022 3768 constellationis
1046 3706 1144 3784 hujus.

330 3801 410 3861 uam
439 3808 473 3860 ut
502 3805 602 3859 rectae
636 3797 792 3857 stellarum
822 3796 1001 3874 praesertim
1032 3797 1122 3875 paulo
1152 3802 1346 3863 remotiorum
1379 3821 1449 3864 sese
1481 3823 1600 3867 acom-

242 3889 366 3950 modent
388 3888 595 3962 mechanicae,
622 3885 714 3966 paulo
738 3885 828 3945 aliter
851 3884 1028 3945 adornanda
1051 3896 1122 3947 sunt
1145 3888 1314 3962 schemata,
1348 3912 1439 3972 quam
1464 3895 1601 3956 ordinata

241 3978 327 4039 vides
350 3978 531 4059 Bayeriana.
579 3975 655 4038 Cum
685 3973 763 4034 enim
787 3972 962 4033 mechanica
991 3982 1130 4037 versetur
1153 3976 1184 4038 in
1207 3979 1411 4059 planitiebus,
1446 3993 1479 4045 et
1504 3995 1601 4046 rectae

242 4086 345 4130 omnes
365 4075 546 4147 apparentes
571 4064 632 4125 sint
655 4063 757 4124 circuli
781 4061 902 4124 maximi
928 4064 956 4123 in
974 4064 1068 4137 coelo,
1093 4073 1126 4125 et
1139 4067 1217 4128 oculi
1234 4070 1331 4130 nostri
1346 4072 1434 4152 quasi
1451 4072 1484 4134 in
1501 4087 1601 4136 centro

242 4157 353 4230 mundi,
371 4165 473 4217 tenere
489 4163 616 4234 oportet,
641 4154 720 4233 quod
744 4152 872 4214 circulus
889 4171 1016 4231 magnus
1030 4171 1068 4213 er
1082 4164 1186 4216 centro
1204 4157 1401 4238 sphaerarum
1424 4161 1458 4224 in
1482 4164 1601 4243 planum

240 4247 394 4327 projectus
417 4248 469 4307 fiat
489 4253 581 4304 recta.
621 4241 737 4313 Quodsi
752 4242 874 4322 planum
893 4250 1000 4321 tangat
1015 4243 1176 4322 sphaeram
1196 4246 1225 4307 in
1241 4248 1342 4329 aliquo
1355 4263 1473 4330 puncto
1490 4255 1601 4315 zodiaci

243 4339 291 4408 (ut
315 4336 371 4397 hoc
394 4343 529 4395 nostrum
545 4332 667 4411 planum
684 4332 781 4410 tangit
794 4332 950 4392 zodiacum
966 4331 996 4392 in
1015 4330 1080 4394 18⁰
1095 4337 1150 4406 f),
1177 4355 1280 4398 omnes
1297 4341 1485 4404 semicirculi
1506 4345 1601 4423 magui

242 4424 433 4484 latitudinum
458 4425 487 4483 in
511 4422 567 4483 hoc
590 4421 712 4500 planum
734 4420 861 4499 projecti
886 4422 960 4481 liunt
983 4420 1080 4481 lineae
1104 4425 1269 4501 paralleloe
1293 4428 1440 4502 infinitae,
1468 4434 1509 4494 ad
1532 4453 1600 4514 pro-

238 4513 352 4592 jectam
376 4512 546 4591 eclipticam
569 4519 680 4570 rectae.
720 4509 832 4571 Omnes
846 4520 1006 4590 praeterea
1022 4510 1256 4577 declinationum
1273 4518 1456 4582 semicirculi
1485 4533 1601 4604 (utpote

244 4601 424 4663 semicirculi
446 4599 584 4670 maximi)
608 4607 785 4660 concurrent
812 4599 841 4659 in
866 4618 924 4659 uno
954 4598 1037 4678 ploni
1062 4601 1228 4664 continuati
1250 4618 1382 4685 puncto,
1415 4613 1499 4691 quod
1524 4627 1602 4675 reeta

243 4709 280 4750 er
304 4701 408 4752 centro
432 4689 577 4769 sphaerae
601 4707 654 4768 per
677 4690 777 4767 polum
801 4688 917 4760 mundi,
949 4688 998 4768 qui
1023 4696 1070 4749 est
1095 4690 1123 4750 in
1148 4690 1371 4775 hemisphaerio
1401 4701 1599 4780 projiciend.

244 4778 392 4858 designat.
432 4779 566 4840 Minores
590 4777 718 4837 circulos
743 4776 820 4856 quod
844 4778 962 4850 attinet,
987 4788 1060 4857 puta
1083 4781 1247 4858 parallelos
1263 4790 1423 4866 aequaturi
1438 4792 1488 4852 rel
1509 4793 1600 4872 eclip-

243 4868 322 4927 ticae
347 4877 378 4927 et
401 4868 531 4929 similes:
565 4866 584 4927 ii
608 4866 734 4946 projecti
765 4867 838 4926 fiunt
870 4866 1021 4927 sectiones
1054 4869 1185 4932 conicae.
1232 4874 1339 4936 Omnis
1368 4878 1451 4940 enim
1475 4881 1600 4942 ein-ulus

244 4953 457 5035 hemisphaerii
481 4956 586 5030 minor,
611 4955 696 5033 cujus
712 4955 952 5018 circumferentia
974 4967 1145 5019 removetur
1168 4982 1187 5021 a
1200 4971 1312 5043 puncto
1326 4975 1491 5031 contactus
1514 4989 1598 5052 prae·

245 5042 306 5102 cise
338 5045 504 5125 quadrante
538 5043 656 5117 circuli,
687 5044 840 5123 projectus
872 5045 902 5106 in
932 5043 1055 5124 planum
1082 5048 1117 5110 tit
1143 5053 1298 5129 parabole.
1348 5055 1470 5127 Quodsi
1503 5061 1597 5142 aliqua
