3692 5842
245 466 310 534 632
370 515 374 532 ,
726 461 1123 530 auscultantque-ru

246 646 364 728 qnando
379 643 519 718 maxima,
544 650 577 705 et
590 641 876 724 flagrantissimam:
901 641 953 704 ubi
965 641 1332 723 maguitudinsdecrevit,
1354 641 1601 708 ιὼιιιιιιιιιιι

243 754 360 815 quoqne
382 732 500 796 minuit.

328 821 442 886 Ultimo
465 821 531 883 loco
555 828 693 902 quartam
717 818 867 899 Scaligeri
889 836 989 919 pono;
1019 818 1143 891 medii,
1170 829 1264 900 puta
1284 818 1405 892 sarie,
1435 818 1599 884 babitu·

239 912 349 974 alium
372 919 484 1012 atque
508 910 636 983 alium,
661 910 710 990 qui
725 910 808 970 visus
824 907 920 970 nostri
943 916 1082 986 respectu
1104 907 1366 987 parialacitcurn
1384 909 1599 990 magnitudin.

203 987 208 1002 ’
239 1000 351 1062 lentis
375 1000 455 1060 eninr
486 998 683 1078 perflantibus
707 1007 738 1060 et
761 999 902 1059 humente
926 1015 1015 1069 aura,
1049 996 1147 1076 qualis
1170 996 1228 1059 luit
1249 1007 1317 1061 toto
1345 1017 1456 1060 rnaaae
1478 993 1599 1060 owart

240 1089 311 1151 anni
339 1084 442 1161 1604,
477 1086 676 1166 fulgidissima
699 1097 770 1148 sunt
792 1086 893 1147 sidera
916 1093 950 1145 et
972 1084 1118 1162 grandia,
1152 1085 1209 1148 boc
1231 1096 1282 1148 eat
1302 1087 1475 1168 conspicua
1496 1085 1598 1150 ualde:

240 1197 332 1259 qnare
356 1177 448 1238 etiam
472 1195 573 1238 eorum
600 1176 796 1237 scintillatio:
826 1174 905 1255 quod
934 1174 964 1234 in
987 1170 1107 1252 Opticis
1133 1175 1239 1257 putaui
1264 1177 1446 1256 confingere
1470 1175 1513 1238 ob
1532 1193 1600 1236 aaa·

240 1277 355 1329 tactum
378 1265 471 1337 oculi,
507 1266 594 1326 utin
619 1263 865 1326 lacrumantibus.
911 1262 981 1324 Non
1005 1262 1111 1324 mimrn
1142 1264 1252 1343 igitur,
1285 1265 1369 1346 qnod
1395 1283 1506 1328 mense
1527 1263 1599 1326 disto

238 1365 357 1417 tantum
380 1348 510 1433 praese
534 1353 637 1415 tulerit
668 1354 806 1415 ardorem
833 1351 890 1412 boc
920 1350 1024 1423 sidus,
1057 1370 1125 1412 cnm
1156 1363 1241 1414 esset
1267 1371 1323 1433 per
1346 1373 1383 1414 aa
1406 1371 1554 1432 magau
1571 1363 1600 1414 at

240 1444 368 1516 clarum,
401 1443 469 1521 plus
493 1461 581 1522 quam
614 1442 730 1522 reliqua
759 1440 868 1501 omnia.
915 1438 978 1502 Sed
1000 1440 1063 1500 alia
1090 1440 1208 1502 ratione
1238 1453 1359 1521 pugnat
1390 1441 1473 1504 baec
1503 1459 1598 1508 causa

240 1532 320 1614 quod
344 1550 401 1592 non
426 1530 501 1591 baec
526 1539 642 1592 tantum
666 1530 757 1592 stella
782 1548 870 1603 nova,
894 1528 1002 1591 sedet
1022 1528 1156 1610 reliquae
1179 1548 1294 1600 ornnes.
1317 1549 1401 1611 quae
1423 1529 1598 1602 scintilhat.

241 1620 339 1700 magis
372 1619 403 1680 id
434 1629 594 1699 praestant
626 1638 731 1681 recens
763 1627 867 1692 ortae,
902 1627 956 1679 ant
981 1617 1046 1696 janu
1075 1635 1260 1692 occasurae,
1291 1638 1362 1682 curn
1394 1619 1599 1700 prwkante

242 1708 415 1788 vaporibus,
441 1726 529 1787 quarn
553 1708 602 1770 ubi
616 1709 707 1787 paulo
731 1717 802 1768 ante
825 1706 873 1766 uel
889 1713 961 1786 post
979 1706 1019 1766 ad
1037 1707 1166 1770 medium
1182 1707 1259 1770 coeli
1282 1708 1473 1789 appulerint.
1504 1711 1599 1788 arur·

240 1798 316 1860 baec
340 1815 435 1858 causa
458 1797 524 1870 luit,
549 1816 601 1859 cnr
619 1797 707 1858 Noua
729 1798 760 1858 in
785 1794 941 1858 occidente
963 1794 1065 1875 posita
1087 1803 1206 1858 tantum
1227 1805 1483 1877 repraesentaret
1504 1793 1598 1858 end·

241 1887 368 1949 tantinm
393 1885 579 1947 flammamm
601 1885 778 1947 incendium.
824 1883 917 1945 Ratio
947 1884 1023 1944 forte
1052 1884 1191 1965 utrinque
1213 1897 1263 1948 ast
1290 1885 1418 1959 eadem,
1449 1904 1512 1948 non
1532 1903 1598 1948 cuu-

241 1973 455 2048 tactnsoculi,
489 1975 543 2035 sed
566 1975 741 2053 profundior
764 1979 830 2047 abr,
864 1972 1004 2053 limpidus
1027 1981 1129 2036 tamen
1152 1984 1185 2034 et
1205 1975 1399 2054 perspicuas.
1446 1975 1530 2036 Nara
1548 1991 1601 2056 μ

244 2075 333 2146 parte
357 2063 383 2124 is
407 2062 496 2124 furuis
519 2063 720 2135 obnubilatur,
744 2061 821 2124 uisui
845 2060 959 2136 obstat,
982 2061 1137 2124 stellarum
1160 2075 1357 2144 conspectura
1380 2063 1487 2144 eripit,
1510 2063 1600 2126 letua-

243 2154 364 2233 gineum
399 2150 483 2226 Soli,
526 2152 720 2213 rubentemie
753 2161 785 2211 et
815 2149 884 2211 huic
916 2159 950 2213 et
980 2149 1129 2212 sideribus
1164 2153 1274 2214 ceteris
1312 2151 1450 2215 colorem
1483 2149 1598 2216 inducit

242 2240 351 2304 Solent
372 2241 466 2302 etiam
496 2240 597 2302 sidera
626 2239 819 2320 utplurimum
843 2239 883 2299 ab
906 2248 1013 2300 exortu
1044 2240 1161 2302 colores
1191 2242 1340 2321 projicere
1364 2240 1475 2304 iridis:
1508 2239 1600 2310 σιὼ,

242 2330 313 2411 quia
336 2331 433 2391 lumen
458 2329 579 2408 objectu
603 2348 718 2409 aqueae
742 2328 887 2390 materiae
905 2329 998 2408 (quae
1011 2337 1155 2408 quantum
1178 2329 1352 2405 densitatis,
1377 2341 1501 2392 uotum
1515 2327 1600 2392 babet

244 2418 450 2491 tenebrarum)
488 2419 619 2481 diluitur.
693 2418 776 2479 Tunc
813 2417 906 2478 radiis
942 2436 996 2496 per
1031 2417 1170 2480 humores
1206 2418 1374 2500 ingressis,
1412 2433 1601 2500 quaecunqe·

241 2527 335 2570 causa
360 2507 433 2587 ipsis
462 2507 543 2569 inest
570 2507 737 2581 sideribus,
771 2505 869 2567 lumen
901 2506 1053 2568 coloribus
1084 2506 1236 2583 imbuens,
1266 2508 1333 2587 ejus
1357 2509 1491 2570 susem
1522 2519 1601 2570 taut·

242 2596 410 2658 euidentius
434 2605 699 2676 repraesentatum
724 2595 801 2675 quod
826 2594 882 2673 ipsi
905 2613 959 2673 per
973 2613 1007 2655 se
1030 2595 1170 2657 bumores
1192 2617 1247 2659 sen
1264 2597 1368 2659 inedia
1387 2597 1489 2658 densa
1510 2595 1601 2678 pellu-

242 2685 311 2749 cida
333 2685 512 2748 refractione
536 2686 701 2765 adjurante
725 2684 841 2745 colores
864 2684 987 2744 eosdem
1009 2683 1094 2745 iridis
1116 2697 1291 2765 procreant,
1316 2697 1350 2748 ut
1373 2685 1483 2748 ridere
1506 2697 1554 2748 est
1572 2683 1599 2746 ia

241 2775 436 2857 prismatibns
460 2774 656 2855 crystallinis.
695 2772 775 2834 tide
799 2773 836 2832 de
859 2769 1037 2851 hisOptica
1059 2793 1128 2834 mea
1149 2775 1282 2853 passim;
1304 2775 1474 2856 praecipue
1489 2771 1599 2876 Capul.

242 2864 286 2926 Ut
309 2872 409 2924 autem
432 2864 608 2925 concludam
630 2863 708 2923 bunc
732 2861 848 2922 locum:
882 2861 941 2922 etsi
965 2879 1068 2923 terum
1090 2875 1154 2936 est,
1184 2873 1217 2925 et
1239 2864 1445 2926 clarissimam
1477 2859 1598 2944 purus·-

241 2971 378 3054 mamqus
413 2951 505 3014 luisse
538 2953 677 3023 stellam,
710 2961 742 3010 et
766 2949 908 3028 majorem
941 2950 1094 3025 omnibus,
1125 2961 1159 3012 et
1180 2963 1215 3013 ut
1245 2953 1447 3032 plurimum
1438 2973 1470 3014 ιι
1499 2969 1598 3014 occasu

242 3041 324 3102 circa
346 3039 530 3102 horizontem
553 3051 747 3121 conspectam
768 3038 975 3100 humidissimo
993 3060 1075 3115 aere,
1098 3039 1172 3102 nibil
1186 3051 1288 3105 tanuen
1312 3042 1490 3121 potuissent
1505 3057 1598 3102 omncs

243 3129 301 3190 bae
325 3148 435 3189 causae
460 3131 655 3209 conjunctae,
680 3129 736 3190 nisi
760 3128 858 3188 lumen
883 3128 980 3207 ipsum
1000 3129 1169 3209 incorpore
1191 3132 1311 3202 stellae,
1335 3142 1419 3192 motu
1440 3131 1492 3194 uel
1510 3129 1597 3193 tunt

243 3219 316 3278 tatis
340 3219 476 3280 internae
497 3220 544 3281 vel
559 3218 692 3298 corporis
717 3217 810 3295 ipsius
834 3216 1026 3291 creberrimo,
1049 3237 1159 3281 causas
1182 3220 1413 3282 scintillationis
1427 3231 1463 3285 et
1476 3219 1598 3283 coloratu

243 3306 418 3369 inuenisset.

792 3767 913 3868 Caput
940 3765 1048 3841 XIX.

678 3945 737 4008 De
759 3946 899 4009 dluterr'u
923 3946 1009 4009 nure
1032 3947 1168 4011 Sideris.

333 4105 438 4169 Omnis
463 4104 500 4166 de
524 4105 650 4166 materia
683 4105 791 4166 stellae
823 4105 990 4185 disputatio
1012 4107 1051 4169 ab
1075 4109 1113 4170 iis
1143 4110 1313 4189 dependet,
1346 4129 1428 4190 quae
1462 4109 1600 4172 hacteuus

243 4196 381 4258 diximus.
429 4192 505 4258 Curn
528 4194 605 4254 enim
631 4194 659 4254 in
683 4194 767 4254 coelo
798 4212 885 4254 nemo
918 4213 1065 4273 praesens
1094 4200 1235 4261 alluerit:
1265 4209 1350 4260 certe
1383 4198 1532 4280 quidquid
1558 4195 1600 4258 bic

243 4285 338 4345 oculis
361 4302 420 4345 non
444 4282 667 4361 consequimur,
700 4281 738 4342 ad
763 4301 836 4361 quos
861 4282 971 4343 lumina
1002 4286 1160 4348 steilamm
1189 4288 1320 4367 quadarn
1352 4289 1472 4368 speciei
1495 4305 1600 4369 propa·

243 4374 364 4450 gatione
398 4371 589 4442 delabuntur,
622 4371 651 4433 id
676 4371 787 4432 frustra
811 4371 932 4432 nitimur
963 4374 1118 4453 indagare.
1165 4375 1297 4441 Constat
1320 4377 1415 4457 igitur
1438 4397 1479 4438 ex
1502 4377 1598 4454 dispu-

244 4461 359 4522 tatione
384 4460 420 4521 de
445 4460 553 4521 lumine
578 4460 672 4539 deque
696 4460 923 4534 scintillatione,
948 4462 1074 4525 duorum
1097 4466 1225 4527 alterum
1246 4466 1350 4539 luisse,
1375 4479 1430 4528 aut
1455 4468 1598 4528 taum

243 4564 296 4610 aut
319 4567 444 4626 corpus,
471 4568 526 4607 sua
549 4562 692 4609 constans
717 4549 853 4608 materia.
902 4549 936 4610 Si
960 4570 1068 4631 corpus
1092 4555 1166 4628 luit,
1191 4567 1243 4616 aut
1268 4556 1360 4632 igitur
1385 4571 1503 4618 motum
1526 4554 1600 4616 utun

243 4639 443 4719 palpitantem
468 4637 547 4698 intra
570 4656 638 4697 sese
662 4638 773 4710 tenuit,
798 4657 835 4697 ex
859 4639 944 4716 eujus
973 4643 1163 4722 paroxysmis
1187 4645 1241 4706 illa
1263 4643 1446 4706 scintillatio
1475 4641 1598 4706 anuuit.

244 4739 296 4788 ιιι
321 4728 416 4806 ipsum
446 4744 498 4803 per
529 4745 561 4786 se
585 4727 764 4803 pellucidum
793 4727 1004 4789 convolutione
1031 4733 1225 4831 rapidissima
1247 4745 1381 4794 rotaturu
1407 4733 1476 4796 luit.
1520 4732 1598 4794 Nea·

244 4816 381 4894 trobique
397 4835 445 4876 res
460 4816 536 4876 citra
555 4816 636 4876 ritae
660 4813 847 4894 cujusdam
841 4816 1001 4894 imaginem
1025 4821 1160 4902 citraque
1183 4823 1383 4885 ministerium
1404 4819 1597 4884 informantia·

245 4904 393 4965 mouentis
425 4903 472 4963 rel
506 4904 677 4983 segetautis
717 4904 870 4965 facultatis
905 4909 1070 4986 peragitur.
1125 4909 1274 4993 Equidem
1308 4913 1400 4974 lareo
1434 4909 1596 4972 senuutiat

243 4990 368 5072 primae,
393 4994 543 5055 flammam
567 4993 669 5066 luisse,
693 4991 762 5075 qnia
786 5007 818 5054 ut
842 4995 962 5056 flamma
984 5013 1144 5062 consumta
1166 5013 1224 5075 est,
1247 5001 1336 5086 quasi
1359 5000 1522 5064 deficiente
1544 4994 1595 5058 ali·
