3692 5842
835 499 977 568 (lupusxl.
1013 479 1023 494 ‘

227 675 320 740 etiam
343 676 523 759 expediendi
545 676 701 758 problema
720 675 773 743 30.
820 680 889 744 An-

227 765 315 848 gulus
348 766 428 830 enirn
459 765 588 847 insignis
619 775 676 829 est.
725 766 839 832 Centro
863 770 894 834 A

226 854 378 919 scribatur
404 856 533 920 circulus
562 856 695 938 corporis
718 855 800 920 Solis
825 857 890 936 OG,

226 944 328 1027 inquo
343 943 403 1010 OA
417 945 602 1019 verticalem
619 944 677 1009 AO
694 946 889 1023 horizontem,

225 1031 280 1097 AB
305 1034 475 1116 eclipticam
500 1042 722 1115 repraesentet,
747 1042 779 1097 et
802 1035 888 1099 ΟΑΒ

225 1124 266 1186 sit
278 1119 352 1188 670.
375 1123 455 1188 Nam
469 1124 496 1188 si
512 1122 572 1185 OA
590 1130 673 1186 esset
694 1124 886 1200 meridianus,

225 1219 345 1276 secaret
373 1212 430 1276 AB
461 1213 490 1276 iu
523 1213 555 1276 A
585 1208 644 1276 10⁰
666 1223 713 1279 Ω
745 1215 809 1296 (qni
840 1223 888 1277 est

225 1302 307 1365 locus
340 1300 438 1377 Solis)
469 1302 579 1383 angulo
610 1298 671 1365 660
702 1299 765 1367 480.
818 1303 889 1366 Jarn

226 1409 294 1453 vcro
319 1388 381 1453 ΟΔ
403 1399 453 1454 est
484 1393 565 1455 ultra
596 1390 751 1454 meridiem
783 1410 889 1456 versus

225 1480 460 1561 nonagesimum,
477 1481 546 1543 ideo
559 1481 649 1561 paulo
665 1481 783 1543 rectior.
810 1480 890 1552 Quia

224 1587 295 1650 ergo
319 1570 485 1633 Maestliuo
516 1570 692 1652 principium
727 1570 891 1633 declinavit

225 1652 264 1723 90
285 1658 326 1721 ad
349 1666 462 1733 ortum,
492 1677 564 1740 ergo
593 1660 635 1720 sit
658 1657 713 1720 ΟΡ
736 1655 774 1723 90
797 1667 829 1721 et
853 1680 889 1721 ex

224 1747 332 1829 Aper
355 1748 381 1809 P
408 1756 494 1811 recta
523 1748 678 1828 ejiciatur,
710 1768 748 1810 ex
770 1747 796 1810 P
819 1768 888 1812 vero

224 1836 372 1900 diameter
402 1837 507 1900 Lunae
544 1838 604 1900 PM
640 1838 822 1899 extendatur
859 1846 891 1900 et

224 1933 329 1989 centro
352 1926 387 1990 M
409 1928 560 1991 scribatur
582 1924 640 1988 PG
668 1926 796 1988 circulus
821 1928 888 1989 dia-

224 2015 312 2080 metri
335 2015 452 2079 Lunae.
498 2017 541 2079 Et
569 2016 640 2097 quia
671 2016 805 2078 maxima
833 2017 888 2079 ob·
917 2049 934 2089 ι

224 2105 358 2168 scuratio
383 2100 514 2190 luit2¹l²
543 2106 714 2187 digitorum,
741 2106 890 2168 dividatur

224 2212 293 2274 ergo
318 2191 381 2265 ΑΟ
403 2196 645 2270 semidiameter‚
677 2204 710 2258 ut
734 2194 779 2266 Q1
801 2196 842 2258 sit
864 2191 940 2277 2722
965 2194 1011 2258 IA
1035 2190 1118 2277 di„
1149 2204 1181 2259 et
1212 2203 1316 2258 centro
1346 2194 1580 2258 Adiastemate

224 2283 267 2348 al
295 2284 435 2346 circellus
467 2285 651 2357 delineetur‚
686 2304 772 2365 quem
802 2293 910 2367 tangat
939 2292 1036 2361 recta,
1071 2306 1147 2366 qnae
1176 2286 1283 2348 eadem
1307 2292 1338 2347 et
1361 2284 1502 2347 circulum
1524 2283 1582 2348 PG

224 2372 334 2454 tangit,
359 2381 460 2435 tactus
484 2374 525 2436 sit
548 2375 577 2435 in
602 2376 625 2437 Ι.
672 2374 754 2454 Ergo
784 2375 973 2437 continuetur
997 2375 1043 2437 Al
1072 2384 1104 2438 et
1126 2395 1164 2437 ex
1187 2377 1203 2437 Ι
1226 2373 1450 2437 semidiameter
1477 2374 1581 2437 Lunae

224 2462 404 2524 extendatur
427 2464 486 2538 IN,
520 2469 716 2525 connectatur
743 2464 820 2537 MN,
855 2471 886 2525 et
917 2465 1107 2527 continuetur
1135 2466 1174 2528 ad
1205 2483 1389 2527 communem
1414 2463 1580 2526 sectionem

224 2567 289 2613 cum
312 2551 372 2613 BA
405 2552 561 2632 ecliptica,
596 2572 671 2632 quae
696 2553 735 2612 sit
759 2553 796 2614 D.
843 2552 912 2615 Erit
936 2553 1030 2616 MDA
1062 2556 1189 2635 angulus
1219 2552 1347 2616 visibilis
1380 2552 1447 2615 viae
1475 2552 1581 2615 Lunae

224 2635 285 2705 ²7⁰
308 2640 382 2714 tere,
407 2651 439 2702 nt
463 2642 637 2703 mechanica
660 2642 803 2702 ostendit.
837 2640 917 2712 Quia
941 2643 1019 2704 enim
1043 2644 1188 2724 principio
1212 2650 1346 2706 centrum
1369 2642 1474 2705 Lunae
1498 2650 1580 2704 certo

224 2730 249 2790 iu
276 2730 318 2802 Μ,
344 2728 401 2790 ibit
425 2730 516 2809 igitur
539 2730 618 2791 viam
642 2738 696 2791 aut
720 2730 856 2792 altiorem
881 2732 944 2793 MN
968 2733 1066 2795 etsie
1091 2753 1148 2795 nou
1172 2728 1232 2815 20],
1263 2731 1374 2811 digitos
1403 2738 1502 2812 teget,
1528 2737 1582 2795 aut

224 2818 444 2897 profundiorem
469 2826 500 2880 et
523 2820 567 2881 sic
590 2820 656 2899 plns
681 2827 773 2900 teget
817 2820 898 2901 Ergo
923 2823 1021 2883 solam
1044 2823 1136 2885 MND
1160 2823 1240 2884 viam
1263 2821 1306 2885 ire
1330 2821 1488 2883 videbitur.

311 2906 361 2968 Ex
384 2927 451 2970 mea
474 2908 685 2971 observatione
708 2910 797 2989 paulo
817 2911 911 2972 minor
931 2911 1032 2991 prodit
1056 2914 1192 2992 angulus,
1219 2919 1267 2973 est
1281 2911 1359 2973 enim
1383 2910 1428 2973 uti
1451 2908 1581 2972 visibilis

224 3004 342 3059 tautum
364 2996 410 3059 ita
434 2999 562 3060 diversis
582 2998 655 3060 locis
680 2997 825 3060 diversus.
863 2999 905 3060 Et
929 3001 1002 3063 mihi
1022 3009 1053 3063 et
1077 3002 1206 3063 altitudo
1230 3001 1290 3081 poli
1314 3001 1458 3062 minoret
1482 3000 1580 3060 oriens

224 3085 347 3148 vicinior
371 3095 448 3149 erat.
496 3087 596 3167 Supra
628 3087 707 3149 enim
738 3088 833 3166 probl.
858 3085 910 3150 27.
946 3090 1025 3153 inter
1053 3091 1212 3153 Hnenuam
1241 3098 1274 3151 et
1297 3088 1438 3152 Gratiam
1465 3084 1505 3150 40
1527 3085 1581 3152 30‘

224 3174 419 3253 longitudinis
443 3184 539 3238 erant.
587 3177 702 3238 Deinde
725 3176 820 3256 probl.
846 3174 900 3241 29.
926 3177 1003 3240 inter
1026 3179 1194 3261 Tubiugam
1218 3188 1249 3241 et
1270 3180 1430 3241 Huenuam
1454 3173 1493 3240 2⁰
1514 3173 1579 3251 450,

224 3282 291 3342 ergo
316 3263 396 3326 inter
419 3265 586 3345 Tubingam
610 3274 642 3328 et
666 3264 805 3327 Gratium
830 3260 867 3327 70
893 3264 953 3339 150,
978 3267 1107 3331 circiter.

310 3350 387 3415 Cum
411 3373 483 3435 ergo
513 3356 585 3418 mihi
609 3355 742 3436 coeperit
765 3355 794 3415 iu
819 3355 948 3430 vertice,
974 3357 1164 3419 continuetur
1187 3355 1245 3419 AO
1274 3363 1306 3418 et
1333 3355 1374 3418 sit
1397 3353 1456 3416 OK
1484 3355 1578 3416 serni-

224 3442 368 3505 liameter
382 3443 498 3519 Lunae,
524 3444 582 3507 ΟΗ
605 3445 733 3507 circulus
757 3444 832 3523 ejus,
857 3444 914 3505 RE
939 3445 1025 3524 digiti
1049 3455 1121 3521 tres,
1145 3446 1203 3507 ΕΗ
1223 3453 1351 3525 tangens
1375 3444 1446 3506 inl}
1469 3461 1577 3523 corpus
1693 3439 1696 3443 ’

224 3532 335 3607 Lunae,
359 3532 416 3595 EL
439 3534 664 3596 semidiameter
687 3534 805 3607 Lunae,
831 3544 862 3594 et
885 3543 997 3614 puncta
1019 3536 1059 3611 K,
1084 3537 1110 3597 L
1134 3541 1363 3609 connectantur,
1389 3534 1521 3613 haecque
1546 3540 1578 3594 et

224 3620 361 3701 ecliptica
385 3625 595 3686 continuentur
618 3623 712 3684 donec
735 3622 808 3685 iul*
832 3632 1019 3686 concurrant.
1058 3625 1183 3687 Facient
1207 3623 1347 3702 angulum
1370 3622 1490 3684 circiter
1504 3615 1575 3684 20⁰.

224 3709 330 3773 lessio
355 3719 458 3773 tamen
482 3732 519 3774 an
544 3732 603 3774 nou
627 3712 723 3791 major
746 3712 882 3773 defectus
907 3714 1050 3777 evaserit.
1098 3714 1177 3777 Nam
1200 3713 1293 3775 nubes
1318 3710 1469 3774 dimidium
1493 3718 1574 3772 tem-

224 3799 299 3864 toris
326 3810 523 3883 occuparunt,
558 3821 633 3881 qnae
658 3810 690 3863 et
713 3802 800 3863 duem
824 3803 926 3864 forsan
950 3812 982 3865 et
1005 3803 1167 3866 maximum
1198 3800 1349 3864 delectum
1377 3800 1574 3863 occultarunt.

307 3889 503 3953 Problema
525 3890 660 3954 XXXII.
705 3890 760 3952 An
795 3891 867 3954 iter
900 3891 1053 3955 visibile
1087 3892 1205 3956 centri
1235 3891 1357 3953 Lunae
1388 3891 1439 3953 sit
1470 3897 1577 3953 recta

228 3978 334 4053 inea,
369 3980 435 4040 hoc
459 3988 518 4043 est
540 4000 585 4042 an
610 4000 652 4041 ex
683 3979 859 4061 principii
888 3989 924 4043 et
957 3981 1046 4044 finis
1077 3979 1351 4046 observatione
1385 3977 1577 4062 quantitas

224 4066 369 4131 naximi
393 4069 566 4132 defectus
590 4070 688 4132 eitra
711 4089 871 4132 errorem
895 4070 1078 4134 habeatur
1097 4071 1240 4134 usitata
1258 4070 1340 4133 via?
1364 4069 1434 4133 Hic
1453 4069 1576 4149 agitur

224 4156 257 4219 le
282 4157 525 4220 correctione
549 4159 805 4240 subjungenda
827 4160 1055 4239 problemati
1079 4158 1131 4226 30.
1157 4170 1194 4224 et
1215 4160 1434 4241 praeceptis
1458 4158 1575 4220 usita-

225 4245 265 4308 is
291 4246 334 4307 de
359 4247 546 4309 formando
571 4255 657 4328 typo
682 4249 874 4329 eclipseos.
922 4250 1055 4314 Primum
1078 4250 1151 4313 illud
1176 4250 1252 4313 satis
1285 4249 1398 4311 clarum
1421 4253 1478 4321 est,
1513 4254 1576 4308 tam

224 4354 341 4397 narrum
365 4336 507 4417 spatium,
532 4338 706 4419 quantulum
730 4339 817 4400 Luna
840 4338 966 4401 trihorio
991 4340 1118 4415 conficit,
1144 4345 1247 4402 rectae
1277 4336 1485 4418 aequiparari,
1517 4334 1575 4397 etsi

224 4443 308 4486 zurva
333 4433 382 4486 est
405 4426 486 4489 circa
504 4433 639 4489 centrum
654 4427 765 4489 Terrae
789 4428 1004 4491 circumducta.
1043 4429 1156 4491 Verum
1180 4430 1216 4491 de
1240 4429 1296 4489 hoc
1315 4426 1456 4506 jamnon
1481 4443 1575 4506 quae-

225 4514 311 4577 itur:
346 4514 399 4576 sed
424 4516 461 4577 de
490 4516 559 4590 illo,
588 4537 625 4578 an
659 4526 792 4580 centrum
815 4518 919 4581 Lunae
944 4518 973 4581 in
1007 4519 1112 4581 eodem
1141 4517 1251 4581 circulo
1282 4534 1390 4596 magno
1423 4519 1576 4595 spectetur

225 4610 281 4665 nto
305 4612 441 4684 tempore
465 4605 657 4668 durationis?
681 4607 755 4669 Dico
780 4628 837 4671 uon
862 4628 929 4670 esse
954 4628 1078 4671 necesse
1103 4616 1137 4670 nt
1160 4609 1215 4670 hoc
1238 4607 1293 4668 liat
1315 4622 1443 4684 semper.
1480 4603 1574 4665 Posse

224 4694 294 4754 euim
318 4693 382 4755 lieri
414 4693 568 4758 incurvam
591 4696 680 4758 viam.
726 4697 806 4761 Nam
836 4698 906 4779 quia
930 4698 969 4760 ad
992 4699 1097 4762 Lunae
1125 4698 1205 4760 viam
1234 4702 1414 4758 concurrunt
1445 4691 1575 4755 latitudo

224 4800 290 4843 tera
313 4791 345 4844 et
374 4785 541 4863 parallaxis
565 4785 594 4847 in
626 4786 746 4867 longum
779 4796 812 4849 et
843 4787 956 4850 latum:
991 4788 1069 4869 quod
1099 4805 1202 4849 veram
1234 4785 1353 4866 quidem
1385 4781 1575 4845 latitudinem

224 4870 344 4943 sainct,
377 4891 414 4935 ea
443 4874 525 4937 circa
555 4876 649 4939 nodos
681 4897 757 4957 pene
790 4878 1034 4958 proportionetur
1065 4876 1213 4940 confectis
1253 4872 1362 4956 spatiis
1392 4872 1494 4953 itaque
1526 4869 1575 4933 bic

224 4967 330 5024 rectam
360 4962 471 5026 lineam
505 4964 578 5027 nihil
610 4966 721 5028 turbat.
769 4967 956 5049 Aequalibus
990 4966 1069 5029 enim
1102 4964 1287 5047 temporibus
1318 4982 1406 5044 quam
1439 4960 1574 5043 proxime

224 5049 383 5129 aequaliter
406 5054 544 5117 evehitur
567 5054 595 5116 in
620 5056 743 5136 plagas,
768 5056 936 5137 aequaliter
960 5066 991 5119 et
1013 5056 1188 5136 provehitur
1211 5056 1241 5119 iu
1264 5060 1371 5122 ortum.
1420 5050 1483 5116 Sed
1506 5049 1576 5134 quia

1308 5154 1362 5207 25·
