3692 5842
852 501 994 572 caneux
1533 499 1599 570 645

243 678 304 745 hoc
326 682 399 746 mihi
422 683 576 759 credatur,
610 684 688 765 qnod
711 683 776 746 Deo
808 684 1000 764 permittente
1034 683 1105 747 alibi
1132 684 1265 764 probabo
1291 684 1377 765 justo
1406 683 1497 747 libro:
1530 684 1598 747 huic

244 791 353 835 vocum
376 781 409 835 et
431 782 608 854 aspectuum
639 773 872 853 comparationi,
904 773 930 836 si
963 772 1132 855 quintilem,
1165 773 1366 855 biquintilem,
1401 772 1598 855 sesquadrum

244 862 326 924 inter
347 869 467 925 veteres
491 864 590 944 legas,
614 862 825 926 mathematice
849 863 888 925 ad
920 862 1175 926 absolutissimam
1203 863 1428 945 congruentiam
1451 863 1523 927 nibil
1542 863 1598 927 de·

244 969 326 1027 esse,
350 952 424 1014 nihil
447 952 533 1032 objici
556 971 656 1033 posse.

336 1038 452 1112 Quodsi
484 1060 555 1120 ergo
587 1042 668 1104 auris
704 1040 845 1116 hominis,
877 1039 908 1103 id
941 1050 990 1104 est
1022 1061 1129 1104 sensus
1161 1040 1295 1115 auditus,
1331 1041 1478 1106 communi
1509 1062 1600 1106 sensu

243 1129 419 1206 instructus,
447 1130 478 1193 id
499 1131 610 1213 probat
631 1132 662 1193 in
684 1132 818 1203 vocibus,
840 1129 920 1212 quod
943 1131 1109 1210 geometria
1125 1131 1300 1211 comprobat
1322 1131 1351 1193 in
1367 1131 1597 1213 quantitatibus,

243 1238 303 1282 nec
325 1228 448 1302 praeter
470 1221 654 1299 geometrica
681 1222 774 1283 ullum
800 1239 894 1300 genus
916 1238 1015 1283 rernm
1037 1221 1203 1301 excogitari
1235 1239 1288 1299 pro
1312 1240 1405 1284 causa
1428 1240 1598 1284 consonan-

244 1309 358 1372 tiarum
380 1318 493 1390 potest,
517 1312 595 1391 quod
619 1309 755 1373 omnibus
767 1309 998 1389 particularibus
1014 1309 1303 1373 considerationibus
1318 1311 1505 1374 satisfaciat:
1530 1309 1601 1392 quid

244 1417 321 1478 rogo
344 1398 435 1461 Picus
458 1400 672 1480 respondebit?
716 1400 795 1463 Nam
826 1418 932 1460 vocum
963 1399 1176 1462 concordantia
1206 1417 1260 1479 per
1291 1419 1324 1461 se
1355 1400 1428 1464 nihil
1460 1412 1601 1482 operatur

245 1487 360 1550 effluxu
383 1488 512 1569 quodam
535 1488 566 1550 in
589 1489 737 1551 homiuem
760 1490 819 1551 alio
844 1507 932 1569 quam
956 1489 1118 1560 sensitivo,
1150 1507 1205 1549 nec
1229 1489 1321 1550 ullum
1343 1490 1469 1554 hilarem
1492 1490 1601 1552 humo·

244 1594 311 1639 rem
334 1596 389 1657 per
411 1596 444 1639 se
468 1595 612 1658 generare
634 1586 748 1659 potest.
793 1576 924 1641 Accedit
945 1598 1015 1640 vero
1039 1578 1140 1640 anima
1161 1577 1307 1641 sensitiva
1321 1578 1350 1641 in
1372 1580 1500 1655 homine,
1525 1599 1600 1659 quae

245 1685 306 1729 usa
328 1684 470 1728 sensuum
493 1667 631 1747 organis,
665 1687 755 1730 sonos
786 1666 905 1748 quidem
938 1668 1098 1729 introrsum
1126 1666 1246 1747 recipit,
1279 1669 1502 1749 proportionem
1529 1686 1600 1731 vero

245 1754 402 1832 aestimat,
426 1756 615 1819 aestimando
637 1757 762 1837 probam
785 1765 817 1817 et
839 1756 1052 1836 geometricam
1076 1776 1145 1818 sese
1163 1756 1313 1820 exhilarat
1331 1777 1474 1839 suumque
1494 1776 1601 1839 corpus

244 1862 378 1924 congrue
406 1853 518 1908 movet.
573 1848 658 1908 Haec
688 1846 789 1927 utique
820 1864 876 1906 non
908 1846 1136 1908 ratiocinatione
1162 1846 1247 1907 fiunt.
1302 1845 1370 1910 Nisi
1404 1848 1481 1910 forte
1513 1848 1601 1909 Picus

244 1933 390 2012 agricolis
413 1934 613 2014 cognitionem
632 1934 719 2014 hujus
748 1934 931 2015 geometriae
961 1935 1087 2010 tribuet,
1119 1954 1208 2015 quam
1240 1943 1311 2015 post
1339 1945 1386 1999 tot
1417 1937 1520 2000 secula
1551 1936 1602 2000 vix

244 2023 371 2085 tandem
392 2024 644 2106 perquisivimus?
690 2024 816 2086 Tribuat
838 2023 930 2102 igitur
953 2033 984 2086 et
1007 2023 1119 2098 cervis3
1152 2023 1222 2105 quin
1251 2024 1351 2104 potius
1375 2025 1479 2088 rustici
1503 2027 1602 2089 facul·

243 2119 346 2174 tatem
368 2113 546 2176 sensitivam
569 2116 674 2176 innata
697 2112 742 2188 vi,
775 2114 853 2175 citra
875 2113 1058 2188 discursum,
1084 2113 1163 2176 affici
1187 2112 1269 2175 dicat
1291 2114 1399 2177 iisdem
1421 2115 1525 2196 figuris
1548 2135 1602 2177 seu

243 2220 301 2282 per
323 2200 434 2281 figuras
458 2203 630 2265 constitutis
653 2201 836 2264 sectionibus
859 2211 891 2263 et
912 2201 1154 2283 proportionibus
1178 2202 1207 2264 in
1231 2203 1468 2267 conformatione
1486 2223 1601 2276 vocum,

244 2308 321 2371 quas
345 2300 465 2354 creator
488 2292 730 2371 sapientissimus
754 2292 783 2352 in
806 2290 1041 2354 conformatione
1069 2291 1171 2354 mundi
1194 2290 1312 2372 selegit.
1359 2293 1493 2357 Medium
1523 2294 1603 2358 incer

243 2378 321 2441 haec
345 2380 403 2443 duo
427 2378 654 2461 loquacissimus
678 2391 710 2444 et
732 2380 972 2460 imperitissimus
997 2381 1121 2462 quisque
1148 2379 1281 2443 inveniet
1305 2381 1461 2458 facillime,
1490 2383 1602 2446 nullum

242 2487 318 2531 vero
348 2469 475 2532 inveniri
501 2489 592 2551 posse
620 2490 722 2532 omnes
751 2469 812 2531 veri
840 2470 1010 2551 philosophi
1039 2471 1149 2532 dicent.
1197 2469 1302 2551 Itaque
1334 2491 1423 2553 quam
1455 2472 1603 2535 rationem

242 2558 354 2620 aderet
367 2558 467 2631 Picus,
491 2578 543 2621 cur
562 2560 727 2639 geometria
744 2558 774 2620 in
794 2559 917 2622 vocibus
933 2558 1048 2622 afficiat
1070 2559 1238 2622 hominem?
1261 2561 1387 2623 eandem
1411 2580 1467 2643 ego
1492 2561 1614 2637 dicam,¹

243 2666 301 2711 cur
323 2650 489 2727 geometria
510 2649 542 2711 in
564 2650 657 2711 radiis
680 2650 836 2711 stellarum
859 2650 972 2711 afficiat
996 2656 1134 2712 naturam
1158 2648 1367 2712 sublunarem?

338 2734 437 2808 Quam
460 2737 550 2799 Picus
582 2740 664 2818 (cap.
690 2739 724 2811 7)
755 2737 902 2800 rationem
932 2738 1074 2804 confinxit
1104 2744 1295 2818 aspectuum,
1326 2740 1405 2821 quod
1438 2739 1603 2802 artificibus

244 2826 376 2890 totidem
399 2826 566 2907 placuerint
588 2836 661 2908 quot
684 2827 805 2889 suntin
830 2838 963 2908 tempore
994 2828 1222 2891 semimenstruo
1245 2827 1357 2908 phases
1380 2828 1499 2903 Lunae,
1533 2847 1600 2891 cor-

244 2916 394 2992 niculata,
417 2916 522 2990 bifida,
551 2916 657 2995 gibba,
694 2917 798 2997 plena3
831 2937 868 2978 ea
890 2917 1076 2998 ingeniosam
1099 2918 1301 2998 conjecturam
1324 2916 1434 2979 habet:
1459 2926 1493 2980 ut
1515 2918 1606 2980 mirer

245 3004 299 3087 qui
321 3006 389 3080 fiat,
421 3013 455 3066 nt
478 3005 624 3085 astrologi
654 3026 720 3068 earn
753 3024 813 3067 oon
844 3006 906 3069 sint
936 3007 1049 3083 secuti,
1082 3027 1149 3069 cum
1178 3006 1314 3068 rationes
1346 3006 1475 3086 undique
1508 3026 1604 3088 quae·

242 3094 354 3157 sierint
383 3094 481 3157 anxie.
528 3096 672 3158 Fortasse
696 3095 816 3176 quidem
839 3115 942 3158 verum
965 3104 1029 3172 est,
1063 3097 1234 3175 astrologos
1267 3096 1324 3157 hac
1356 3096 1514 3159 occasione
1548 3095 1605 3158 ad·
1675 3160 1677 3163 .

243 3182 379 3246 monitos
403 3184 440 3246 de
464 3184 638 3263 aspectibus
646 3204 655 3260 ;
683 3185 784 3265 itaque
813 3185 908 3264 (quod
936 3184 1009 3245 alibi
1032 3186 1122 3247 Picus
1146 3184 1309 3264 astrologis
1332 3184 1459 3247 irridens
1483 3185 1605 3260 tribuit)

243 3281 280 3337 ut
303 3273 391 3336 nevis
414 3273 565 3336 interdum
587 3282 770 3354 tempestate
795 3274 824 3335 iu
847 3282 967 3353 portum
992 3274 1102 3354 agitur,
1126 3274 1170 3334 sic
1193 3274 1248 3335 hos
1272 3292 1371 3336 errore
1392 3275 1423 3336 in
1441 3274 1606 3337 veritatem

243 3370 354 3425 actos:
378 3381 448 3424 nam
469 3363 630 3446 pleraeque
654 3363 784 3426 omnium
808 3363 916 3424 artium
940 3362 1127 3425 inventiones
1151 3362 1294 3424 fortuitae
1317 3370 1396 3425 sunt.

839 3606 1022 3618 —n-n—-n

830 3826 951 3927 Caput
976 3824 1027 3900 X.

290 4003 455 4084 Quaene
475 4002 553 4071 locis
573 4007 720 4091 eiporferf
742 4026 764 4069 o
780 4005 987 4089 monetarum
1009 4003 1232 4087 ooapreeeibuc,
1256 4004 1312 4086 qai
1333 4007 1390 4069 ereb
1413 4004 1458 4068 fis
1477 4005 1572 4088 fiunt,

697 4095 822 4180 aliquid
843 4096 992 4159 moawreti
1013 4093 1167 4159 accedat!

340 4250 414 4315 Dixi
435 4254 559 4333 prolixe,
584 4256 655 4336 quid
676 4255 849 4336 aspectibus
870 4264 902 4317 et
914 4254 993 4317 inter
1007 4256 1063 4317 hos
1077 4252 1336 4335 conjunctionibus
1350 4252 1489 4316 tribuam.
1535 4253 1607 4316 Jam

249 4340 350 4405 tribus
373 4342 474 4407 verbis
498 4344 590 4406 etiam
612 4345 650 4406 de
679 4344 755 4426 ipsis
778 4344 1017 4427 conjunctionum
1050 4344 1124 4406 locis
1157 4350 1206 4404 est
1238 4341 1410 4417 dicendum,
1443 4350 1540 4405 atrum
1570 4361 1608 4404 ea

247 4449 325 4512 pars
347 4432 495 4512 sphaerae
518 4434 656 4508 lixarum,
689 4434 744 4496 snb
768 4454 826 4514 qua
849 4434 910 4496 bini
934 4433 1074 4513 planetae
1097 4431 1343 4513 congrediuntur,
1375 4430 1433 4492 vim
1457 4432 1608 4513 quandam

248 4519 322 4583 inde
353 4522 525 4602 concipiat?
569 4524 627 4585 Hic
653 4523 742 4585 Picus
773 4524 845 4600 (VI,
878 4520 926 4595 4.)
955 4542 993 4583 ex
1022 4522 1149 4585 Panetio
1180 4529 1211 4582 et
1240 4515 1413 4594 Plotino¹⁷)
1445 4520 1607 4586 cachinnos

248 4609 379 4691 profert,
403 4611 606 4674 deridentibus
630 4613 809 4691 astrologos,
835 4613 913 4693 quod
936 4612 1137 4693 proprietates
1156 4611 1206 4672 vel
1229 4610 1381 4691 signorum
1404 4610 1443 4671 ad
1466 4610 1606 4690 planetas

249 4698 302 4760 vel
324 4698 430 4763 horum
453 4702 492 4762 ad
514 4702 568 4763 illa
594 4721 648 4781 per
676 4712 793 4764 tanturn
823 4702 925 4764 mundi
957 4701 1087 4781 spatium
1118 4699 1272 4780 pervenire
1303 4719 1392 4779 posse
1416 4698 1605 4762 existiment:

250 4794 368 4851 certum
400 4789 493 4866 euim,
527 4791 739 4854 inaestimabili
771 4791 930 4853 intervallo
961 4790 1075 4852 distare
1105 4789 1244 4869 planetas
1276 4809 1296 4852 a
1324 4788 1402 4850 fixis.
1447 4787 1489 4850 Et
1521 4787 1607 4852 addit

249 4876 344 4941 Picus
367 4898 453 4941 suam
475 4899 591 4961 quoque
615 4882 778 4943 rationem:
813 4880 838 4943 si
869 4878 1039 4960 contingat,
1070 4879 1182 4940 nullam
1213 4897 1281 4940 esse
1314 4877 1434 4940 stellam
1464 4877 1553 4941 fixam
1576 4878 1606 4940 iu

251 4967 321 5030 loco
344 4987 535 5049 congressus,
560 4990 700 5052 quorsum
722 4988 793 5052 ergo
817 4970 918 5049 recipi,
943 4969 974 5031 in
997 4987 1054 5049 quo
1077 4987 1133 5030 ceu
1154 4968 1289 5048 subjecto
1304 4967 1428 5031 haerere
1445 4967 1506 5030 vim
1530 4966 1606 5032 hanc

251 5056 494 5140 conjunctionis?
