3692 5842
356 475 422 544 342
853 476 1028 527 Astronorniae
1045 474 1107 527 Para
1127 475 1226 541 Optioa.

357 654 509 726 tabellae,
543 652 672 717 divisum
697 674 716 715 a
739 671 853 716 summo
884 652 923 714 ad
951 660 1055 733 partes
1086 652 1202 715 medias
1225 653 1255 716 in
1280 651 1391 735 gradus
1415 651 1459 719 90
1482 654 1620 735 singulos
1644 653 1718 716 toti·

355 746 481 824 demque
504 742 643 824 utrinque
667 744 706 805 ab
729 743 799 805 imo.
832 743 896 805 Aut
920 742 947 804 si
969 743 1072 821 placet
1094 749 1178 804 utere
1193 741 1255 805 alia
1272 761 1461 807 numerorum
1475 743 1565 807 serie.
1595 742 1717 806 Deinde

353 833 471 896 tabella
494 832 597 912 capiat
619 832 649 894 iu
673 832 772 895 medio
796 832 909 914 stylum
939 832 1149 895 breuissimum
1172 832 1201 894 in
1227 841 1331 895 centro
1355 852 1408 895 seu
1432 833 1576 896 sectione.
1626 831 1719 895 Circa

348 923 426 986 bunc
450 922 589 983 volubilis
609 930 730 1002 aptetur
753 921 862 995 rotula,
886 921 915 981 in
933 940 992 1002 qua
1009 921 1199 1001 postmodum
1220 922 1358 985 circellos
1378 941 1416 984 ex
1434 930 1546 1004 puncto
1567 921 1720 984 affixionis

350 1030 452 1075 sumus
476 1011 665 1091 descripturi.
707 1011 755 1072 Ex
779 1011 877 1071 altera
899 1018 986 1090 parte
1010 1011 1126 1072 rotulae
1149 1012 1321 1089 promineat
1344 1011 1443 1087 index,
1468 1011 1555 1092 cujus
1580 1019 1720 1074 extrema

353 1102 434 1163 linea
464 1120 502 1161 ex
531 1109 633 1163 centro
662 1100 778 1161 rotulae
808 1106 912 1168 exeat,
941 1099 1128 1179 longitudine
1162 1106 1266 1175 tanta,
1303 1107 1337 1164 ut
1359 1100 1389 1162 in
1412 1100 1554 1163 circulum
1583 1099 1719 1162 tabellae

354 1191 510 1270 pertingat
533 1197 565 1249 et
587 1189 704 1251 rotulae
729 1188 923 1250 conversione
946 1188 1038 1250 index
1061 1188 1091 1250 in
1114 1188 1171 1249 boc
1195 1189 1307 1252 circulo
1331 1189 1567 1252 circumferatur.
1601 1186 1720 1261 Quibus

356 1280 400 1341 sic
424 1277 607 1340 constructis
632 1277 769 1339 dimetire
789 1277 889 1338 omnia
907 1276 1112 1350 subtilissime,
1138 1285 1172 1338 ut
1195 1277 1224 1339 in
1249 1297 1316 1341 meo
1338 1278 1538 1340 instmmento
1560 1278 1630 1341 feci.
1661 1278 1719 1341 Ubi

357 1369 396 1429 ad
419 1386 504 1429 usum
529 1377 651 1428 ventum
675 1366 747 1439 erit,
776 1366 875 1427 canali
899 1367 979 1428 intus
1004 1367 1088 1446 nigro
1112 1366 1171 1428 iter
1197 1367 1321 1431 tabellis
1345 1367 1536 1448 interjectum
1559 1368 1646 1443 vela,
1677 1368 1720 1428 sic

356 1465 390 1520 ut
413 1456 551 1536 nuspiam
584 1456 643 1518 luci
674 1463 782 1536 pateat
809 1455 964 1535 ingressus
995 1457 1053 1518 nisi
1083 1475 1137 1535 per
1161 1455 1354 1520 fenestellam
1378 1456 1540 1536 superioris
1564 1456 1718 1518 tabellae:

358 1545 591 1608 instrumentum
614 1564 685 1607 vero
710 1545 753 1606 sic
777 1544 917 1619 colloces,
943 1552 976 1607 ut
999 1565 1036 1606 ea
1059 1563 1130 1624 pars
1154 1546 1285 1626 regulae,
1311 1565 1389 1627 quae
1413 1564 1504 1626 supra
1526 1546 1719 1608 columellam

358 1642 421 1709 est,
445 1654 512 1696 cum
536 1635 635 1697 canali
659 1641 688 1695 et
714 1634 828 1695 tabella
852 1633 926 1696 foris
950 1636 990 1695 sit
1013 1644 1100 1696 extra
1124 1652 1245 1697 scenam
1269 1636 1298 1698 in
1324 1640 1429 1716 aperto
1453 1641 1538 1709 atre,
1571 1634 1718 1716 reliquum

356 1724 437 1786 intra
450 1723 480 1784 iu
500 1723 633 1786 tenebris
649 1723 805 1804 possitque
820 1722 913 1784 libere
933 1725 1077 1786 converti.
1101 1722 1145 1783 Et
1164 1724 1205 1785 sit
1225 1725 1369 1800 fenestra,
1390 1742 1466 1805 quae
1481 1723 1618 1803 regulam
1639 1723 1720 1786 foras

357 1812 470 1874 emittit
493 1812 523 1872 in
548 1820 657 1888 aerem,
682 1812 758 1874 bene
783 1811 976 1875 circumcirca
998 1797 1180 1875 com'muuita
1204 1823 1309 1876 contra
1333 1815 1439 1877 lucem.

446 1901 643 1964 Problema
674 1903 715 1963 Π.
771 1901 996 1963 Diametrum
1031 1901 1137 1964 Solis
1170 1901 1338 1966 dimetiri
1371 1903 1635 1964 instrumento.
1687 1900 1720 1962 Id

357 1992 475 2072 quidem
495 2009 550 2071 per
570 1989 601 2054 8.
618 1999 649 2053 et
669 1989 699 2053 9.
722 1990 845 2052 secundi
866 1990 976 2071 capitis
995 1992 1059 2053 fieri
1078 1990 1107 2051 in
1128 2009 1237 2070 genere
1256 1998 1363 2072 posset
1381 1991 1411 2053 in
1430 2009 1607 2072 quocunque
1627 1989 1720 2056 radio,

355 2100 409 2161 per
432 2082 598 2143 fenestram
622 2098 826 2161 quamcunque
847 2079 940 2141 etiam
964 2080 1142 2160 quadratam
1166 2080 1339 2143 intromisso
1347 2101 1357 2156 ;
1382 2088 1514 2143 ceterum
1538 2098 1647 2140 sensus
1671 2079 1721 2140 hic

355 2170 603 2232 mathematicam
636 2168 836 2231 subtilitatem
865 2188 923 2230 nou
953 2178 1130 2249 sequuntur,
1160 2170 1214 2230 sed
1239 2169 1329 2251 (Cap.
1356 2166 1463 2245 1,29)
1494 2168 1721 2230 extremitatem

360 2258 481 2338 speciei,
506 2260 545 2320 ad
569 2278 644 2339 quas
667 2275 782 2338 paucae
803 2258 839 2319 de
854 2257 926 2319 Sole
950 2258 1116 2338 particulae
1140 2257 1270 2329 radiant,
1294 2278 1352 2321 non
1369 2257 1628 2338 comprehendunt
1649 2276 1721 2338 prae

357 2347 498 2409 claritate
528 2348 773 2410 intermediarum
796 2346 907 2426 speciei
931 2347 1074 2427 partium,
1107 2346 1244 2426 adquae
1268 2348 1389 2409 radiant
1412 2366 1516 2408 omnes
1541 2344 1627 2408 Solis
1649 2364 1721 2426 par·

360 2437 480 2498 ticulae.
518 2438 584 2499 Hoc
599 2435 778 2517 Tychouicis
799 2456 853 2498 usu
874 2437 966 2505 veuit,
991 2438 1060 2498 dum
1081 2435 1165 2496 radio
1189 2436 1308 2515 quidem
1332 2436 1379 2499 usi
1399 2445 1478 2511 sunt,
1503 2435 1559 2497 sed
1575 2435 1721 2497 foramine

355 2526 561 2607 quadrangulo
578 2535 609 2587 et
623 2524 768 2604 ampliori,
790 2545 878 2606 quam
893 2534 926 2586 ut
940 2525 1077 2604 plenaria
1091 2524 1265 2587 intersectio
1280 2526 1343 2588 fieri
1358 2524 1491 2606 potuerit
1504 2522 1600 2603 (Cap.
1613 2524 1661 2595 11,
1676 2518 1720 2598 6).

447 2615 634 2696 Disponatur
659 2616 761 2695 itaque
783 2615 1015 2676 instrumentum
1039 2622 1069 2674 et
1089 2614 1193 2693 regula
1213 2614 1328 2677 feratur
1351 2616 1380 2677 in
1401 2634 1509 2693 corpus
1526 2611 1620 2687 Solis,
1646 2613 1722 2694 quod

362 2704 397 2765 lit
419 2704 531 2784 duplici
563 2704 741 2786 gyratione,
775 2703 873 2765 altera
905 2704 1027 2783 regulae
1051 2720 1141 2781 super
1163 2704 1338 2779 columella,
1368 2704 1465 2766 altera
1489 2702 1668 2764 columellae
1693 2711 1723 2762 et

358 2794 486 2855 transtri
510 2814 600 2875 super
623 2792 797 2855 azimutbali
821 2792 1037 2874 quadrangulo.
1085 2789 1140 2852 Sol
1165 2793 1266 2873 itaque
1295 2792 1478 2873 superiorem
1503 2792 1653 2853 tabellam
1676 2790 1722 2852 di-

358 2891 442 2943 recte
466 2883 576 2945 feriens
599 2882 700 2944 radios
724 2882 866 2944 demittet
887 2901 943 2961 per
966 2880 1095 2943 laminae
1116 2881 1305 2943 fenestellam
1332 2891 1364 2944 et
1386 2880 1523 2944 canalem
1549 2881 1580 2941 in
1600 2899 1721 2942 seennn

358 2970 448 3051 inque
471 2971 616 3034 tabellam
640 2972 828 3045 inferiorem,
854 2971 1071 3050 rotundamque
1095 2970 1212 3033 creabit
1235 2971 1365 3052 speciem
1390 2970 1558 3050 superficiei
1584 2969 1721 3032 illustra·

358 3068 408 3120 tae
433 3059 524 3141 (Cap.
549 3062 588 3135 lI,
614 3055 660 3135 ll).
708 3062 769 3123 Ubi
800 3061 877 3121 hanc
909 3060 1041 3143 speciem
1069 3059 1180 3121 videris
1211 3061 1340 3132 (radium
1366 3059 1586 3139 appellabimus
1611 3066 1717 3139 porro)

360 3167 434 3227 cape
457 3149 584 3230 primurn
609 3150 719 3213 circino
744 3151 807 3230 ejus
832 3149 1011 3211 diametrum
1036 3168 1123 3229 quam
1146 3156 1233 3228 potes
1258 3150 1432 3229 aptissime.
1465 3148 1527 3210 Sed
1552 3149 1624 3227 quia
1648 3147 1721 3210 titu-

364 3236 447 3299 batio
472 3247 502 3299 te
526 3240 678 3321 impediet,
704 3238 826 3301 dimidio
850 3239 914 3318 ejus
939 3239 1016 3318 quod
1035 3238 1145 3299 circino
1170 3239 1276 3319 cepisti
1300 3259 1338 3300 ex
1357 3246 1460 3301 centro
1476 3237 1612 3299 tabellae
1632 3238 1722 3317 (quae

368 3333 418 3388 est
443 3328 508 3391 loco
531 3330 673 3411 parietis)
708 3329 804 3390 scribe
838 3328 1004 3403 circellum,
1039 3347 1132 3406 eoque
1161 3328 1289 3407 aliquem
1317 3327 1523 3408 augustiorem
1554 3326 1664 3405 exiguo
1694 3334 1723 3387 et

1005 3435 1120 3478 rursum
1152 3417 1307 3490 laxiorem,
1341 3425 1529 3497 quotcunque
1562 3414 1619 3477 tibi
1650 3434 1722 3495 opus

1005 3525 1072 3566 esse
1109 3506 1272 3583 putaveris.
1332 3507 1405 3567 lude
1445 3505 1572 3584 explora
1608 3523 1722 3567 rursum

1007 3613 1163 3674 quemnam
1197 3616 1234 3657 ex
1264 3595 1426 3675 descriptis
1458 3592 1589 3656 circellis
1623 3594 1722 3656 radius

1005 3692 1124 3764 aequet.

1095 3772 1144 3834 Sit
1177 3789 1249 3851 ergo
1281 3772 1338 3833 AB
1375 3771 1600 3833 semidiameter
1639 3771 1722 3832 fene·

1005 3862 1132 3935 stellae,
1157 3860 1217 3921 ΑΚ
1241 3862 1464 3922 semidiameter
1486 3860 1580 3934 radii,
1611 3868 1642 3921 et
1666 3861 1725 3922 sint

1006 3949 1072 4025 ΚΟ,
1087 3951 1144 4011 ΒΑ
1159 3951 1311 4028 aequales.
1349 3951 1431 4030 Ergo
1447 3947 1503 4012 Ac
1521 3948 1615 4029 (Cap.
1632 3950 1673 4023 II,
1690 3944 1723 4022 6)

913 4069 956 4152 2
1006 4047 1054 4100 est
1077 4038 1243 4118 amplitudo
1273 4039 1383 4119 speciei
1413 4058 1467 4119 per
1489 4039 1610 4101 unicum
1639 4039 1723 4100 fene·

915 4112 928 4139 ''
962 4131 976 4175 ὓ
1003 4129 1111 4191 stellae
1136 4138 1277 4207 puuctum
1303 4129 1511 4191 descensurae.
1556 4126 1634 4191 Cum
1652 4147 1723 4190 uero

915 4220 940 4240 ²
1005 4218 1215 4279 extremitates
1231 4218 1306 4280 radii
1323 4227 1355 4280 et
1371 4217 1504 4297 corporis
1519 4216 1603 4280 Solis
1618 4217 1724 4280 iisdem

939 4293 946 4325 ¹
1004 4307 1095 4368 rectis
1126 4314 1291 4386 tangantur
1324 4310 1409 4380 (uam
1440 4326 1495 4385 per
1526 4305 1605 4389 Cap.
1635 4308 1664 4382 l,
1694 4304 1723 4369 l.

1003 4396 1101 4457 lineae
1120 4395 1195 4457 lucis
1214 4403 1316 4457 rectae
1340 4400 1435 4471 sunt),
1457 4397 1558 4474 anguli
1584 4397 1677 4477 igitur
1697 4396 1724 4456 iu

1003 4492 1113 4567 puncto
1154 4486 1332 4547 fenestellae
1374 4485 1533 4565 imaginati
1575 4494 1647 4549 sunt
1687 4486 1724 4546 ad

1005 4574 1130 4636 eundem
1164 4575 1307 4638 verticem
1348 4586 1379 4636 et
1420 4574 1575 4655 aequales.
1631 4576 1723 4638 Oculo

1008 4665 1098 4743 igitur
1131 4665 1280 4725 collocato
1311 4667 1376 4727 loco
1411 4665 1592 4728 fenestellae
1623 4666 1723 4727 eodem

367 4758 477 4837 angulo
502 4764 532 4817 et
556 4753 611 4817 AC
636 4755 715 4818 infra
738 4763 770 4817 et
792 4754 1016 4818 semidiameter
1039 4752 1121 4815 Solis
1146 4773 1236 4832 supra
1260 4765 1408 4816 cernetur.

458 4846 623 4909 Subtracta
646 4845 747 4926 itaque
770 4844 827 4906 AB
852 4846 900 4905 vel
924 4843 979 4906 CK
1004 4843 1226 4908 semidiametro
1251 4862 1288 4904 ex
1305 4844 1364 4905 Al(
1389 4843 1618 4907 semidiametro
1641 4843 1721 4914 radii,

371 4934 555 5014 relinquetur
577 4932 652 5009 AC,
685 4951 850 5014 quaecum
875 4932 1020 4996 distantia
1054 4931 1233 4994 tabellarum
1265 4933 1389 4995 exbibet
1420 4933 1564 5012 angulum
1593 4934 1720 4995 visionis.
