3692 5842
804 488 836 539 os
854 486 936 540 staua
952 486 1033 539 aava
1534 481 1595 553 591

236 661 320 728 Sunt
342 662 421 725 enim
445 661 578 724 infinitae
602 663 809 743 proportiones
833 665 928 745 ipsius
951 664 1100 738 musicae,
1129 664 1183 724 sed
1212 681 1318 724 revera
1341 662 1542 745 drupparum,
1566 671 1600 746 nt

238 751 292 826 55,
319 748 372 827 60,
398 747 461 824 66;
485 751 529 812 sic
553 749 604 827 78,
630 749 683 829 84,
707 750 767 827 91;
796 754 840 815 ιιι
865 751 917 830 30,
943 750 1072 822 35.‹12.
1099 786 1138 795 -
1163 752 1313 813 Patauino
1343 753 1388 815 illi
1414 752 1599 834 'philosopho

238 860 348 904 nomeu
373 848 422 906 eet
444 839 610 902 Antonio
633 842 833 903 Laurentio
857 843 900 904 de
923 843 1048 904 Monte
1072 841 1264 904 Pulciano.
1291 873 1332 883 —

329 936 494 1000 Stellarum
510 937 616 1017 globos
635 949 725 1018 putas
746 941 922 1019 purissimos
948 941 1255 1020 simplicissimosque,
1279 938 1351 1001 mibi
1371 939 1509 1000 videntur
1531 959 1599 1003 esse

234 1026 354 1088 similes
378 1036 502 1089 nostrae
527 1028 666 1089 Telluris.
705 1028 749 1090 Tu
773 1030 983 1109 philosophum
1008 1030 1124 1108 allegas
1148 1028 1361 1108 philosophus:
1387 1029 1412 1089 si
1432 1039 1599 1107 rogaretur,

234 1116 459 1196 experientiam
485 1114 609 1176 diceret.
646 1115 691 1177 At
705 1126 789 1178 tacet
812 1118 1007 1198 experientia,
1034 1139 1100 1180 curn
1120 1137 1205 1180 nemo
1230 1117 1269 1178 ibi
1295 1116 1403 1191 fuerit;
1428 1116 1519 1196 igitur
1543 1137 1599 1180 nec

234 1213 333 1285 negat
354 1223 411 1266 neo
435 1205 575 1267 affirmat.
620 1206 690 1284 lpse
715 1225 785 1267 vero
809 1216 1002 1285 argumentor
1024 1207 1220 1286 probabiliter
1244 1226 1262 1266 a
1283 1205 1488 1278 similitudine,
1513 1216 1544 1267 et
1568 1216 1600 1269 ut

234 1301 270 1354 ιιι
301 1292 474 1355 inductione
497 1313 518 1354 a
540 1293 644 1368 Luna,
680 1314 755 1374 quae
788 1297 882 1356 multa
915 1296 1008 1357 hahet
1040 1297 1152 1357 similia
1183 1294 1385 1357 terrestribus.
1434 1295 1540 1374 Itaque
1569 1303 1600 1356 et

236 1381 393 1444 humorem
409 1382 508 1443 stellis
522 1382 631 1456 tribuo,
656 1391 688 1444 et
707 1383 853 1463 regiones,
877 1404 953 1465 quae
970 1386 1007 1445 ab
1028 1385 1219 1446 exhalatione
1243 1383 1356 1443 humori
1381 1383 1590 1461 compluantur

235 1479 270 1532 ιι
300 1478 457 1532 creaturas
491 1469 646 1547 viventes,
679 1472 785 1552 quibus
816 1473 845 1535 id
877 1474 1002 1535 utilitati
1037 1473 1126 1534 cedit.
1182 1474 1247 1533 h'ec
1276 1471 1353 1532 enim
1382 1472 1463 1533 solus
1495 1472 1599 1534 infelix

237 1557 294 1620 ille
318 1558 481 1632 Brunus,
513 1560 616 1640 prunis
648 1569 746 1621 tostus
769 1561 904 1634 Romae,
937 1563 990 1624 sed
1024 1563 1116 1623 etiam
1139 1561 1314 1622 Braheus
1345 1579 1429 1622 meus
1459 1560 1488 1621 iu
1521 1561 1599 1623 hanc

233 1647 295 1710 ivit
319 1648 522 1722 seutentiam,
557 1666 624 1709 esse
648 1650 746 1711 stellis
770 1649 894 1712 incolas.
943 1652 977 1712 Id
1002 1670 1058 1730 ego
1082 1659 1168 1712 tanto
1200 1648 1341 1709 libentius
1365 1668 1489 1728 sequor,
1521 1651 1598 1729 quod

230 1742 270 1798 ut
293 1736 436 1815 planetas
460 1736 504 1797 sic
528 1737 677 1798 Tellurem
702 1739 791 1799 etiam
817 1740 887 1801 ferri
911 1741 1027 1800 affirmo
1051 1759 1116 1800 cum
1140 1738 1330 1799 Aristarcho.
1362 1736 1430 1807 Quo
1453 1738 1598 1819 principio

232 1824 342 1906 posito
366 1824 440 1886 nibil
464 1832 512 1885 est
535 1839 609 1902 opus
633 1825 804 1888 adscribere
829 1839 960 1889 motuum
986 1848 1051 1889 curn
1070 1827 1141 1889 Sole
1166 1826 1386 1906 colligationem
1410 1828 1598 1908 sympathiae

233 1912 440 1993 magneticae.
485 1912 566 1976 Nam
589 1915 654 1975 sine
679 1935 733 1977 usu
757 1916 882 1978 rationis
907 1917 1061 1996 colligatio
1085 1915 1148 1978 fieri
1172 1935 1230 1976 uon
1258 1924 1364 1994 posset
1378 1915 1472 1977 Terra
1496 1918 1597 1995 quies·

234 2013 349 2076 eeute3
373 2020 500 2081 magnes
523 2021 595 2063 vero
619 2015 704 2066 caret
727 2025 779 2065 usu
805 2007 947 2066 rationis:
973 2007 1109 2084 quodque
1134 2006 1206 2083 agit,
1231 2022 1289 2064 non
1314 2003 1520 2073 circularibus,
1544 2006 1598 2066 sed

232 2090 332 2154 rectis
357 2091 422 2170 agit
447 2091 544 2163 lineis,
568 2100 601 2152 ut
620 2094 765 2154 materiae
790 2096 899 2156 solent.
937 2093 1000 2155 Sed
1014 2113 1069 2155 nec
1094 2095 1136 2155 ita
1152 2103 1208 2163 est,
1232 2112 1288 2153 non
1314 2094 1597 2154 accommodantes

231 2179 429 2260 planetarum
460 2188 559 2241 motus
592 2180 636 2242 ita
667 2182 810 2261 praecise
837 2202 952 2262 unoque
982 2192 1013 2244 et
1041 2182 1146 2245 eodem
1179 2182 1266 2243 modo
1297 2182 1335 2242 ad
1359 2179 1470 2243 Solem.
1518 2182 1597 2244 Allis

231 2267 317 2330 euim
348 2277 381 2329 et
413 2267 482 2329 aliis
515 2268 590 2330 locis
620 2270 811 2349 perficiuntur
844 2272 993 2333 stationes
1027 2281 1058 2332 et
1086 2270 1206 2333 similia.
1253 2268 1372 2331 Snlficit
1402 2270 1492 2349 igitur
1525 2271 1597 2333 mihi

230 2375 329 2420 unsa
352 2357 555 2436 colligationis
580 2377 598 2418 a
622 2357 789 2439 Coperuico
812 2361 911 2433 dicta,
943 2369 1040 2422 motus
1063 2361 1206 2421 videlicet
1231 2359 1376 2432 Telluris,
1402 2378 1479 2438 quae
1503 2379 1597 2439 usqne

231 2446 273 2507 ad
297 2444 518 2507 minutissimos
542 2448 644 2526 apices
668 2448 832 2509 satisfacit.
871 2450 917 2509 Dc
942 2457 1042 2510 cetero
1052 2457 1161 2510 -motus
1185 2450 1374 2527 planetarum
1394 2448 1456 2527 ipse
1481 2468 1597 2527 quoque

230 2534 376 2596 adscribo
407 2534 587 2612 magneticis
620 2536 781 2597 virtutibus
807 2548 838 2598 ut
861 2539 1037 2615 plurimum
1071 2539 1123 2598 sed
1148 2537 1218 2598 illae
1246 2536 1375 2597 uirtutes
1406 2538 1596 2614 magneticae

231 2622 308 2684 mihi
342 2622 429 2684 lineis
459 2624 551 2684 rectis
582 2636 762 2701 operantur,
797 2627 838 2686 nti
873 2628 990 2700 solent,
1022 2635 1053 2686 et
1077 2627 1164 2686 modo
1197 2625 1477 2703 comprehensibili,
1507 2627 1595 2686 modo

230 2712 361 2782 usitato,
387 2729 534 2790 quemque
564 2712 777 2791 experimentis
801 2715 830 2774 in
860 2716 954 2776 Terra
983 2715 1200 2794 deprehendas.
1248 2711 1364 2784 Quodsi
1398 2714 1467 2791 quid
1499 2714 1596 2787 video,

231 2810 266 2862 ta
291 2800 371 2861 lecto
403 2817 469 2860 meo
503 2800 578 2861 libro
603 2802 639 2861 de
668 2803 769 2863 Marte
803 2802 928 2863 habebis
960 2822 1018 2883 quo
1052 2804 1281 2881 persuadeatis,
1317 2823 1335 2863 a
1362 2821 1409 2862 me
1428 2803 1596 2882 'lastigium

228 2889 368 2952 coeleste
400 2888 572 2967 impositum
595 2888 804 2971 philosophias
831 2892 1020 2971 magneticae
1046 2891 1187 2965 Gilberti,
1213 2892 1259 2953 cui
1285 2891 1347 2971 ipse
1372 2891 1597 2953 fundamentum

231 2987 381 3058 posuerat
405 2984 558 3039 terrestre.

322 3066 370 3127 De
395 3066 486 3126 stella
510 3065 579 3127 Ceti
603 3067 720 3139 videbo,
745 3069 829 3128 etad
849 3067 1018 3129 Fabricium
1043 3068 1182 3129 scribam.
1221 3070 1290 3146 Ipse
1314 3068 1434 3147 quidem
1457 3068 1596 3143 affirmat,

232 3155 426 3236 disparuisse
449 3153 567 3215 lterum.

326 3240 413 3304 (Quae
431 3250 566 3307 sequuntur
584 3242 699 3307 legantur
717 3243 742 3290 ιιι
761 3249 847 3292 annot.
869 3240 912 3292 ³5.
932 3252 958 3293 et
977 3242 1034 3306 Opt.
1054 3244 1070 3291 l.
1091 3241 1125 3303 c.)

322 3322 362 3372 Ex
379 3322 567 3387 Brenggeri
584 3323 742 3386 responsione
762 3321 795 3383 (d.
818 3323 841 3371 d.
863 3321 887 3371 7.
906 3322 992 3372 hlartii
1014 3319 1092 3383 1608)
1114 3322 1178 3373 baec
1207 3322 1298 3372 addere
1324 3323 1423 3385 placet:
1452 3322 1552 3383 Scribis,
1571 3333 1597 3375 te

229 3400 352 3460 aspectus
371 3393 591 3451 extraordinarios,
615 3394 755 3458 quintilem,
781 3394 934 3457 hiqnintilem
954 3402 978 3442 ιι
997 3394 1157 3457 sesquadrum
1177 3394 1208 3443 ab
1228 3395 1380 3456 experientia
1406 3396 1598 3460 meteorologica

229 3465 410 3530 comprobatos
427 3463 538 3514 habere:
557 3465 661 3528 optarim
682 3479 740 3528 ego,
760 3466 833 3527 hujus
853 3465 1020 3527 experientias
1039 3466 1162 3529 specimen
1183 3465 1277 3519 ridere,
1298 3479 1356 3512 nam
1375 3465 1400 3512 in
1419 3472 1490 3514 tantu
1510 3482 1595 3529 espec·

228 3545 306 3590 ιιιιιιιι
325 3548 428 3585 numero
447 3543 473 3584 et
491 3536 626 3591 varietata,
655 3537 696 3599 qui
715 3550 811 3599 semper
838 3541 982 3592 occurrunt,
1010 3535 1052 3585 ubi
1078 3537 1186 3584 incertus
1205 3537 1237 3583 sis
1257 3536 1295 3584 cui
1322 3549 1405 3583 sorum
1433 3537 1597 3587 mutationem

229 3609 348 3674 aliquam
373 3607 439 3656 ιιιιι
456 3605 598 3661 adscribas,
627 3608 711 3655 nescio
729 3607 850 3671 quomodo
878 3609 1071 3670 experimentum
1099 3621 1188 3669 capere
1215 3607 1320 3656 debeam
1339 3606 1376 3654 vel
1396 3608 1472 3655 etiarn
1498 3610 1595 3671 possim.

231 3679 310 3744 Quod
329 3692 387 3728 vero
405 3678 502 3742 reliquis
521 3685 578 3728 octo
597 3678 762 3742 superaddere
776 3681 812 3727 ris
826 3678 984 3735 bissextilem,
1003 3679 1087 3727 hortor
1104 3678 1202 3736 saltem,
1223 3691 1313 3726 careas
1330 3692 1363 3725 ne
1374 3679 1399 3724 in
1419 3677 1596 3740 locupletandis

230 3750 378 3817 aspectibus
397 3749 499 3798 nimium
518 3750 552 3797 sis
569 3747 685 3799 liberalis.
723 3749 749 3800 Si
769 3752 834 3799 enim
852 3751 1001 3814 proportioni
1023 3747 1065 3811 Ἃ,
1087 3750 1167 3798 locum
1186 3749 1297 3804 dederis,
1325 3750 1460 3811 irrumpent
1479 3756 1504 3798 ιι
1522 3751 1596 3807 ιιιιι,

230 3837 255 3875 a.
275 3837 302 3890 3·
325 3817 372 3882 Ἃ.
386 3827 413 3869 et
427 3815 483 3884 'lm
501 3834 605 3884 quarum
623 3820 666 3869 illa
685 3819 729 3871 dat
746 3821 900 3871 harmoniam
918 3820 1076 3885 terdiapason
1090 3835 1145 3870 cum
1164 3821 1257 3876 ditono,
1277 3826 1303 3868 et
1320 3819 1383 3868 baec
1403 3820 1521 3883 diapason
1541 3836 1597 3871 oum

229 3892 393 3945 semidiwao.
431 3889 474 3939 Sic
499 3899 525 3939 et
546 3887 588 3954 ³1„
619 3892 669 3940 slve
698 3891 855 3955 disdiapason
885 3907 939 3942 cum
968 3892 1140 3948 diatessaron,
1168 3898 1197 3940 ut
1225 3891 1287 3940 alias
1313 3891 1405 3939 multas
1432 3899 1596 3954 praeteream.

229 3965 325 4030 bigas
352 3976 441 4012 vocum
459 3963 485 4011 ιιι
504 3962 638 4011 harmoniis
666 3964 815 4013 considerari
842 3979 914 4028 posse
949 3979 998 4012 uon
1026 3978 1107 4029 nego:
1136 3963 1179 4012 sed
1198 3978 1283 4012 earum
1309 3962 1529 4012 considerationem
1548 3979 1598 4013 noa

227 4035 405 4090 ιοοιιιιιιιιιι
423 4047 478 4082 esee
496 4035 635 4084 conando:
661 4041 713 4084 tum
731 4037 791 4099 quia
807 4038 883 4085 tortia
901 4050 947 4084 vox
966 4035 1026 4084 nihil
1045 4036 1143 4085 coulert
1161 4034 1194 4084 ad
1211 4034 1383 4091 harmoniam,
1408 4042 1461 4083 tum
1480 4036 1537 4098 quia
1555 4036 1598 4085 ills

227 4109 288 4176 ipsa
305 4105 433 4156 interdum
451 4111 490 4154 ιιι
508 4094 697 4173 ἇναρμοσιις,
715 4107 837 4156 interdum
856 4107 930 4170 plane
949 4107 1025 4156 nulla
1063 4105 1120 4156 Non
1139 4107 1237 4170 quidem
1255 4121 1294 4155 rna
1312 4106 1385 4160 latet,
1404 4107 1424 4153 si
1443 4106 1535 4156 chorda
1554 4109 1597 4158 AB

227 4183 334 4230 exesus
352 4175 435 4232 iac,
455 4175 576 4242 triplicem
594 4192 665 4240 posse
687 4178 783 4226 institui
811 4177 986 4233 collationem,
1013 4185 1066 4225 tum
1083 4180 1189 4240 partium
1209 4180 1273 4226 inter
1291 4193 1333 4233 se,
1354 4176 1396 4223 AC
1416 4176 1447 4224 ad
1468 4175 1525 4231 CB,
1545 4184 1598 4225 turn

227 4249 363 4312 utusque
388 4247 490 4295 seorsim
518 4260 573 4295 cunr
602 4254 673 4305 tota,
701 4257 730 4297 ut
747 4248 799 4302 AC,
819 4250 864 4298 AB
884 4255 910 4297 et
929 4247 980 4307 CB,
1002 4248 1054 4298 ΑΒ
1091 4247 1151 4297 Esto
1179 4255 1233 4295 tuta
1261 4247 1352 4296 chorda
1377 4245 1420 4294 AB
1445 4243 1596 4309 3ιιιιιιιιιιιι,

227 4327 392 4386 quaem
410 4320 492 4379 malas
511 4318 554 4366 CB
573 4320 675 4368 duarum
695 4322 809 4383 partium.
848 4320 919 4369 Haec
938 4322 1061 4383 proportio
1083 4317 1238 4368 harmoniam
1258 4318 1302 4366 dat
1320 4319 1452 4398 diapente,
1478 4319 1518 4365 cui
1536 4318 1596 4366 nihil

228 4393 306 4444 deest
325 4390 417 4440 adsui
435 4388 621 4452 perleoa'onem,
640 4392 729 4455 cuique
746 4393 898 4454 comparatio
916 4391 1007 4441 residui
1026 4392 1148 4454 segmenti
1166 4392 1217 4438 ιιιι
1234 4404 1290 4438 cum
1308 4395 1363 4437 tota
1379 4389 1431 4436 sire
1444 4402 1500 4438 cum
1519 4389 1597 4439 altero

229 4469 366 4530 meato
384 4459 445 4510 nihil
465 4459 568 4509 confert.
606 4461 760 4512 Bisecetur
751 4477 804 4524 Jam
830 4462 922 4512 chorda
942 4463 1011 4512 AB'
1006 4479 1030 4511 m
1051 4461 1070 4511 C
1089 4471 1115 4511 et
1133 4463 1165 4509 ιιι
1184 4468 1238 4509 ιοιι
1256 4461 1301 4509 AB
1321 4458 1395 4522 dupla
1414 4459 1445 4507 ad
1466 4458 1517 4514 CB,
1538 4475 1595 4509 con-

229 4533 354 4586 Ιιιιιιιιιιιι
373 4533 422 4582 erit
440 4529 568 4593 diapason.
606 4533 653 4582 llic
673 4535 752 4597 trigae
771 4548 820 4582 ιιοιι
840 4541 878 4582 ιιι
896 4534 981 4583 lucus:
1012 4536 1058 4583 etsi
1078 4533 1142 4581 enim
1161 4531 1247 4594 triplex
1276 4531 1352 4594 possit
1380 4530 1473 4578 institui
1498 4530 1597 4579 collatio

230 4610 420 4672 mentorum
438 4602 503 4650 incer
521 4615 547 4651 se
566 4611 592 4653 et
611 4619 666 4652 eum
685 4611 751 4662 tota,
771 4610 923 4654 tamennon
944 4606 1035 4656 dantur
1052 4612 1102 4653 tres
1120 4602 1294 4665 symphoniae,
1321 4600 1440 4665 siquidem
1459 4602 1522 4650 ratio
1543 4601 1596 4658 AB,

232 4675 279 4728 All
297 4682 324 4725 et
343 4675 400 4731 ΔΒ,
420 4672 464 4724 ΟΒ
481 4679 521 4722 ιιι
538 4675 635 4732 eadem,
654 4684 681 4725 st
697 4675 826 4725 harmonia
845 4677 942 4732 eadem,
959 4679 1007 4726 nisi
1025 4678 1095 4725 dicas
1113 4675 1232 4736 diapason
1252 4671 1350 4721 differre
1369 4685 1386 4721 a
1404 4672 1531 4734 diapason
1568 4671 1596 4719 In

233 4749 339 4800 sabano
359 4745 496 4797 massanis
514 4749 603 4812 algam
622 4756 730 4802 mutam,
758 4761 822 4812 quae
841 4756 898 4798 utut
915 4751 942 4797 iu
959 4749 1109 4814 geometria,
1136 4746 1178 4794 ubi
1197 4746 1291 4793 numeri
1320 4745 1438 4793 abstracti
1458 4745 1598 4792 amaturis

237 4819 436 4873 eruderantur,
455 4817 554 4868 admitti
572 4827 672 4883 posset,
691 4827 776 4868 tamen
794 4820 820 4867 in
838 4821 951 4876 musica,
978 4821 1017 4868 ubi
1036 4818 1203 4899 proportiones
1222 4816 1343 4864 materiae
1371 4814 1596 4873 accommodantur,

236 4887 315 4942 baum
333 4905 387 4941 noa
405 4887 490 4938 habet.
516 4889 684 4955 Requiruntur
702 4890 734 4940 ad
751 4889 906 4939 harmoniam
926 4890 1125 4941 constituendam
1143 4888 1269 4936 minimum
1289 4887 1353 4936 duae
1373 4901 1452 4935 voces.
1479 4887 1513 4933 At
1531 4885 1597 4932 vocis

238 4973 292 5012 m
309 4977 361 5013 aon
380 4973 442 5009 voce
469 4959 550 5010 nullus
570 4968 608 5009 est
626 4967 769 5019 concentus,
797 4975 873 5027 quare
896 4975 943 5011 nec
969 4961 1113 5017 harmonia,
1140 4965 1166 5008 et
1189 4958 1291 5024 proinde
1317 4958 1386 5007 nulla
1402 4956 1443 5005 ιιι
1468 4960 1506 5004 est
1524 4956 1596 5018 triga

241 5032 308 5084 holds
326 5032 393 5100 quod
414 5029 711 5097 ¹l12propora’o,qusm
729 5039 757 5084 ιιι
775 5033 892 5084 bissextili
912 5033 1023 5096 mpeoml
1051 5045 1195 5094 comparas,
1221 5030 1322 5081 residua
1339 5029 1416 5080 habet
1432 5018 1597 5093 α’νιρμοσῐα
