3692 5842
729 506 760 558 de
778 508 849 557 rebus
867 507 970 573 Opticis.
1482 508 1527 579 57

253 681 454 762 Keplerus:
477 684 583 765 Negas
607 684 790 747 densitatem
806 693 977 766 competere
1002 687 1184 766 superficiei:
1211 690 1310 751 reluta
1333 689 1425 769 igitur
1438 709 1523 772 prop.

167 766 218 832 13.
244 788 313 851 cap.
329 770 354 833 l.
378 772 437 833 mei
460 773 542 835 libri.
587 773 653 836 Nec
677 776 773 836 omnis
797 775 933 837 densitas
958 783 1005 837 est
1029 795 1122 839 causa
1145 778 1344 851 retractionis,
1369 781 1422 841 sed
1448 781 1524 841 den-

161 858 243 920 sitas
266 867 416 941 quatenus
439 862 596 943 superficie
620 862 795 939 terminate,
821 864 900 926 alias
925 865 1001 926 radii
1025 867 1054 926 in
1079 866 1172 927 denso
1197 876 1301 928 esseut
1324 869 1420 944 curvi,
1446 869 1525 950 quod

164 946 310 1011 facillime
331 950 483 1013 refutatur
506 950 702 1030 experientia.

252 1036 301 1100 De
325 1056 421 1119 aquae
443 1040 610 1118 profundae
629 1041 729 1103 colore
754 1042 902 1103 saturiore
927 1042 1034 1121 scripsi
1058 1061 1124 1122 cap.
1141 1045 1165 1104 l.
1189 1063 1235 1123 pr.
1252 1040 1307 1118 163
1332 1045 1420 1106 aliter
1444 1045 1528 1108 color

163 1124 262 1187 afficit
285 1128 381 1189 lucem
397 1129 486 1191 aliter
500 1129 651 1204 densitas,
675 1129 726 1192 ille
749 1149 803 1209 per
818 1132 1034 1209 corpulentiam
1050 1133 1123 1193 haec
1137 1151 1191 1211 per
1211 1133 1407 1212 superficiem.
1440 1133 1525 1197 Cau-

163 1233 217 1276 sas
240 1216 515 1296 experimentorum
538 1220 651 1282 tradidi
674 1227 708 1281 ut
730 1219 824 1299 potui.
1133 1243 1137 1254 ·

252 1304 300 1366 De
320 1306 502 1369 refractione
526 1316 558 1370 et
580 1327 698 1370 nummo
724 1309 842 1370 elevato
862 1327 908 1370 rue
928 1308 1041 1388 premis
1057 1308 1183 1383 acriter;
1209 1311 1414 1389 experimenta
1438 1311 1525 1385 enim,

163 1411 240 1471 quae
265 1395 371 1469 affers,
410 1414 482 1457 vera
513 1404 596 1472 sunt,
630 1397 764 1459 rationes
793 1416 864 1459 vero
889 1419 907 1458 a
931 1398 1112 1459 refractione
1149 1398 1295 1461 deductae
1338 1400 1456 1462 omnino
1489 1399 1527 1460 de

164 1481 264 1544 ferma
287 1482 467 1547 infundibuli
491 1485 682 1550 concludunt.
728 1487 805 1548 Puto
829 1486 920 1566 igitur
944 1487 987 1548 sic
1011 1506 1095 1549 esse:
1122 1506 1179 1547 uno
1204 1488 1289 1549 oculo
1313 1508 1372 1550 uon
1398 1486 1526 1549 discerni

163 1568 368 1634 elevationem
391 1574 504 1636 directe
518 1573 654 1636 intuente
675 1582 707 1637 et
719 1575 1023 1655 perpendiculariter3
1048 1577 1163 1638 duobus
1189 1596 1259 1638 vero
1285 1577 1392 1650 oculis,
1420 1576 1526 1658 quibus

154 1668 197 1741 ,et
212 1659 315 1741 imago
329 1661 473 1738 situatur,
497 1662 681 1743 impossibile
697 1674 742 1726 est
759 1664 885 1725 eandem
907 1685 968 1726 rem
985 1665 1272 1747 perpendiculariter
1291 1667 1409 1740 intueri,
1435 1684 1526 1746 quare

166 1767 273 1811 omues
296 1751 372 1813 radii
398 1752 607 1831 refringuntur.
632 1753 726 1814 Totus
752 1754 852 1833 itaque
877 1753 977 1814 discus
1000 1755 1109 1816 nummi
1128 1754 1272 1817 elevatur.
1320 1755 1445 1834 Absque
1469 1755 1526 1816 hoc

167 1838 272 1900 ridere
296 1858 354 1901 uon
377 1858 514 1920 possum,
540 1843 618 1922 quod
641 1851 731 1921 putas
755 1842 859 1921 negari
883 1862 941 1903 non
957 1861 1062 1922 posse:
1088 1844 1135 1923 qui
1151 1843 1408 1923 perpendicularis
1423 1843 1525 1904 radius
1587 1831 1601 1850 '⁵

166 1926 266 1989 citra
288 1929 499 1991 refractionem
524 1930 658 2009 patiatur
673 1951 722 2005 ea,
748 1951 824 2012 quae
839 1931 945 2011 reliqui
961 1931 1112 2009 patiuntur
1127 1940 1279 2012 propter
1303 1932 1523 1994 refractionem.
1541 1938 1543 1941 ’

255 2015 478 2083 Breoggerus:
496 2018 582 2079 Rides,
602 2020 666 2084 qued
684 2021 778 2084 scripsi,
797 2020 879 2069 radios
898 2019 961 2068 Solis
981 2026 1032 2068 tum
1052 2020 1149 2068 demum
1168 2021 1316 2077 calefacere,
1338 2026 1468 2084 postquam
1486 2020 1526 2070 vel

168 2086 346 2138 refractione·
370 2090 409 2140 rel
427 2090 584 2139 reflexionem
608 2093 674 2154 passi
691 2099 749 2140 suut
768 2090 803 2155 (p.
823 2089 877 2152 tu).
915 2092 971 2154 Eia,
999 2093 1031 2138 mi
1051 2091 1168 2154 Keplere.
1192 2093 1288 2140 utinam
1315 2106 1411 2154 semper
1430 2092 1524 2140 habeas

167 2159 235 2224 qued
253 2158 346 2210 rideas.
383 2160 434 2211 Sed
451 2162 569 2225 numquid
586 2162 693 2226 lepidum
712 2172 788 2226 caput
800 2163 838 2211 Tu
857 2178 892 2219 es,
911 2164 952 2227 qui
971 2169 1097 2225 serpentes
1116 2163 1174 2211 mihi
1193 2170 1219 2211 et
1237 2163 1371 2212 crocodilos
1390 2162 1474 2224 objicis
1494 2163 1527 2212 ad

171 2229 257 2282 Solem
278 2233 419 2295 apricautcs
437 2234 491 2283 sius
509 2232 631 2296 speculis:
649 2236 719 2298 quasi
737 2235 836 2283 reflexio
854 2234 924 2283 nulla
941 2234 993 2283 fieri
1006 2236 1083 2297 possit
1101 2234 1192 2298 absque
1206 2235 1319 2298 speculis.
1357 2235 1397 2282 An
1416 2235 1527 2297 ignoras.

165 2309 269 2366 praeter
286 2302 379 2353 Terrae
397 2306 498 2369 planum
516 2319 588 2368 rupes
607 2319 709 2370 quoque,
738 2319 808 2361 saxa,
837 2306 919 2362 colles,
939 2306 1046 2368 parietes
1066 2313 1091 2354 et
1109 2307 1209 2369 quaeris
1228 2319 1330 2369 corpora
1345 2303 1395 2354 Soli
1414 2305 1528 2368 opposita

165 2377 220 2437 elus
239 2374 323 2423 radies
342 2383 498 2439 repercutere
517 2381 543 2425 et
561 2376 667 2425 calorem
686 2377 844 2427 accumulare
863 2375 953 2440 posse?
990 2376 1063 2426 Talia
1081 2378 1156 2441 igitur
1180 2377 1333 2439 serpentibus
1352 2382 1378 2424 et
1396 2375 1524 2426 crocodilis

163 2444 270 2509 specula
288 2445 423 2496 sufficiunt
462 2447 532 2497 sude
557 2448 622 2513 quod
640 2448 702 2498 radii
722 2447 830 2503 Solares,
860 2448 916 2496 dum
943 2448 1050 2510 ipsorum
1069 2461 1172 2510 corpora
1193 2448 1284 2496 sedunt
1303 2454 1328 2495 et
1347 2454 1428 2496 cutem
1447 2462 1523 2511 peue-

164 2524 243 2571 trant.
263 2517 438 2568 refractionem
457 2520 585 2586 patiuqtur
604 2525 629 2568 et
648 2521 746 2569 refracti
766 2520 924 2568 calefaciunt.

254 2588 454 2668 Keplerus:
488 2589 653 2669 Serpentes
677 2601 766 2670 putas
791 2591 919 2671 apricari
944 2590 982 2651 ob
1006 2590 1107 2651 radios
1126 2589 1208 2662 illos,
1241 2590 1289 2668 qui
1314 2610 1332 2649 a
1355 2589 1553 2669 circumpo-.

164 2676 235 2740 sitis
260 2677 383 2757 rupibus
407 2679 656 2763 repercutiuntur.
702 2682 748 2741 At
771 2680 954 2742 contrarium
977 2687 1128 2740 testantur
1152 2679 1234 2740 edita
1258 2686 1413 2757 petentes,
1449 2698 1525 2759 quae

163 2776 336 2829 ceterarum
359 2768 489 2848 partium
514 2767 737 2848 comparatione
761 2778 832 2831 sunt
855 2770 951 2831 libera
966 2790 985 2829 a
1007 2768 1202 2847 repercussis.
1259 2768 1336 2829 Puto
1361 2768 1435 2829 nihil
1458 2769 1527 2829 illos

164 2856 224 2919 uisi
249 2855 343 2919 ictum
359 2854 441 2919 Solis
456 2877 614 2937 quaerere,
638 2858 717 2919 ictus
732 2859 800 2932 ille,
825 2858 947 2939 scripsi,
974 2857 1064 2918 fricat
1078 2857 1159 2936 ipsos
1175 2876 1231 2917 non
1257 2858 1294 2917 ob
1318 2857 1421 2918 nescio
1437 2875 1526 2937 quam

165 2945 383 3008 refractionem
407 2946 436 3008 in
461 2966 564 3027 opaco,
590 2966 679 3027 quam
703 2967 768 3009 cum
784 2946 858 3028 Cap.
875 2948 896 3008 l.
922 2966 968 3026 pr.
988 2945 1036 3009 15.
1054 2947 1283 3008 introduxissent
1300 2947 1329 3007 in
1345 2947 1425 3008 notis
1448 2945 1524 3006 titu-

163 3035 276 3097 banter
299 3033 442 3115 increpui.
491 3034 583 3098 Calor
605 3046 703 3097 cutem
728 3044 878 3116 penetrat,
908 3055 966 3096 nou
991 3036 1082 3108 radii,
1116 3035 1224 3116 quippe
1248 3054 1307 3095 nou
1332 3035 1398 3104 lux,
1433 3034 1525 3096 radiis

164 3124 247 3186 euim
271 3132 304 3185 et
327 3124 378 3185 lux
401 3124 481 3186 inest
504 3133 535 3185 et
558 3124 651 3185 calor.
699 3123 817 3187 Caloris
841 3125 973 3205 speciem
1000 3124 1173 3203 imprimunt
1200 3124 1346 3185 materiae
1369 3124 1522 3205 physicae,

163 3214 225 3276 bec
248 3212 284 3274 fit
306 3231 365 3274 nou
389 3213 504 3293 optice,
530 3214 566 3274 de
591 3233 648 3293 quo
672 3232 755 3294 prop.
771 3212 813 3276 32
832 3236 892 3288 ss,
927 3214 975 3274 ubi
1000 3214 1051 3275 lux
1074 3215 1103 3274 in
1131 3222 1281 3274 momento
1306 3214 1407 3287 adest,
1441 3213 1525 3273 calor

163 3304 363 3382 intempore.

254 3389 476 3456 Breuggerus:
504 3391 557 3447 Ais,
581 3405 621 3440 me
641 3391 771 3453 deceptum
797 3389 943 3455 allagino,
969 3389 1034 3453 quod
1060 3390 1140 3440 iocum
1168 3390 1262 3454 speculi
1281 3390 1382 3439 concaui
1401 3387 1523 3451 sphaerici

162 3463 235 3527 posui
254 3462 281 3512 in
300 3469 391 3526 quarta
408 3467 479 3525 parte
498 3461 611 3511 diametri
631 3461 666 3525 (p.
686 3459 741 3522 tu).
779 3462 832 3526 Ego
851 3477 891 3511 me
910 3462 1039 3525 deceptum
1059 3477 1107 3509 non
1126 3470 1194 3524 puto,
1217 3461 1336 3524 siqnidem
1356 3465 1422 3507 recte
1441 3459 1525 3509 docuit

162 3534 218 3593 ille,
236 3533 302 3598 qued
321 3532 447 3597 speculum
466 3547 537 3581 suum
556 3533 588 3581 ibi
607 3535 690 3582 radios
709 3531 807 3581 Solares
827 3532 928 3597 colligat
950 3539 975 3581 et
992 3533 1075 3595 ignem
1094 3533 1220 3581 incendat.
1258 3532 1315 3580 Feci
1335 3533 1388 3592 ejus
1407 3531 1441 3578 rei
1459 3530 1511 3594 peri

162 3605 249 3655 culum
269 3603 401 3668 aliquoties
429 3604 461 3652 ad
480 3603 575 3660 Solem,
602 3605 655 3653 ioco
674 3604 800 3668 praedicto
819 3606 911 3666 petiam
930 3603 996 3652 telae
1015 3603 1107 3652 linteae
1131 3603 1282 3663 adhibendo,
1310 3615 1373 3665 quae
1399 3600 1449 3650 iere
1468 3611 1525 3664 post

161 3678 275 3742 spatium
293 3677 366 3725 unius
384 3676 472 3723 minuti
492 3675 581 3724 horarii
599 3676 693 3725 fumum
713 3676 832 3733 emittere,
852 3674 942 3723 deinde
961 3689 1017 3723 mox
1036 3674 1122 3724 ardere
1142 3676 1230 3737 coepit.
1270 3676 1304 3722 At
1322 3677 1407 3722 centro
1430 3672 1524 3736 speculi

162 3748 283 3812 apposita
301 3762 333 3796 ne
352 3748 479 3795 minimum
502 3746 620 3795 iudicium
644 3748 716 3796 ullius
741 3747 847 3794 incendii
875 3746 905 3794 de
924 3761 952 3795 se
979 3745 1048 3795 dedit
1065 3747 1161 3810 integro
1188 3746 1263 3794 horae
1287 3745 1432 3808 quadrante.
1470 3742 1525 3793 Nec

160 3821 270 3876 mirum
300 3818 378 3883 digito
399 3819 463 3866 euim
491 3818 526 3867 ibi
551 3820 629 3881 posito
652 3818 712 3867 nihil
732 3817 820 3866 caloris
847 3818 927 3875 seusi;
954 3826 981 3867 at
1004 3819 1028 3866 in
1052 3826 1141 3881 quarta
1167 3818 1280 3866 diametri
1308 3816 1416 3864 locatum
1438 3816 1523 3865 statim

161 3896 267 3955 prepter
285 3891 390 3939 ustionis
409 3889 516 3939 dolorem
536 3904 659 3938 remouere
679 3896 781 3938 coactus
800 3889 843 3937 lui.

253 3961 458 4041 Keplerus:
491 3960 611 4039 Repeto
636 3961 704 4034 tibi,
739 3961 894 4039 Maginum
929 3969 981 4021 aut
1009 3960 1167 4038 deceptum
1191 3967 1244 4018 aut
1267 3957 1434 4036 decepisse.
1481 3958 1524 4019 Et

159 4051 186 4112 si
215 4049 246 4112 iu
271 4056 379 4129 quarta
403 4049 540 4111 diametri
566 4050 650 4111 focus
682 4049 751 4123 luit,
786 4049 850 4127 ipse
883 4067 954 4126 ergo
984 4049 1138 4127 speculum
1168 4068 1251 4109 suum
1277 4068 1335 4108 non
1359 4056 1442 4108 recte
1467 4047 1525 4107 de-·

159 4139 303 4220 scripsit,
329 4138 489 4200 rotundum
515 4139 617 4199 dicens
643 4138 721 4218 quod
746 4148 813 4198 erat
835 4137 1051 4215 parabolicum.

253 4226 472 4292 Breuggerue:
501 4226 619 4287 Quaeris,
640 4242 683 4276 cur
701 4226 732 4275 de
751 4227 865 4275 incendio
885 4225 964 4274 cordis
989 4224 1059 4274 aTe
1082 4226 1107 4273 iu
1126 4223 1322 4285 Paralipomenis
1342 4222 1401 4270 nihil
1419 4223 1522 4286 scripse·

110 4298 115 4306 ’
157 4301 208 4350 rim
228 4296 265 4363 (p.
286 4295 343 4359 49).
382 4297 453 4347 Scias
479 4299 567 4363 igitur,
594 4299 644 4347 alia
662 4312 758 4362 quoque
781 4298 862 4345 multa
878 4312 918 4344 rue
943 4296 1072 4352 habuisse,
1102 4309 1166 4360 quae
1185 4295 1316 4343 scribenda
1334 4295 1451 4349 luissent,
1479 4293 1525 4344 sed

157 4369 286 4436 epistolae
304 4371 368 4419 ratio
386 4369 411 4417 id
431 4384 480 4417 uon
499 4370 623 4418 sustinuit.
662 4368 728 4429 Quia
750 4375 836 4417 tamen
861 4368 891 4416 de
917 4367 965 4417 hac
991 4383 1017 4416 re
1045 4368 1195 4416 seutentiam
1220 4379 1302 4414 meam
1321 4365 1434 4427 requiris,
1466 4377 1524 4414 eam

157 4442 272 4492 menter
289 4441 406 4504 aperiam.
446 4439 472 4489 Si
492 4440 522 4489 de
541 4442 599 4504 igne
618 4440 749 4505 allegorico
768 4440 823 4487 Tibi
841 4454 920 4488 senno
940 4445 986 4494 est,
1006 4438 1079 4487 laudo
1099 4444 1124 4486 et
1142 4437 1224 4499 probo.
1262 4435 1327 4485 liam
1354 4440 1379 4482 et
1397 4434 1523 4484 Feroellus

158 4513 258 4575 (comp.
278 4511 333 4561 Vol.
346 4511 363 4560 l.
386 4509 613 4574 perurendum
638 4514 749 4560 nanuum
772 4511 889 4559 dammae
912 4511 1067 4573 proportione
1095 4508 1242 4571 respondere
1267 4506 1351 4555 tradit.
1390 4504 1524 4569 Discrepas

156 4594 250 4636 umen
270 4584 302 4633 ab
321 4597 359 4634 ee.
378 4583 443 4646 qued
460 4584 543 4647 iguem
561 4582 626 4632 bunc
645 4584 671 4632 in
690 4582 741 4630 solo
761 4582 834 4631 corde
852 4583 937 4644 ponis,
961 4580 1002 4628 ille
1021 4581 1047 4627 iu
1064 4585 1117 4628 toto
1137 4593 1251 4641 corpore;
1276 4576 1395 4641 siquidem
1415 4576 1524 4626 calidum

155 4655 302 4721 ingenitum
320 4651 461 4703 sommus
480 4659 519 4702 est
536 4655 675 4716 spiritnosa,
696 4654 798 4716 siugulis
817 4652 927 4715 partibus
947 4652 1030 4699 solidis
1048 4652 1125 4699 insita
1144 4656 1169 4698 et
1188 4651 1329 4713 congenita,
1348 4662 1398 4696 uon
1417 4648 1524 4697 influens

156 4726 208 4778 aad
225 4738 374 4790 pomarum
402 4725 486 4789 cisque
504 4739 601 4788 semper
618 4725 760 4773 inhaerens.
798 4725 832 4771 At
857 4725 878 4772 si
906 4724 938 4772 de
965 4736 1022 4772 vera
1051 4728 1076 4770 et
1103 4721 1164 4769 reali
1188 4720 1289 4768 damma
1316 4719 1359 4768 tibi
1386 4733 1465 4767 sermo
1485 4724 1524 4768 eat

157 4795 242 4863 (qued
260 4803 306 4846 tua
334 4795 410 4845 rerba
441 4809 497 4860 cap.
516 4795 538 4851 l,
557 4792 599 4844 3².
619 4796 733 4845 ridentur
749 4790 878 4855 inuuere),
907 4810 958 4842 nou
985 4807 1083 4858 possum
1112 4792 1156 4840 tibi
1186 4792 1313 4839 assentire.
1351 4789 1397 4837 Est
1422 4790 1525 4842 flamma

156 4871 245 4921 lm
264 4880 386 4918 meeum
404 4866 540 4917 muudum
558 4866 686 4932 physicos,
713 4868 738 4915 iu
757 4880 852 4915 summo
871 4865 950 4930 gradu
970 4865 1064 4914 calidus
1084 4869 1110 4912 et
1128 4864 1222 4918 siccus,
1243 4862 1362 4915 adurens.
1392 4861 1523 4910 destruens

157 4948 188 4992 et
217 4938 351 4990 meus
378 4938 462 4988 omma
479 4938 634 4989 cembustilia
661 4951 726 5002 quae
755 4938 865 5002 attingit,
893 4937 997 5001 ideoque
1025 4935 1256 4999 improportionatus
1284 4934 1376 4997 corpori
1404 4932 1523 5000 humano,

156 5012 235 5075 cuiue
253 5010 408 5061 mantio
427 5009 541 5060 morietit
558 5010 583 5059 in
603 5009 684 5059 calore
703 5007 810 5068 humido,
834 5022 883 5057 uon
903 5008 1023 5058 adurente
1041 5006 1085 5055 sed
1103 5005 1210 5054 fovente.
1247 5003 1323 5055 Nulla
1340 5018 1397 5068 pars
1416 5003 1523 5067 corporis

157 5089 213 5140 est.
239 5094 305 5150 quae
327 5078 367 5133 rel
384 5080 515 5133 unchen
531 5080 581 5131 rim
599 5080 715 5132 dammae
732 5080 855 5133 munere
877 5080 955 5145 possit
979 5085 1006 5131 et
1022 5092 1072 5130 neu
1099 5077 1252 5129 desudetur:
1278 5075 1336 5144 quid
1354 5076 1430 5144 igitur
1456 5072 1523 5126 cordi
