<?xml version="1.0" encoding="UTF-8"?>
<!DOCTYPE html PUBLIC "-//W3C//DTD XHTML 1.0 Transitional//EN"
    "http://www.w3.org/TR/xhtml1/DTD/xhtml1-transitional.dtd">
<html xmlns="http://www.w3.org/1999/xhtml" xml:lang="en" lang="en">
 <head>
  <title>
</title>
<meta http-equiv="Content-Type" content="text/html;charset=utf-8" />
  <meta name='ocr-system' content='tesseract 3.04.00' />
  <meta name='ocr-capabilities' content='ocr_page ocr_carea ocr_par ocr_line ocrx_word'/>
</head>
<body>
  <div class='ocr_page' id='page_1' title='image "./joanniskepleria01frisgoog/joanniskepleria01frisgoog_0285.png"; bbox 0 0 3692 5842; ppageno 0'>
   <div class='ocr_carea' id='block_1_1' title="bbox 727 473 1499 552">
    <p class='ocr_par' dir='ltr' id='par_1_1' title="bbox 727 473 1499 552">
     <span class='ocr_line' id='line_1_1' title="bbox 727 473 1499 552; baseline 0.003 -2"><span class='ocrx_word' id='word_1_1' title='bbox 727 473 917 550; x_wconf 64' lang='lat' dir='ltr'><strong>conns-</strong></span> <span class='ocrx_word' id='word_1_2' title='bbox 1436 484 1499 552; x_wconf 83' lang='lat' dir='ltr'><strong>sss</strong></span> 
     </span>
    </p>
   </div>
   <div class='ocr_carea' id='block_1_2' title="bbox 138 650 1539 3306">
    <p class='ocr_par' dir='ltr' id='par_1_2' title="bbox 143 650 1503 1094">
     <span class='ocr_line' id='line_1_2' title="bbox 144 650 1503 742; baseline 0.006 -22"><span class='ocrx_word' id='word_1_3' title='bbox 144 655 363 737; x_wconf 82' lang='lat' dir='ltr'><strong>generatricis,</strong></span> <span class='ocrx_word' id='word_1_4' title='bbox 390 656 652 724; x_wconf 87' lang='lat' dir='ltr'><strong>subterrsusomm</strong></span> <span class='ocrx_word' id='word_1_5' title='bbox 675 660 861 724; x_wconf 86' lang='lat' dir='ltr'><strong>caliactricis</strong></span> <span class='ocrx_word' id='word_1_6' title='bbox 885 667 917 723; x_wconf 90' lang='lat' dir='ltr'><strong>et</strong></span> <span class='ocrx_word' id='word_1_7' title='bbox 938 650 1059 723; x_wconf 88' lang='lat' dir='ltr'><strong>tutricis</strong></span> <span class='ocrx_word' id='word_1_8' title='bbox 1081 680 1102 722; x_wconf 93' lang='lat' dir='ltr'><strong>a</strong></span> <span class='ocrx_word' id='word_1_9' title='bbox 1123 660 1235 741; x_wconf 77' lang='lat' dir='ltr'>frigore</span> <span class='ocrx_word' id='word_1_10' title='bbox 1257 679 1402 742; x_wconf 91' lang='lat' dir='ltr'><strong>superno,</strong></span> <span class='ocrx_word' id='word_1_11' title='bbox 1427 662 1503 728; x_wconf 82' lang='lat' dir='ltr'><strong>har-</strong></span> 
     </span>
     <span class='ocr_line' id='line_1_3' title="bbox 145 745 1503 829; baseline 0.005 -22"><span class='ocrx_word' id='word_1_12' title='bbox 145 745 329 809; x_wconf 85' lang='lat' dir='ltr'><strong>monicorum</strong></span> <span class='ocrx_word' id='word_1_13' title='bbox 353 746 431 814; x_wconf 80' lang='lat' dir='ltr'><strong>coel</strong></span> <span class='ocrx_word' id='word_1_14' title='bbox 458 757 607 824; x_wconf 86' lang='lat' dir='ltr'><strong>motuum,</strong></span> <span class='ocrx_word' id='word_1_15' title='bbox 631 749 697 811; x_wconf 92' lang='lat' dir='ltr'><strong>sine</strong></span> <span class='ocrx_word' id='word_1_16' title='bbox 721 749 840 829; x_wconf 88' lang='lat' dir='ltr'><strong>quidem</strong></span> <span class='ocrx_word' id='word_1_17' title='bbox 864 750 1015 823; x_wconf 75' lang='lat' dir='ltr'><strong>discursu,</strong></span> <span class='ocrx_word' id='word_1_18' title='bbox 1039 750 1245 829; x_wconf 89' lang='lat' dir='ltr'><strong>perceptricis,</strong></span> <span class='ocrx_word' id='word_1_19' title='bbox 1269 750 1449 813; x_wconf 87' lang='lat' dir='ltr'><strong>mirabilium</strong></span> <span class='ocrx_word' id='word_1_20' title='bbox 1471 753 1503 814; x_wconf 92' lang='lat' dir='ltr'><strong>in</strong></span> 
     </span>
     <span class='ocr_line' id='line_1_4' title="bbox 144 833 1503 918; baseline 0.005 -23"><span class='ocrx_word' id='word_1_21' title='bbox 144 834 300 897; x_wconf 68' lang='lat' dir='ltr'>fossilibus</span> <span class='ocrx_word' id='word_1_22' title='bbox 331 835 492 914; x_wconf 85' lang='lat' dir='ltr'><strong>figurarum</strong></span> <span class='ocrx_word' id='word_1_23' title='bbox 503 833 538 910; x_wconf 83' lang='grc'><strong>*)</strong></span> <span class='ocrx_word' id='word_1_24' title='bbox 571 838 774 900; x_wconf 87' lang='lat' dir='ltr'><strong>formatricis:</strong></span> <span class='ocrx_word' id='word_1_25' title='bbox 807 848 842 899; x_wconf 88' lang='lat' dir='ltr'><strong>ut</strong></span> <span class='ocrx_word' id='word_1_26' title='bbox 879 838 1006 918; x_wconf 89' lang='lat' dir='ltr'><strong>palpare</strong></span> <span class='ocrx_word' id='word_1_27' title='bbox 1046 838 1131 899; x_wconf 89' lang='lat' dir='ltr'><strong>illam</strong></span> <span class='ocrx_word' id='word_1_28' title='bbox 1169 838 1285 917; x_wconf 89' lang='lat' dir='ltr'><strong>possis,</strong></span> <span class='ocrx_word' id='word_1_29' title='bbox 1323 838 1351 900; x_wconf 91' lang='lat' dir='ltr'><strong>si</strong></span> <span class='ocrx_word' id='word_1_30' title='bbox 1378 857 1503 912; x_wconf 85' lang='lat' dir='ltr'><strong>cernere¹</strong></span> 
     </span>
     <span class='ocr_line' id='line_1_5' title="bbox 144 924 1500 1007; baseline 0.004 -23"><span class='ocrx_word' id='word_1_31' title='bbox 144 941 290 1003; x_wconf 83' lang='lat' dir='ltr'><strong>nequeas.</strong></span> <span class='ocrx_word' id='word_1_32' title='bbox 334 924 425 986; x_wconf 82' lang='lat' dir='ltr'><strong>Adeo</strong></span> <span class='ocrx_word' id='word_1_33' title='bbox 448 941 566 1004; x_wconf 82' lang='lat' dir='ltr'>semper</span> <span class='ocrx_word' id='word_1_34' title='bbox 589 926 640 989; x_wconf 87' lang='lat' dir='ltr'><strong>lux</strong></span> <span class='ocrx_word' id='word_1_35' title='bbox 663 927 786 989; x_wconf 88' lang='lat' dir='ltr'><strong>animali</strong></span> <span class='ocrx_word' id='word_1_36' title='bbox 818 927 958 988; x_wconf 74' lang='lat' dir='ltr'><strong>facultati</strong></span> <span class='ocrx_word' id='word_1_37' title='bbox 982 944 1119 987; x_wconf 86' lang='lat' dir='ltr'><strong>connexa</strong></span> <span class='ocrx_word' id='word_1_38' title='bbox 1141 934 1209 988; x_wconf 88' lang='lat' dir='ltr'><strong>est:</strong></span> <span class='ocrx_word' id='word_1_39' title='bbox 1242 926 1376 1007; x_wconf 87' lang='lat' dir='ltr'><strong>adeoque</strong></span> <span class='ocrx_word' id='word_1_40' title='bbox 1407 946 1500 1006; x_wconf 89' lang='lat' dir='ltr'><strong>prae-</strong></span> 
     </span>
     <span class='ocr_line' id='line_1_6' title="bbox 143 1010 1477 1094; baseline 0.006 -23"><span class='ocrx_word' id='word_1_41' title='bbox 143 1010 326 1074; x_wconf 83' lang='lat' dir='ltr'><strong>stantissimi</strong></span> <span class='ocrx_word' id='word_1_42' title='bbox 348 1011 530 1074; x_wconf 89' lang='lat' dir='ltr'><strong>medicorum</strong></span> <span class='ocrx_word' id='word_1_43' title='bbox 552 1014 634 1076; x_wconf 87' lang='lat' dir='ltr'><strong>vitae</strong></span> <span class='ocrx_word' id='word_1_44' title='bbox 658 1016 772 1077; x_wconf 87' lang='lat' dir='ltr'><strong>fontem</strong></span> <span class='ocrx_word' id='word_1_45' title='bbox 795 1015 826 1076; x_wconf 94' lang='lat' dir='ltr'><strong>in</strong></span> <span class='ocrx_word' id='word_1_46' title='bbox 848 1016 939 1077; x_wconf 92' lang='lat' dir='ltr'><strong>corde</strong></span> <span class='ocrx_word' id='word_1_47' title='bbox 962 1014 1103 1075; x_wconf 90' lang='lat' dir='ltr'><strong>animalis</strong></span> <span class='ocrx_word' id='word_1_48' title='bbox 1127 1016 1267 1077; x_wconf 86' lang='lat' dir='ltr'><strong>flammae</strong></span> <span class='ocrx_word' id='word_1_49' title='bbox 1290 1024 1477 1094; x_wconf 84' lang='lat' dir='ltr'><strong>comparant</strong></span> 
     </span>
    </p>

    <p class='ocr_par' dir='ltr' id='par_1_3' title="bbox 140 1098 1504 2153">
     <span class='ocr_line' id='line_1_7' title="bbox 231 1098 1501 1181; baseline 0.005 -20"><span class='ocrx_word' id='word_1_50' title='bbox 231 1098 319 1162; x_wconf 87' lang='lat' dir='ltr'><strong>Haec</strong></span> <span class='ocrx_word' id='word_1_51' title='bbox 341 1098 435 1179; x_wconf 90' lang='lat' dir='ltr'><strong>igitur</strong></span> <span class='ocrx_word' id='word_1_52' title='bbox 456 1101 598 1165; x_wconf 89' lang='lat' dir='ltr'><strong>animalis</strong></span> <span class='ocrx_word' id='word_1_53' title='bbox 620 1103 651 1165; x_wconf 93' lang='lat' dir='ltr'><strong>in</strong></span> <span class='ocrx_word' id='word_1_54' title='bbox 674 1102 747 1165; x_wconf 89' lang='lat' dir='ltr'><strong>Sole</strong></span> <span class='ocrx_word' id='word_1_55' title='bbox 771 1103 902 1165; x_wconf 74' lang='lat' dir='ltr'><strong>facultas</strong></span> <span class='ocrx_word' id='word_1_56' title='bbox 927 1103 1002 1164; x_wconf 90' lang='lat' dir='ltr'><strong>lucis</strong></span> <span class='ocrx_word' id='word_1_57' title='bbox 1024 1103 1213 1181; x_wconf 82' lang='lat' dir='ltr'><strong>productrix,</strong></span> <span class='ocrx_word' id='word_1_58' title='bbox 1246 1102 1305 1164; x_wconf 90' lang='lat' dir='ltr'><strong>etsi</strong></span> <span class='ocrx_word' id='word_1_59' title='bbox 1327 1121 1383 1181; x_wconf 90' lang='lat' dir='ltr'><strong>per</strong></span> <span class='ocrx_word' id='word_1_60' title='bbox 1405 1112 1501 1167; x_wconf 89' lang='lat' dir='ltr'><strong>totum</strong></span> 
     </span>
     <span class='ocr_line' id='line_1_8' title="bbox 142 1188 1503 1267; baseline 0.004 -18"><span class='ocrx_word' id='word_1_61' title='bbox 142 1205 253 1267; x_wconf 86' lang='lat' dir='ltr'><strong>corpus</strong></span> <span class='ocrx_word' id='word_1_62' title='bbox 276 1188 345 1262; x_wconf 83' lang='lat' dir='ltr'><strong>fusa</strong></span> <span class='ocrx_word' id='word_1_63' title='bbox 366 1196 465 1251; x_wconf 89' lang='lat' dir='ltr'><strong>totum</strong></span> <span class='ocrx_word' id='word_1_64' title='bbox 487 1189 655 1262; x_wconf 85' lang='lat' dir='ltr'><strong>inflammat</strong></span> <span class='ocrx_word' id='word_1_65' title='bbox 678 1194 752 1265; x_wconf 90' lang='lat' dir='ltr'><strong>(non</strong></span> <span class='ocrx_word' id='word_1_66' title='bbox 773 1200 807 1253; x_wconf 89' lang='lat' dir='ltr'><strong>ut</strong></span> <span class='ocrx_word' id='word_1_67' title='bbox 830 1192 959 1254; x_wconf 90' lang='lat' dir='ltr'><strong>alienam</strong></span> <span class='ocrx_word' id='word_1_68' title='bbox 981 1191 1140 1252; x_wconf 83' lang='lat' dir='ltr'><strong>materiam</strong></span> <span class='ocrx_word' id='word_1_69' title='bbox 1163 1198 1365 1266; x_wconf 81' lang='lat' dir='ltr'><strong>consumtura,</strong></span> <span class='ocrx_word' id='word_1_70' title='bbox 1389 1193 1445 1253; x_wconf 92' lang='lat' dir='ltr'><strong>sed</strong></span> <span class='ocrx_word' id='word_1_71' title='bbox 1469 1203 1503 1256; x_wconf 88' lang='lat' dir='ltr'><strong>ut</strong></span> 
     </span>
     <span class='ocr_line' id='line_1_9' title="bbox 142 1275 1501 1362; baseline 0.004 -24"><span class='ocrx_word' id='word_1_72' title='bbox 142 1275 296 1356; x_wconf 81' lang='lat' dir='ltr'><strong>propriam</strong></span> <span class='ocrx_word' id='word_1_73' title='bbox 317 1277 517 1341; x_wconf 83' lang='lat' dir='ltr'><strong>informatura</strong></span> <span class='ocrx_word' id='word_1_74' title='bbox 539 1288 571 1341; x_wconf 89' lang='lat' dir='ltr'><strong>et</strong></span> <span class='ocrx_word' id='word_1_75' title='bbox 593 1281 757 1354; x_wconf 87' lang='lat' dir='ltr'><strong>tutatura),</strong></span> <span class='ocrx_word' id='word_1_76' title='bbox 781 1281 810 1341; x_wconf 93' lang='lat' dir='ltr'><strong>iu</strong></span> <span class='ocrx_word' id='word_1_77' title='bbox 835 1289 939 1342; x_wconf 90' lang='lat' dir='ltr'><strong>centro</strong></span> <span class='ocrx_word' id='word_1_78' title='bbox 962 1288 1066 1341; x_wconf 90' lang='lat' dir='ltr'><strong>tamen</strong></span> <span class='ocrx_word' id='word_1_79' title='bbox 1088 1280 1193 1342; x_wconf 83' lang='lat' dir='ltr'><strong>sedern</strong></span> <span class='ocrx_word' id='word_1_80' title='bbox 1215 1279 1403 1358; x_wconf 88' lang='lat' dir='ltr'><strong>potissimum</strong></span> <span class='ocrx_word' id='word_1_81' title='bbox 1427 1282 1501 1362; x_wconf 90' lang='lat' dir='ltr'><strong>liget</strong></span> 
     </span>
     <span class='ocr_line' id='line_1_10' title="bbox 143 1366 1501 1448; baseline 0.005 -23"><span class='ocrx_word' id='word_1_82' title='bbox 143 1374 176 1425; x_wconf 88' lang='lat' dir='ltr'><strong>et</strong></span> <span class='ocrx_word' id='word_1_83' title='bbox 197 1383 218 1425; x_wconf 93' lang='lat' dir='ltr'><strong>a</strong></span> <span class='ocrx_word' id='word_1_84' title='bbox 240 1372 345 1428; x_wconf 82' lang='lat' dir='ltr'><strong>eentm</strong></span> <span class='ocrx_word' id='word_1_85' title='bbox 368 1366 465 1427; x_wconf 91' lang='lat' dir='ltr'><strong>lucem</strong></span> <span class='ocrx_word' id='word_1_86' title='bbox 495 1366 565 1447; x_wconf 89' lang='lat' dir='ltr'><strong>(per</strong></span> <span class='ocrx_word' id='word_1_87' title='bbox 586 1368 734 1448; x_wconf 90' lang='lat' dir='ltr'><strong>principia</strong></span> <span class='ocrx_word' id='word_1_88' title='bbox 756 1368 867 1448; x_wconf 86' lang='lat' dir='ltr'><strong>capitis</strong></span> <span class='ocrx_word' id='word_1_89' title='bbox 891 1369 933 1444; x_wconf 93' lang='lat' dir='ltr'><strong>l.)</strong></span> <span class='ocrx_word' id='word_1_90' title='bbox 960 1367 991 1429; x_wconf 92' lang='lat' dir='ltr'><strong>in</strong></span> <span class='ocrx_word' id='word_1_91' title='bbox 1021 1385 1108 1428; x_wconf 89' lang='lat' dir='ltr'><strong>omne</strong></span> <span class='ocrx_word' id='word_1_92' title='bbox 1135 1382 1243 1446; x_wconf 89' lang='lat' dir='ltr'><strong>corpus</strong></span> <span class='ocrx_word' id='word_1_93' title='bbox 1272 1379 1406 1448; x_wconf 87' lang='lat' dir='ltr'><strong>sparget.</strong></span> <span class='ocrx_word' id='word_1_94' title='bbox 1452 1372 1501 1432; x_wconf 85' lang='lat' dir='ltr'><strong>Ac</strong></span> 
     </span>
     <span class='ocr_line' id='line_1_11' title="bbox 142 1452 1504 1537; baseline 0.005 -23"><span class='ocrx_word' id='word_1_95' title='bbox 142 1471 210 1514; x_wconf 90' lang='lat' dir='ltr'><strong>cum</strong></span> <span class='ocrx_word' id='word_1_96' title='bbox 232 1452 297 1515; x_wconf 89' lang='lat' dir='ltr'><strong>siut</strong></span> <span class='ocrx_word' id='word_1_97' title='bbox 318 1471 395 1533; x_wconf 89' lang='lat' dir='ltr'><strong>quae</strong></span> <span class='ocrx_word' id='word_1_98' title='bbox 418 1472 457 1516; x_wconf 87' lang='lat' dir='ltr'><strong>ex</strong></span> <span class='ocrx_word' id='word_1_99' title='bbox 478 1463 583 1518; x_wconf 88' lang='lat' dir='ltr'><strong>centro</strong></span> <span class='ocrx_word' id='word_1_100' title='bbox 606 1455 871 1537; x_wconf 78' lang='lat' dir='ltr'><strong>perpendiculares</strong></span> <span class='ocrx_word' id='word_1_101' title='bbox 893 1458 924 1518; x_wconf 91' lang='lat' dir='ltr'><strong>in</strong></span> <span class='ocrx_word' id='word_1_102' title='bbox 948 1456 1144 1536; x_wconf 88' lang='lat' dir='ltr'><strong>superficiem,</strong></span> <span class='ocrx_word' id='word_1_103' title='bbox 1169 1456 1386 1535; x_wconf 90' lang='lat' dir='ltr'><strong>repercutietur</strong></span> <span class='ocrx_word' id='word_1_104' title='bbox 1409 1456 1504 1536; x_wconf 88' lang='lat' dir='ltr'><strong>igitur</strong></span> 
     </span>
     <span class='ocr_line' id='line_1_12' title="bbox 144 1542 1501 1624; baseline 0.005 -22"><span class='ocrx_word' id='word_1_105' title='bbox 144 1544 194 1602; x_wconf 82' lang='lat' dir='ltr'><strong>lus</strong></span> <span class='ocrx_word' id='word_1_106' title='bbox 222 1542 355 1623; x_wconf 87' lang='lat' dir='ltr'><strong>undiquc</strong></span> <span class='ocrx_word' id='word_1_107' title='bbox 385 1560 405 1604; x_wconf 85' lang='lat' dir='ltr'><strong>a</strong></span> <span class='ocrx_word' id='word_1_108' title='bbox 431 1544 588 1623; x_wconf 85' lang='lat' dir='ltr'><strong>superficie</strong></span> <span class='ocrx_word' id='word_1_109' title='bbox 616 1564 694 1606; x_wconf 87' lang='lat' dir='ltr'><strong>cava</strong></span> <span class='ocrx_word' id='word_1_110' title='bbox 724 1553 757 1606; x_wconf 89' lang='lat' dir='ltr'><strong>ct</strong></span> <span class='ocrx_word' id='word_1_111' title='bbox 786 1546 817 1607; x_wconf 95' lang='lat' dir='ltr'><strong>in</strong></span> <span class='ocrx_word' id='word_1_112' title='bbox 848 1553 982 1607; x_wconf 85' lang='lat' dir='ltr'><strong>centrum</strong></span> <span class='ocrx_word' id='word_1_113' title='bbox 1013 1544 1206 1624; x_wconf 92' lang='lat' dir='ltr'><strong>recolligetur</strong></span> <span class='ocrx_word' id='word_1_114' title='bbox 1234 1552 1267 1605; x_wconf 91' lang='lat' dir='ltr'><strong>et</strong></span> <span class='ocrx_word' id='word_1_115' title='bbox 1287 1563 1342 1623; x_wconf 91' lang='lat' dir='ltr'><strong>per</strong></span> <span class='ocrx_word' id='word_1_116' title='bbox 1364 1554 1501 1609; x_wconf 88' lang='lat' dir='ltr'><strong>centrum</strong></span> 
     </span>
     <span class='ocr_line' id='line_1_13' title="bbox 143 1629 1498 1714; baseline 0.003 -23"><span class='ocrx_word' id='word_1_117' title='bbox 143 1629 298 1692; x_wconf 71' lang='lat' dir='ltr'><strong>hassiam</strong></span> <span class='ocrx_word' id='word_1_118' title='bbox 327 1629 358 1692; x_wconf 92' lang='lat' dir='ltr'><strong>in</strong></span> <span class='ocrx_word' id='word_1_119' title='bbox 386 1632 572 1707; x_wconf 87' lang='lat' dir='ltr'><strong>superficiem</strong></span> <span class='ocrx_word' id='word_1_120' title='bbox 605 1633 774 1714; x_wconf 81' lang='lat' dir='ltr'><strong>oppositam</strong></span> <span class='ocrx_word' id='word_1_121' title='bbox 802 1633 968 1695; x_wconf 88' lang='lat' dir='ltr'><strong>identidem</strong></span> <span class='ocrx_word' id='word_1_122' title='bbox 990 1651 1186 1712; x_wconf 88' lang='lat' dir='ltr'><strong>repercussus</strong></span> <span class='ocrx_word' id='word_1_123' title='bbox 1213 1632 1340 1694; x_wconf 85' lang='lat' dir='ltr'><strong>iterabit</strong></span> <span class='ocrx_word' id='word_1_124' title='bbox 1366 1634 1406 1707; x_wconf 91' lang='grc' dir='ltr'><strong>(Ι,</strong></span> <span class='ocrx_word' id='word_1_125' title='bbox 1433 1631 1498 1710; x_wconf 83' lang='grc'>19).</span> 
     </span>
     <span class='ocr_line' id='line_1_14' title="bbox 141 1715 1501 1803; baseline 0.005 -24"><span class='ocrx_word' id='word_1_126' title='bbox 141 1715 216 1780; x_wconf 83' lang='lat' dir='ltr'><strong>Sira</strong></span> <span class='ocrx_word' id='word_1_127' title='bbox 239 1718 333 1797; x_wconf 92' lang='lat' dir='ltr'><strong>igitur</strong></span> <span class='ocrx_word' id='word_1_128' title='bbox 356 1738 376 1780; x_wconf 91' lang='lat' dir='ltr'><strong>a</strong></span> <span class='ocrx_word' id='word_1_129' title='bbox 397 1720 542 1799; x_wconf 89' lang='lat' dir='ltr'><strong>principio</strong></span> <span class='ocrx_word' id='word_1_130' title='bbox 567 1730 663 1784; x_wconf 91' lang='lat' dir='ltr'><strong>toturn</strong></span> <span class='ocrx_word' id='word_1_131' title='bbox 677 1721 760 1784; x_wconf 89' lang='lat' dir='ltr'><strong>Solis</strong></span> <span class='ocrx_word' id='word_1_132' title='bbox 783 1740 891 1802; x_wconf 91' lang='lat' dir='ltr'><strong>corpus</strong></span> <span class='ocrx_word' id='word_1_133' title='bbox 914 1722 1084 1803; x_wconf 87' lang='lat' dir='ltr'><strong>aequaliter</strong></span> <span class='ocrx_word' id='word_1_134' title='bbox 1105 1720 1236 1801; x_wconf 88' lang='lat' dir='ltr'><strong>undique</strong></span> <span class='ocrx_word' id='word_1_135' title='bbox 1259 1721 1297 1783; x_wconf 90' lang='lat' dir='ltr'><strong>ab</strong></span> <span class='ocrx_word' id='word_1_136' title='bbox 1321 1722 1422 1784; x_wconf 90' lang='lat' dir='ltr'><strong>anima</strong></span> <span class='ocrx_word' id='word_1_137' title='bbox 1444 1741 1501 1786; x_wconf 89' lang='lat' dir='ltr'><strong>sua</strong></span> 
     </span>
     <span class='ocr_line' id='line_1_15' title="bbox 141 1807 1500 1889; baseline 0.004 -22"><span class='ocrx_word' id='word_1_138' title='bbox 141 1807 345 1870; x_wconf 86' lang='lat' dir='ltr'><strong>inflammatur</strong></span> <span class='ocrx_word' id='word_1_139' title='bbox 367 1807 432 1869; x_wconf 85' lang='lat' dir='ltr'><strong>sire</strong></span> <span class='ocrx_word' id='word_1_140' title='bbox 446 1809 544 1889; x_wconf 89' lang='lat' dir='ltr'><strong>magis</strong></span> <span class='ocrx_word' id='word_1_141' title='bbox 566 1810 597 1871; x_wconf 94' lang='lat' dir='ltr'><strong>in</strong></span> <span class='ocrx_word' id='word_1_142' title='bbox 612 1819 731 1873; x_wconf 88' lang='lat' dir='ltr'><strong>centro:</strong></span> <span class='ocrx_word' id='word_1_143' title='bbox 754 1828 874 1889; x_wconf 92' lang='lat' dir='ltr'><strong>semper</strong></span> <span class='ocrx_word' id='word_1_144' title='bbox 897 1811 926 1872; x_wconf 94' lang='lat' dir='ltr'><strong>in</strong></span> <span class='ocrx_word' id='word_1_145' title='bbox 950 1818 1053 1872; x_wconf 81' lang='lat' dir='ltr'><strong>centm</strong></span> <span class='ocrx_word' id='word_1_146' title='bbox 1075 1811 1144 1888; x_wconf 93' lang='lat' dir='ltr'><strong>plus</strong></span> <span class='ocrx_word' id='word_1_147' title='bbox 1168 1818 1217 1872; x_wconf 90' lang='lat' dir='ltr'><strong>est</strong></span> <span class='ocrx_word' id='word_1_148' title='bbox 1239 1809 1276 1871; x_wconf 92' lang='lat' dir='ltr'><strong>de</strong></span> <span class='ocrx_word' id='word_1_149' title='bbox 1299 1810 1356 1872; x_wconf 89' lang='lat' dir='ltr'><strong>hoc</strong></span> <span class='ocrx_word' id='word_1_150' title='bbox 1370 1811 1500 1873; x_wconf 89' lang='lat' dir='ltr'><strong>inaesti-</strong></span> 
     </span>
     <span class='ocr_line' id='line_1_16' title="bbox 143 1894 1500 1979; baseline 0.004 -22"><span class='ocrx_word' id='word_1_151' title='bbox 143 1894 248 1957; x_wconf 86' lang='lat' dir='ltr'><strong>msbili</strong></span> <span class='ocrx_word' id='word_1_152' title='bbox 272 1895 421 1957; x_wconf 90' lang='lat' dir='ltr'><strong>incendio.</strong></span> <span class='ocrx_word' id='word_1_153' title='bbox 454 1894 536 1966; x_wconf 87' lang='lat' dir='ltr'><strong>Quia</strong></span> <span class='ocrx_word' id='word_1_154' title='bbox 557 1918 616 1960; x_wconf 95' lang='lat' dir='ltr'><strong>non</strong></span> <span class='ocrx_word' id='word_1_155' title='bbox 639 1898 746 1960; x_wconf 88' lang='lat' dir='ltr'><strong>obstat</strong></span> <span class='ocrx_word' id='word_1_156' title='bbox 767 1898 895 1959; x_wconf 89' lang='lat' dir='ltr'><strong>medium</strong></span> <span class='ocrx_word' id='word_1_157' title='bbox 920 1898 993 1960; x_wconf 87' lang='lat' dir='ltr'><strong>foris</strong></span> <span class='ocrx_word' id='word_1_158' title='bbox 1016 1898 1115 1960; x_wconf 89' lang='lat' dir='ltr'><strong>rarius</strong></span> <span class='ocrx_word' id='word_1_159' title='bbox 1129 1916 1296 1973; x_wconf 85' lang='lat' dir='ltr'><strong>occurrens,</strong></span> <span class='ocrx_word' id='word_1_160' title='bbox 1321 1900 1500 1979; x_wconf 89' lang='lat' dir='ltr'><strong>quominus</strong></span> 
     </span>
     <span class='ocr_line' id='line_1_17' title="bbox 142 1982 1498 2068; baseline 0.004 -24"><span class='ocrx_word' id='word_1_161' title='bbox 142 1982 258 2065; x_wconf 88' lang='lat' dir='ltr'><strong>aliquid</strong></span> <span class='ocrx_word' id='word_1_162' title='bbox 279 1984 360 2046; x_wconf 91' lang='lat' dir='ltr'><strong>intro</strong></span> <span class='ocrx_word' id='word_1_163' title='bbox 383 1987 621 2064; x_wconf 87' lang='lat' dir='ltr'><strong>repercutiatur:</strong></span> <span class='ocrx_word' id='word_1_164' title='bbox 644 2006 734 2067; x_wconf 82' lang='lat' dir='ltr'><strong>quam</strong></span> <span class='ocrx_word' id='word_1_165' title='bbox 758 1986 957 2068; x_wconf 86' lang='lat' dir='ltr'><strong>suspicionem</strong></span> <span class='ocrx_word' id='word_1_166' title='bbox 981 2005 1073 2066; x_wconf 88' lang='lat' dir='ltr'><strong>supra</strong></span> <span class='ocrx_word' id='word_1_167' title='bbox 1095 2005 1160 2065; x_wconf 87' lang='lat' dir='ltr'><strong>cap.</strong></span> <span class='ocrx_word' id='word_1_168' title='bbox 1175 1986 1232 2047; x_wconf 92' lang='lat' dir='ltr'><strong>1v.</strong></span> <span class='ocrx_word' id='word_1_169' title='bbox 1251 1987 1325 2049; x_wconf 87' lang='lat' dir='ltr'><strong>Nro.</strong></span> <span class='ocrx_word' id='word_1_170' title='bbox 1346 1984 1376 2052; x_wconf 83' lang='lat'><strong>9.</strong></span> <span class='ocrx_word' id='word_1_171' title='bbox 1394 2007 1498 2050; x_wconf 87' lang='lat' dir='ltr'><strong>exem-</strong></span> 
     </span>
     <span class='ocr_line' id='line_1_18' title="bbox 140 2071 474 2153; baseline 0.009 -19"><span class='ocrx_word' id='word_1_172' title='bbox 140 2072 191 2151; x_wconf 93' lang='lat' dir='ltr'><strong>plo</strong></span> <span class='ocrx_word' id='word_1_173' title='bbox 214 2071 330 2153; x_wconf 86' lang='lat' dir='ltr'><strong>speculi</strong></span> <span class='ocrx_word' id='word_1_174' title='bbox 353 2072 474 2137; x_wconf 84' lang='lat' dir='ltr'><strong>removi.</strong></span> 
     </span>
    </p>

    <p class='ocr_par' dir='ltr' id='par_1_4' title="bbox 138 2159 1539 2950">
     <span class='ocr_line' id='line_1_19' title="bbox 228 2159 1499 2243; baseline 0.003 -21"><span class='ocrx_word' id='word_1_175' title='bbox 228 2159 367 2240; x_wconf 82' lang='lat' dir='ltr'><strong>Erumpit</strong></span> <span class='ocrx_word' id='word_1_176' title='bbox 386 2168 487 2224; x_wconf 90' lang='lat' dir='ltr'><strong>tamen</strong></span> <span class='ocrx_word' id='word_1_177' title='bbox 514 2163 676 2242; x_wconf 90' lang='lat' dir='ltr'><strong>potissima</strong></span> <span class='ocrx_word' id='word_1_178' title='bbox 703 2182 774 2242; x_wconf 91' lang='lat' dir='ltr'><strong>pars</strong></span> <span class='ocrx_word' id='word_1_179' title='bbox 806 2181 861 2242; x_wconf 87' lang='lat' dir='ltr'><strong>per</strong></span> <span class='ocrx_word' id='word_1_180' title='bbox 892 2161 1080 2241; x_wconf 88' lang='lat' dir='ltr'><strong>superficiem</strong></span> <span class='ocrx_word' id='word_1_181' title='bbox 1109 2162 1140 2222; x_wconf 90' lang='lat' dir='ltr'><strong>in</strong></span> <span class='ocrx_word' id='word_1_182' title='bbox 1167 2171 1304 2243; x_wconf 91' lang='lat' dir='ltr'><strong>apertum</strong></span> <span class='ocrx_word' id='word_1_183' title='bbox 1335 2164 1499 2239; x_wconf 85' lang='lat' dir='ltr'><strong>aetherem,</strong></span> 
     </span>
     <span class='ocr_line' id='line_1_20' title="bbox 140 2249 1539 2331; baseline 0.004 -20"><span class='ocrx_word' id='word_1_184' title='bbox 140 2250 177 2311; x_wconf 90' lang='lat' dir='ltr'><strong>da</strong></span> <span class='ocrx_word' id='word_1_185' title='bbox 201 2267 263 2330; x_wconf 86' lang='lat' dir='ltr'><strong>qua</strong></span> <span class='ocrx_word' id='word_1_186' title='bbox 284 2259 359 2312; x_wconf 90' lang='lat' dir='ltr'><strong>nota</strong></span> <span class='ocrx_word' id='word_1_187' title='bbox 380 2249 455 2312; x_wconf 91' lang='lat' dir='ltr'><strong>haec</strong></span> <span class='ocrx_word' id='word_1_188' title='bbox 478 2251 680 2314; x_wconf 90' lang='lat' dir='ltr'><strong>membratim.</strong></span> <span class='ocrx_word' id='word_1_189' title='bbox 708 2252 841 2324; x_wconf 86' lang='lat' dir='ltr'><strong>Primum</strong></span> <span class='ocrx_word' id='word_1_190' title='bbox 866 2251 937 2331; x_wconf 90' lang='lat' dir='ltr'><strong>quia</strong></span> <span class='ocrx_word' id='word_1_191' title='bbox 950 2249 1108 2314; x_wconf 90' lang='lat' dir='ltr'><strong>tribuimus</strong></span> <span class='ocrx_word' id='word_1_192' title='bbox 1131 2250 1199 2314; x_wconf 88' lang='lat' dir='ltr'><strong>huic</strong></span> <span class='ocrx_word' id='word_1_193' title='bbox 1214 2251 1332 2330; x_wconf 90' lang='lat' dir='ltr'><strong>corpori</strong></span> <span class='ocrx_word' id='word_1_194' title='bbox 1350 2271 1498 2316; x_wconf 87' lang='lat' dir='ltr'><strong>summurn</strong></span> <span class='ocrx_word' id='word_1_195' title='bbox 1534 2317 1539 2326; x_wconf 84' lang='grc'><em>,</em></span> 
     </span>
     <span class='ocr_line' id='line_1_21' title="bbox 139 2337 1499 2421; baseline 0.003 -21"><span class='ocrx_word' id='word_1_196' title='bbox 139 2337 267 2417; x_wconf 58' lang='lat' dir='ltr'><strong>mum</strong></span> <span class='ocrx_word' id='word_1_197' title='bbox 289 2338 469 2411; x_wconf 86' lang='lat' dir='ltr'><strong>densitatis,</strong></span> <span class='ocrx_word' id='word_1_198' title='bbox 502 2341 699 2403; x_wconf 76' lang='lat' dir='ltr'><strong>retractiones</strong></span> <span class='ocrx_word' id='word_1_199' title='bbox 731 2358 835 2402; x_wconf 88' lang='lat' dir='ltr'><strong>omues</strong></span> <span class='ocrx_word' id='word_1_200' title='bbox 858 2348 948 2402; x_wconf 90' lang='lat' dir='ltr'><strong>erunt</strong></span> <span class='ocrx_word' id='word_1_201' title='bbox 968 2340 999 2402; x_wconf 95' lang='lat' dir='ltr'><strong>in</strong></span> <span class='ocrx_word' id='word_1_202' title='bbox 1023 2338 1121 2419; x_wconf 86' lang='lat' dir='ltr'><strong>ipsam</strong></span> <span class='ocrx_word' id='word_1_203' title='bbox 1143 2340 1420 2419; x_wconf 86' lang='lat' dir='ltr'><strong>perpendicularem</strong></span> <span class='ocrx_word' id='word_1_204' title='bbox 1443 2360 1499 2421; x_wconf 91' lang='lat' dir='ltr'><strong>per</strong></span> 
     </span>
     <span class='ocr_line' id='line_1_22' title="bbox 140 2426 1498 2509; baseline 0.003 -20"><span class='ocrx_word' id='word_1_205' title='bbox 140 2446 189 2501; x_wconf 86' lang='lat' dir='ltr'><strong>ea,</strong></span> <span class='ocrx_word' id='word_1_206' title='bbox 213 2444 292 2507; x_wconf 89' lang='lat' dir='ltr'><strong>qnae</strong></span> <span class='ocrx_word' id='word_1_207' title='bbox 319 2428 419 2508; x_wconf 89' lang='lat' dir='ltr'><strong>capite</strong></span> <span class='ocrx_word' id='word_1_208' title='bbox 433 2427 489 2491; x_wconf 91' lang='lat' dir='ltr'><strong>lV.</strong></span> <span class='ocrx_word' id='word_1_209' title='bbox 512 2429 587 2493; x_wconf 77' lang='lat' dir='ltr'><strong>liro.</strong></span> <span class='ocrx_word' id='word_1_210' title='bbox 604 2426 634 2492; x_wconf 87' lang='grc'><strong>6.</strong></span> <span class='ocrx_word' id='word_1_211' title='bbox 657 2427 790 2509; x_wconf 77' lang='lat' dir='ltr'><strong>propi.</strong></span> <span class='ocrx_word' id='word_1_212' title='bbox 815 2429 971 2509; x_wconf 85' lang='lat' dir='ltr'><strong>disputata</strong></span> <span class='ocrx_word' id='word_1_213' title='bbox 984 2436 1065 2490; x_wconf 89' lang='lat' dir='ltr'><strong>suut.</strong></span> <span class='ocrx_word' id='word_1_214' title='bbox 1088 2427 1136 2490; x_wconf 84' lang='lat' dir='ltr'><strong>Ac</strong></span> <span class='ocrx_word' id='word_1_215' title='bbox 1160 2428 1230 2509; x_wconf 88' lang='lat' dir='ltr'><strong>quia</strong></span> <span class='ocrx_word' id='word_1_216' title='bbox 1250 2446 1305 2508; x_wconf 90' lang='lat' dir='ltr'><strong>per</strong></span> <span class='ocrx_word' id='word_1_217' title='bbox 1326 2428 1367 2505; x_wconf 89' lang='lat' dir='ltr'><strong>X,</strong></span> <span class='ocrx_word' id='word_1_218' title='bbox 1391 2426 1421 2495; x_wconf 83' lang='lat'><strong>9.</strong></span> <span class='ocrx_word' id='word_1_219' title='bbox 1437 2430 1498 2493; x_wconf 87' lang='lat' dir='ltr'><strong>Vi·</strong></span> 
     </span>
     <span class='ocr_line' id='line_1_23' title="bbox 139 2513 1498 2597; baseline 0.003 -19"><span class='ocrx_word' id='word_1_220' title='bbox 139 2513 273 2578; x_wconf 89' lang='lat' dir='ltr'><strong>tallionis</strong></span> <span class='ocrx_word' id='word_1_221' title='bbox 296 2515 404 2578; x_wconf 87' lang='lat' dir='ltr'><strong>iisdem</strong></span> <span class='ocrx_word' id='word_1_222' title='bbox 428 2517 691 2597; x_wconf 17' lang='lat' dir='ltr'><strong>lineis-egreditur</strong></span> <span class='ocrx_word' id='word_1_223' title='bbox 714 2519 811 2579; x_wconf 87' lang='lat' dir='ltr'><strong>forma</strong></span> <span class='ocrx_word' id='word_1_224' title='bbox 832 2536 871 2578; x_wconf 81' lang='lat' dir='ltr'><strong>ex</strong></span> <span class='ocrx_word' id='word_1_225' title='bbox 894 2518 987 2584; x_wconf 87' lang='lat' dir='ltr'><strong>denso</strong></span> <span class='ocrx_word' id='word_1_226' title='bbox 1012 2518 1042 2579; x_wconf 94' lang='lat' dir='ltr'><strong>in</strong></span> <span class='ocrx_word' id='word_1_227' title='bbox 1065 2535 1172 2592; x_wconf 90' lang='lat' dir='ltr'><strong>rarum,</strong></span> <span class='ocrx_word' id='word_1_228' title='bbox 1200 2518 1305 2597; x_wconf 88' lang='lat' dir='ltr'><strong>quibus</strong></span> <span class='ocrx_word' id='word_1_229' title='bbox 1328 2518 1498 2597; x_wconf 80' lang='lat' dir='ltr'><strong>ingreditur</strong></span> 
     </span>
     <span class='ocr_line' id='line_1_24' title="bbox 139 2602 1495 2687; baseline 0.004 -23"><span class='ocrx_word' id='word_1_230' title='bbox 139 2624 155 2664; x_wconf 90' lang='lat' dir='ltr'><strong>e</strong></span> <span class='ocrx_word' id='word_1_231' title='bbox 178 2621 249 2666; x_wconf 87' lang='lat' dir='ltr'><strong>raro</strong></span> <span class='ocrx_word' id='word_1_232' title='bbox 271 2602 303 2665; x_wconf 90' lang='lat' dir='ltr'><strong>in</strong></span> <span class='ocrx_word' id='word_1_233' title='bbox 326 2604 470 2667; x_wconf 89' lang='lat' dir='ltr'><strong>densum:</strong></span> <span class='ocrx_word' id='word_1_234' title='bbox 503 2606 657 2685; x_wconf 85' lang='lat' dir='ltr'><strong>ingressus</strong></span> <span class='ocrx_word' id='word_1_235' title='bbox 681 2624 768 2680; x_wconf 90' lang='lat' dir='ltr'><strong>vero,</strong></span> <span class='ocrx_word' id='word_1_236' title='bbox 802 2607 881 2685; x_wconf 88' lang='lat' dir='ltr'><strong>quod</strong></span> <span class='ocrx_word' id='word_1_237' title='bbox 900 2606 965 2685; x_wconf 89' lang='lat' dir='ltr'><strong>jam</strong></span> <span class='ocrx_word' id='word_1_238' title='bbox 990 2607 1112 2679; x_wconf 90' lang='lat' dir='ltr'><strong>dictum,</strong></span> <span class='ocrx_word' id='word_1_239' title='bbox 1135 2607 1170 2668; x_wconf 87' lang='lat' dir='ltr'><strong>lit</strong></span> <span class='ocrx_word' id='word_1_240' title='bbox 1191 2607 1398 2668; x_wconf 89' lang='lat' dir='ltr'><strong>tantummodo</strong></span> <span class='ocrx_word' id='word_1_241' title='bbox 1422 2626 1495 2687; x_wconf 90' lang='lat' dir='ltr'><strong>per·</strong></span> 
     </span>
     <span class='ocr_line' id='line_1_25' title="bbox 140 2690 1496 2775; baseline 0.004 -23"><span class='ocrx_word' id='word_1_242' title='bbox 140 2690 385 2771; x_wconf 89' lang='lat' dir='ltr'><strong>pendicularibus</strong></span> <span class='ocrx_word' id='word_1_243' title='bbox 409 2692 439 2754; x_wconf 93' lang='lat' dir='ltr'><strong>in</strong></span> <span class='ocrx_word' id='word_1_244' title='bbox 454 2704 588 2757; x_wconf 89' lang='lat' dir='ltr'><strong>centrum</strong></span> <span class='ocrx_word' id='word_1_245' title='bbox 603 2695 796 2756; x_wconf 88' lang='lat' dir='ltr'><strong>coeuntibus:</strong></span> <span class='ocrx_word' id='word_1_246' title='bbox 821 2713 911 2773; x_wconf 90' lang='lat' dir='ltr'><strong>qnare</strong></span> <span class='ocrx_word' id='word_1_247' title='bbox 936 2697 1034 2757; x_wconf 88' lang='lat' dir='ltr'><strong>nullus</strong></span> <span class='ocrx_word' id='word_1_248' title='bbox 1057 2695 1109 2756; x_wconf 89' lang='lat' dir='ltr'><strong>fiet</strong></span> <span class='ocrx_word' id='word_1_249' title='bbox 1131 2713 1271 2775; x_wconf 89' lang='lat' dir='ltr'><strong>egressus</strong></span> <span class='ocrx_word' id='word_1_250' title='bbox 1285 2694 1373 2755; x_wconf 92' lang='lat' dir='ltr'><strong>ullius</strong></span> <span class='ocrx_word' id='word_1_251' title='bbox 1392 2696 1496 2775; x_wconf 84' lang='lat' dir='ltr'><strong>puncti</strong></span> 
     </span>
     <span class='ocr_line' id='line_1_26' title="bbox 139 2779 1493 2863; baseline 0.003 -21"><span class='ocrx_word' id='word_1_252' title='bbox 139 2779 293 2861; x_wconf 88' lang='lat' dir='ltr'><strong>(quamvis</strong></span> <span class='ocrx_word' id='word_1_253' title='bbox 324 2781 474 2843; x_wconf 88' lang='lat' dir='ltr'><strong>radiantis</strong></span> <span class='ocrx_word' id='word_1_254' title='bbox 504 2784 531 2844; x_wconf 91' lang='lat' dir='ltr'><strong>in</strong></span> <span class='ocrx_word' id='word_1_255' title='bbox 565 2784 681 2857; x_wconf 90' lang='lat' dir='ltr'><strong>orbem)</strong></span> <span class='ocrx_word' id='word_1_256' title='bbox 710 2783 790 2845; x_wconf 89' lang='lat' dir='ltr'><strong>intra</strong></span> <span class='ocrx_word' id='word_1_257' title='bbox 823 2801 931 2863; x_wconf 88' lang='lat' dir='ltr'><strong>corpus</strong></span> <span class='ocrx_word' id='word_1_258' title='bbox 959 2783 1040 2846; x_wconf 88' lang='lat' dir='ltr'><strong>Solis</strong></span> <span class='ocrx_word' id='word_1_259' title='bbox 1068 2784 1238 2859; x_wconf 87' lang='lat' dir='ltr'><strong>existentis,</strong></span> <span class='ocrx_word' id='word_1_260' title='bbox 1263 2782 1321 2844; x_wconf 90' lang='lat' dir='ltr'><strong>nisi</strong></span> <span class='ocrx_word' id='word_1_261' title='bbox 1350 2784 1377 2844; x_wconf 92' lang='lat' dir='ltr'><strong>in</strong></span> <span class='ocrx_word' id='word_1_262' title='bbox 1406 2784 1493 2846; x_wconf 88' lang='lat' dir='ltr'><strong>lincis</strong></span> 
     </span>
     <span class='ocr_line' id='line_1_27' title="bbox 138 2869 448 2950; baseline 0.006 -20"><span class='ocrx_word' id='word_1_263' title='bbox 138 2869 448 2950; x_wconf 88' lang='lat' dir='ltr'><strong>perpendicularibus.</strong></span> 
     </span>
    </p>

    <p class='ocr_par' dir='ltr' id='par_1_5' title="bbox 138 2956 1494 3306">
     <span class='ocr_line' id='line_1_28' title="bbox 228 2956 1494 3039; baseline 0.003 -20"><span class='ocrx_word' id='word_1_264' title='bbox 228 2956 375 3020; x_wconf 88' lang='lat' dir='ltr'><strong>Vicissim</strong></span> <span class='ocrx_word' id='word_1_265' title='bbox 398 2959 471 3038; x_wconf 88' lang='lat' dir='ltr'><strong>quia</strong></span> <span class='ocrx_word' id='word_1_266' title='bbox 492 2958 530 3020; x_wconf 88' lang='lat' dir='ltr'><strong>ad</strong></span> <span class='ocrx_word' id='word_1_267' title='bbox 554 2977 644 3021; x_wconf 89' lang='lat' dir='ltr'><strong>unum</strong></span> <span class='ocrx_word' id='word_1_268' title='bbox 667 2967 809 3038; x_wconf 87' lang='lat' dir='ltr'><strong>punctum</strong></span> <span class='ocrx_word' id='word_1_269' title='bbox 832 2958 922 3021; x_wconf 92' lang='lat' dir='ltr'><strong>medii</strong></span> <span class='ocrx_word' id='word_1_270' title='bbox 946 2958 1093 3021; x_wconf 87' lang='lat' dir='ltr'><strong>densioris</strong></span> <span class='ocrx_word' id='word_1_271' title='bbox 1122 2958 1189 3020; x_wconf 91' lang='lat' dir='ltr'><strong>duci</strong></span> <span class='ocrx_word' id='word_1_272' title='bbox 1211 2966 1338 3039; x_wconf 88' lang='lat' dir='ltr'><strong>possunt</strong></span> <span class='ocrx_word' id='word_1_273' title='bbox 1361 2958 1494 3023; x_wconf 85' lang='lat' dir='ltr'><strong>infinitae</strong></span> 
     </span>
     <span class='ocr_line' id='line_1_29' title="bbox 138 3046 1494 3123; baseline 0.003 -16"><span class='ocrx_word' id='word_1_274' title='bbox 138 3053 241 3108; x_wconf 88' lang='lat' dir='ltr'><strong>rectae</strong></span> <span class='ocrx_word' id='word_1_275' title='bbox 274 3065 313 3110; x_wconf 86' lang='lat' dir='ltr'><strong>ex</strong></span> <span class='ocrx_word' id='word_1_276' title='bbox 354 3046 453 3109; x_wconf 90' lang='lat' dir='ltr'><strong>madio</strong></span> <span class='ocrx_word' id='word_1_277' title='bbox 490 3046 603 3111; x_wconf 87' lang='lat' dir='ltr'><strong>rariora</strong></span> <span class='ocrx_word' id='word_1_278' title='bbox 640 3049 804 3110; x_wconf 88' lang='lat' dir='ltr'><strong>secuudum</strong></span> <span class='ocrx_word' id='word_1_279' title='bbox 840 3048 972 3109; x_wconf 88' lang='lat' dir='ltr'><strong>infinitas</strong></span> <span class='ocrx_word' id='word_1_280' title='bbox 1008 3047 1237 3123; x_wconf 88' lang='lat' dir='ltr'><strong>inclinationes,</strong></span> <span class='ocrx_word' id='word_1_281' title='bbox 1281 3066 1384 3109; x_wconf 90' lang='lat' dir='ltr'><strong>omnes</strong></span> <span class='ocrx_word' id='word_1_282' title='bbox 1420 3068 1494 3111; x_wconf 88' lang='lat' dir='ltr'><strong>vero</strong></span> 
     </span>
     <span class='ocr_line' id='line_1_30' title="bbox 140 3134 1493 3217; baseline 0.001 -20"><span class='ocrx_word' id='word_1_283' title='bbox 140 3137 168 3197; x_wconf 90' lang='lat' dir='ltr'><strong>in</strong></span> <span class='ocrx_word' id='word_1_284' title='bbox 192 3134 293 3197; x_wconf 90' lang='lat' dir='ltr'><strong>medio</strong></span> <span class='ocrx_word' id='word_1_285' title='bbox 325 3154 462 3198; x_wconf 90' lang='lat' dir='ltr'><strong>summae</strong></span> <span class='ocrx_word' id='word_1_286' title='bbox 492 3136 653 3199; x_wconf 88' lang='lat' dir='ltr'><strong>densitatis</strong></span> <span class='ocrx_word' id='word_1_287' title='bbox 685 3136 888 3215; x_wconf 82' lang='lat' dir='ltr'><strong>refringantur</strong></span> <span class='ocrx_word' id='word_1_288' title='bbox 915 3135 946 3197; x_wconf 92' lang='lat' dir='ltr'><strong>in</strong></span> <span class='ocrx_word' id='word_1_289' title='bbox 972 3155 1064 3199; x_wconf 91' lang='lat' dir='ltr'><strong>uuam</strong></span> <span class='ocrx_word' id='word_1_290' title='bbox 1094 3137 1178 3199; x_wconf 92' lang='lat' dir='ltr'><strong>illam</strong></span> <span class='ocrx_word' id='word_1_291' title='bbox 1206 3136 1493 3217; x_wconf 89' lang='lat' dir='ltr'><strong>perpendicularem,</strong></span> 
     </span>
     <span class='ocr_line' id='line_1_31' title="bbox 139 3223 1494 3306; baseline -0.001 -19"><span class='ocrx_word' id='word_1_292' title='bbox 139 3242 214 3305; x_wconf 89' lang='lat' dir='ltr'><strong>quae</strong></span> <span class='ocrx_word' id='word_1_293' title='bbox 245 3243 266 3287; x_wconf 88' lang='lat' dir='ltr'><strong>a</strong></span> <span class='ocrx_word' id='word_1_294' title='bbox 293 3233 437 3305; x_wconf 87' lang='lat' dir='ltr'><strong>suscepto</strong></span> <span class='ocrx_word' id='word_1_295' title='bbox 469 3232 581 3306; x_wconf 90' lang='lat' dir='ltr'><strong>puncto</strong></span> <span class='ocrx_word' id='word_1_296' title='bbox 614 3223 644 3286; x_wconf 93' lang='lat' dir='ltr'><strong>in</strong></span> <span class='ocrx_word' id='word_1_297' title='bbox 672 3233 807 3287; x_wconf 88' lang='lat' dir='ltr'><strong>centrum</strong></span> <span class='ocrx_word' id='word_1_298' title='bbox 839 3224 973 3286; x_wconf 85' lang='lat' dir='ltr'><strong>ducitur:</strong></span> <span class='ocrx_word' id='word_1_299' title='bbox 1013 3244 1083 3305; x_wconf 91' lang='lat' dir='ltr'><strong>ergo</strong></span> <span class='ocrx_word' id='word_1_300' title='bbox 1118 3226 1223 3286; x_wconf 91' lang='lat' dir='ltr'><strong>eadem</strong></span> <span class='ocrx_word' id='word_1_301' title='bbox 1255 3224 1494 3287; x_wconf 88' lang='lat' dir='ltr'><strong>ratiocinationis</strong></span> 
     </span>
    </p>
   </div>
   <div class='ocr_carea' id='block_1_3' title="bbox 139 3311 1621 3394">
    <p class='ocr_par' dir='ltr' id='par_1_6' title="bbox 139 3311 1621 3394">
     <span class='ocr_line' id='line_1_32' title="bbox 139 3311 1621 3394; baseline 0.001 -19"><span class='ocrx_word' id='word_1_302' title='bbox 139 3311 284 3375; x_wconf 82' lang='lat' dir='ltr'><strong>methodo</strong></span> <span class='ocrx_word' id='word_1_303' title='bbox 308 3323 444 3376; x_wconf 89' lang='lat' dir='ltr'><strong>ceutmm</strong></span> <span class='ocrx_word' id='word_1_304' title='bbox 467 3313 602 3394; x_wconf 87' lang='lat' dir='ltr'><strong>corporis</strong></span> <span class='ocrx_word' id='word_1_305' title='bbox 625 3311 752 3388; x_wconf 85' lang='lat' dir='ltr'><strong>Solaria,</strong></span> <span class='ocrx_word' id='word_1_306' title='bbox 777 3313 913 3393; x_wconf 83' lang='lat' dir='ltr'><strong>quamvis</strong></span> <span class='ocrx_word' id='word_1_307' title='bbox 937 3313 1018 3375; x_wconf 91' lang='lat' dir='ltr'><strong>iutra</strong></span> <span class='ocrx_word' id='word_1_308' title='bbox 1039 3331 1148 3392; x_wconf 89' lang='lat' dir='ltr'><strong>corpus</strong></span> <span class='ocrx_word' id='word_1_309' title='bbox 1170 3313 1280 3388; x_wconf 87' lang='lat' dir='ltr'><strong>latens,</strong></span> <span class='ocrx_word' id='word_1_310' title='bbox 1304 3323 1495 3392; x_wconf 79' lang='lat' dir='ltr'><strong>porrectam</strong></span> <span class='ocrx_word' id='word_1_311' title='bbox 1616 3378 1621 3389; x_wconf 70' lang='grc'><em>,</em></span> 
     </span>
    </p>
   </div>
   <div class='ocr_carea' id='block_1_4' title="bbox 138 3402 1495 3749">
    <p class='ocr_par' dir='ltr' id='par_1_7' title="bbox 138 3402 1495 3660">
     <span class='ocr_line' id='line_1_33' title="bbox 140 3402 1495 3483; baseline -0.001 -19"><span class='ocrx_word' id='word_1_312' title='bbox 140 3413 239 3464; x_wconf 70' lang='lat' dir='ltr'><strong>umen</strong></span> <span class='ocrx_word' id='word_1_313' title='bbox 264 3421 422 3483; x_wconf 88' lang='lat' dir='ltr'><strong>egressum</strong></span> <span class='ocrx_word' id='word_1_314' title='bbox 444 3403 474 3465; x_wconf 95' lang='lat' dir='ltr'><strong>in</strong></span> <span class='ocrx_word' id='word_1_315' title='bbox 497 3402 665 3482; x_wconf 86' lang='lat' dir='ltr'><strong>superficiei</strong></span> <span class='ocrx_word' id='word_1_316' title='bbox 698 3410 813 3464; x_wconf 88' lang='lat' dir='ltr'><strong>certum</strong></span> <span class='ocrx_word' id='word_1_317' title='bbox 840 3402 962 3481; x_wconf 88' lang='lat' dir='ltr'><strong>aliquod</strong></span> <span class='ocrx_word' id='word_1_318' title='bbox 990 3411 1151 3481; x_wconf 91' lang='lat' dir='ltr'><strong>punctum,</strong></span> <span class='ocrx_word' id='word_1_319' title='bbox 1185 3402 1224 3464; x_wconf 90' lang='lat' dir='ltr'><strong>ab</strong></span> <span class='ocrx_word' id='word_1_320' title='bbox 1248 3421 1283 3463; x_wconf 90' lang='lat' dir='ltr'><strong>eo</strong></span> <span class='ocrx_word' id='word_1_321' title='bbox 1306 3410 1417 3481; x_wconf 86' lang='lat' dir='ltr'><strong>puncto</strong></span> <span class='ocrx_word' id='word_1_322' title='bbox 1441 3420 1495 3481; x_wconf 90' lang='lat' dir='ltr'><strong>per</strong></span> 
     </span>
     <span class='ocr_line' id='line_1_34' title="bbox 138 3490 1495 3571; baseline 0.001 -20"><span class='ocrx_word' id='word_1_323' title='bbox 138 3498 235 3552; x_wconf 92' lang='lat' dir='ltr'><strong>totum</strong></span> <span class='ocrx_word' id='word_1_324' title='bbox 259 3499 422 3571; x_wconf 81' lang='lat' dir='ltr'><strong>spargetur</strong></span> <span class='ocrx_word' id='word_1_325' title='bbox 449 3491 718 3571; x_wconf 88' lang='lat' dir='ltr'><strong>hemisphaerium:</strong></span> <span class='ocrx_word' id='word_1_326' title='bbox 752 3500 784 3552; x_wconf 91' lang='lat' dir='ltr'><strong>et</strong></span> <span class='ocrx_word' id='word_1_327' title='bbox 806 3491 850 3552; x_wconf 88' lang='lat' dir='ltr'><strong>sic</strong></span> <span class='ocrx_word' id='word_1_328' title='bbox 873 3508 929 3569; x_wconf 93' lang='lat' dir='ltr'><strong>per</strong></span> <span class='ocrx_word' id='word_1_329' title='bbox 951 3490 1068 3553; x_wconf 88' lang='lat' dir='ltr'><strong>infinita</strong></span> <span class='ocrx_word' id='word_1_330' title='bbox 1095 3511 1168 3553; x_wconf 88' lang='lat' dir='ltr'><strong>suae</strong></span> <span class='ocrx_word' id='word_1_331' title='bbox 1191 3490 1360 3570; x_wconf 86' lang='lat' dir='ltr'><strong>superficiei</strong></span> <span class='ocrx_word' id='word_1_332' title='bbox 1382 3498 1495 3569; x_wconf 90' lang='lat' dir='ltr'><strong>puncta</strong></span> 
     </span>
     <span class='ocr_line' id='line_1_35' title="bbox 138 3578 944 3660; baseline 0.005 -21"><span class='ocrx_word' id='word_1_333' title='bbox 138 3578 281 3643; x_wconf 83' lang='lat' dir='ltr'><strong>inlinits&#39;es</strong></span> <span class='ocrx_word' id='word_1_334' title='bbox 303 3597 360 3660; x_wconf 92' lang='lat' dir='ltr'><strong>per</strong></span> <span class='ocrx_word' id='word_1_335' title='bbox 381 3587 479 3642; x_wconf 92' lang='lat' dir='ltr'><strong>totum</strong></span> <span class='ocrx_word' id='word_1_336' title='bbox 500 3587 660 3660; x_wconf 86' lang='lat' dir='ltr'><strong>spargetur</strong></span> <span class='ocrx_word' id='word_1_337' title='bbox 683 3579 944 3659; x_wconf 89' lang='lat' dir='ltr'><strong>hemisphaerium.</strong></span> 
     </span>
    </p>

    <p class='ocr_par' dir='ltr' id='par_1_8' title="bbox 224 3666 1492 3749">
     <span class='ocr_line' id='line_1_36' title="bbox 224 3666 1492 3749; baseline -0.004 -17"><span class='ocrx_word' id='word_1_338' title='bbox 224 3669 346 3732; x_wconf 81' lang='lat' dir='ltr'><strong>Puncta</strong></span> <span class='ocrx_word' id='word_1_339' title='bbox 367 3687 439 3731; x_wconf 85' lang='lat' dir='ltr'><strong>vero</strong></span> <span class='ocrx_word' id='word_1_340' title='bbox 462 3676 549 3731; x_wconf 84' lang='lat' dir='ltr'><strong>extra</strong></span> <span class='ocrx_word' id='word_1_341' title='bbox 572 3677 720 3743; x_wconf 88' lang='lat' dir='ltr'><strong>centrum,</strong></span> <span class='ocrx_word' id='word_1_342' title='bbox 749 3667 775 3729; x_wconf 92' lang='lat' dir='ltr'><strong>si</strong></span> <span class='ocrx_word' id='word_1_343' title='bbox 805 3687 894 3749; x_wconf 90' lang='lat' dir='ltr'><strong>quam</strong></span> <span class='ocrx_word' id='word_1_344' title='bbox 926 3676 959 3730; x_wconf 87' lang='lat' dir='ltr'><strong>ot</strong></span> <span class='ocrx_word' id='word_1_345' title='bbox 980 3666 1048 3747; x_wconf 88' lang='lat' dir='ltr'><strong>ipsa</strong></span> <span class='ocrx_word' id='word_1_346' title='bbox 1077 3668 1172 3729; x_wconf 90' lang='lat' dir='ltr'><strong>lucem</strong></span> <span class='ocrx_word' id='word_1_347' title='bbox 1195 3685 1233 3727; x_wconf 87' lang='lat' dir='ltr'><strong>ex</strong></span> <span class='ocrx_word' id='word_1_348' title='bbox 1255 3666 1372 3729; x_wconf 87' lang='lat' dir='ltr'><strong>animae</strong></span> <span class='ocrx_word' id='word_1_349' title='bbox 1396 3667 1492 3727; x_wconf 83' lang='lat' dir='ltr'><strong>infor-</strong></span> 
     </span>
    </p>
   </div>
   <div class='ocr_carea' id='block_1_5' title="bbox 136 3754 1495 4194">
    <p class='ocr_par' dir='ltr' id='par_1_9' title="bbox 136 3754 1495 4194">
     <span class='ocr_line' id='line_1_37' title="bbox 136 3754 1495 3837; baseline -0.004 -16"><span class='ocrx_word' id='word_1_350' title='bbox 136 3758 270 3821; x_wconf 85' lang='lat' dir='ltr'><strong>matione</strong></span> <span class='ocrx_word' id='word_1_351' title='bbox 294 3757 444 3831; x_wconf 90' lang='lat' dir='ltr'><strong>obtinent,</strong></span> <span class='ocrx_word' id='word_1_352' title='bbox 467 3776 527 3820; x_wconf 94' lang='lat' dir='ltr'><strong>uon</strong></span> <span class='ocrx_word' id='word_1_353' title='bbox 550 3766 731 3837; x_wconf 76' lang='lat' dir='ltr'><strong>spargentur</strong></span> <span class='ocrx_word' id='word_1_354' title='bbox 753 3758 835 3818; x_wconf 90' lang='lat' dir='ltr'><strong>foras</strong></span> <span class='ocrx_word' id='word_1_355' title='bbox 859 3757 887 3819; x_wconf 92' lang='lat' dir='ltr'><strong>in</strong></span> <span class='ocrx_word' id='word_1_356' title='bbox 911 3758 975 3819; x_wconf 89' lang='lat' dir='ltr'><strong>ulla</strong></span> <span class='ocrx_word' id='word_1_357' title='bbox 997 3756 1059 3818; x_wconf 91' lang='lat' dir='ltr'><strong>alia</strong></span> <span class='ocrx_word' id='word_1_358' title='bbox 1080 3756 1162 3819; x_wconf 90' lang='lat' dir='ltr'><strong>linea</strong></span> <span class='ocrx_word' id='word_1_359' title='bbox 1188 3757 1237 3830; x_wconf 88' lang='lat' dir='ltr'><strong>(ut</strong></span> <span class='ocrx_word' id='word_1_360' title='bbox 1259 3756 1342 3837; x_wconf 91' lang='lat' dir='ltr'><strong>prius</strong></span> <span class='ocrx_word' id='word_1_361' title='bbox 1366 3754 1495 3829; x_wconf 72' lang='lat' dir='ltr'><strong>dictum),</strong></span> 
     </span>
     <span class='ocr_line' id='line_1_38' title="bbox 137 3843 1495 3926; baseline -0.001 -18"><span class='ocrx_word' id='word_1_362' title='bbox 137 3845 194 3910; x_wconf 87' lang='lat' dir='ltr'><strong>uisi</strong></span> <span class='ocrx_word' id='word_1_363' title='bbox 217 3847 249 3909; x_wconf 92' lang='lat' dir='ltr'><strong>in</strong></span> <span class='ocrx_word' id='word_1_364' title='bbox 270 3865 316 3922; x_wconf 85' lang='lat' dir='ltr'><strong>ea,</strong></span> <span class='ocrx_word' id='word_1_365' title='bbox 341 3864 418 3926; x_wconf 88' lang='lat' dir='ltr'><strong>quaa</strong></span> <span class='ocrx_word' id='word_1_366' title='bbox 441 3866 480 3908; x_wconf 85' lang='lat' dir='ltr'><strong>ex</strong></span> <span class='ocrx_word' id='word_1_367' title='bbox 502 3865 536 3918; x_wconf 82' lang='lat' dir='ltr'><strong>se</strong></span> <span class='ocrx_word' id='word_1_368' title='bbox 559 3865 613 3926; x_wconf 93' lang='lat' dir='ltr'><strong>per</strong></span> <span class='ocrx_word' id='word_1_369' title='bbox 627 3854 761 3907; x_wconf 90' lang='lat' dir='ltr'><strong>centrum</strong></span> <span class='ocrx_word' id='word_1_370' title='bbox 775 3845 907 3908; x_wconf 88' lang='lat' dir='ltr'><strong>ducitur:</strong></span> <span class='ocrx_word' id='word_1_371' title='bbox 933 3854 966 3907; x_wconf 89' lang='lat' dir='ltr'><strong>et</strong></span> <span class='ocrx_word' id='word_1_372' title='bbox 982 3844 1025 3907; x_wconf 89' lang='lat' dir='ltr'><strong>sic</strong></span> <span class='ocrx_word' id='word_1_373' title='bbox 1040 3845 1240 3925; x_wconf 88' lang='lat' dir='ltr'><strong>cujuscunque</strong></span> <span class='ocrx_word' id='word_1_374' title='bbox 1255 3843 1359 3925; x_wconf 90' lang='lat' dir='ltr'><strong>puncti</strong></span> <span class='ocrx_word' id='word_1_375' title='bbox 1372 3851 1495 3925; x_wconf 89' lang='lat' dir='ltr'><strong>praeter</strong></span> 
     </span>
     <span class='ocr_line' id='line_1_39' title="bbox 136 3933 1494 4016; baseline -0.002 -18"><span class='ocrx_word' id='word_1_376' title='bbox 136 3945 274 3998; x_wconf 84' lang='lat' dir='ltr'><strong>centrum</strong></span> <span class='ocrx_word' id='word_1_377' title='bbox 301 3935 432 3998; x_wconf 85' lang='lat' dir='ltr'><strong>radiatio</strong></span> <span class='ocrx_word' id='word_1_378' title='bbox 463 3937 493 3996; x_wconf 94' lang='lat' dir='ltr'><strong>iu</strong></span> <span class='ocrx_word' id='word_1_379' title='bbox 525 3935 666 3997; x_wconf 90' lang='lat' dir='ltr'><strong>mundum</strong></span> <span class='ocrx_word' id='word_1_380' title='bbox 698 3933 948 4013; x_wconf 87' lang='lat' dir='ltr'><strong>hemisphaeralis</strong></span> <span class='ocrx_word' id='word_1_381' title='bbox 985 3953 1051 3996; x_wconf 90' lang='lat' dir='ltr'><strong>cum</strong></span> <span class='ocrx_word' id='word_1_382' title='bbox 1078 3954 1139 3996; x_wconf 91' lang='lat' dir='ltr'><strong>una</strong></span> <span class='ocrx_word' id='word_1_383' title='bbox 1171 3934 1273 4016; x_wconf 89' lang='lat' dir='ltr'><strong>aliqua</strong></span> <span class='ocrx_word' id='word_1_384' title='bbox 1304 3953 1343 3995; x_wconf 85' lang='lat' dir='ltr'><strong>ex</strong></span> <span class='ocrx_word' id='word_1_385' title='bbox 1369 3933 1494 3995; x_wconf 89' lang='lat' dir='ltr'><strong>infinitis</strong></span> 
     </span>
     <span class='ocr_line' id='line_1_40' title="bbox 136 4021 1493 4104; baseline -0.004 -16"><span class='ocrx_word' id='word_1_386' title='bbox 136 4024 234 4088; x_wconf 72' lang='lat' dir='ltr'><strong>aaut</strong></span> <span class='ocrx_word' id='word_1_387' title='bbox 247 4024 539 4104; x_wconf 83' lang='lat' dir='ltr'><strong>hemisphacrslibus</strong></span> <span class='ocrx_word' id='word_1_388' title='bbox 553 4022 772 4086; x_wconf 89' lang='lat' dir='ltr'><strong>radiationibus</strong></span> <span class='ocrx_word' id='word_1_389' title='bbox 787 4023 946 4097; x_wconf 90' lang='lat' dir='ltr'><strong>coincidit;</strong></span> <span class='ocrx_word' id='word_1_390' title='bbox 971 4041 1026 4084; x_wconf 91' lang='lat' dir='ltr'><strong>nec</strong></span> <span class='ocrx_word' id='word_1_391' title='bbox 1040 4021 1099 4084; x_wconf 88' lang='lat' dir='ltr'><strong>erit</strong></span> <span class='ocrx_word' id='word_1_392' title='bbox 1112 4023 1204 4085; x_wconf 93' lang='lat' dir='ltr'><strong>ullum</strong></span> <span class='ocrx_word' id='word_1_393' title='bbox 1222 4024 1251 4084; x_wconf 92' lang='lat' dir='ltr'><strong>in</strong></span> <span class='ocrx_word' id='word_1_394' title='bbox 1269 4022 1493 4103; x_wconf 83' lang='lat' dir='ltr'><strong>propinquitate</strong></span> 
     </span>
     <span class='ocr_line' id='line_1_41' title="bbox 137 4110 1493 4194; baseline -0.003 -19"><span class='ocrx_word' id='word_1_395' title='bbox 137 4113 233 4176; x_wconf 79' lang='lat' dir='ltr'><strong>centri</strong></span> <span class='ocrx_word' id='word_1_396' title='bbox 255 4112 461 4194; x_wconf 77' lang='lat' dir='ltr'><strong>priuilegium:</strong></span> <span class='ocrx_word' id='word_1_397' title='bbox 492 4119 524 4175; x_wconf 89' lang='lat' dir='ltr'><strong>et</strong></span> <span class='ocrx_word' id='word_1_398' title='bbox 550 4131 655 4182; x_wconf 81' lang='lat' dir='ltr'><strong>unum</strong></span> <span class='ocrx_word' id='word_1_399' title='bbox 673 4119 807 4174; x_wconf 90' lang='lat' dir='ltr'><strong>centrum</strong></span> <span class='ocrx_word' id='word_1_400' title='bbox 835 4111 1058 4193; x_wconf 89' lang='lat' dir='ltr'><strong>aequepollebit</strong></span> <span class='ocrx_word' id='word_1_401' title='bbox 1084 4111 1223 4174; x_wconf 86' lang='lat' dir='ltr'><strong>universo</strong></span> <span class='ocrx_word' id='word_1_402' title='bbox 1256 4110 1382 4190; x_wconf 89' lang='lat' dir='ltr'><strong>corpori.</strong></span> <span class='ocrx_word' id='word_1_403' title='bbox 1429 4110 1493 4172; x_wconf 91' lang='lat' dir='ltr'><strong>lmo</strong></span> 
     </span>
    </p>
   </div>
   <div class='ocr_carea' id='block_1_6' title="bbox 118 4366 1494 5005">
    <p class='ocr_par' dir='ltr' id='par_1_10' title="bbox 118 4366 1494 5005">
     <span class='ocr_line' id='line_1_42' title="bbox 223 4366 1494 4444; baseline -0.006 -16"><span class='ocrx_word' id='word_1_404' title='bbox 223 4369 255 4443; x_wconf 78' lang='lat'><strong>⁸)</strong></span> <span class='ocrx_word' id='word_1_405' title='bbox 274 4373 437 4444; x_wconf 84' lang='lat' dir='ltr'><strong>Respondet</strong></span> <span class='ocrx_word' id='word_1_406' title='bbox 464 4371 535 4428; x_wconf 87' lang='lat' dir='ltr'><strong>haec</strong></span> <span class='ocrx_word' id='word_1_407' title='bbox 562 4372 666 4427; x_wconf 87' lang='lat' dir='ltr'><strong>Terrae</strong></span> <span class='ocrx_word' id='word_1_408' title='bbox 695 4370 819 4426; x_wconf 57' lang='lat' dir='ltr'><strong>&amp;cultas</strong></span> <span class='ocrx_word' id='word_1_409' title='bbox 854 4369 1005 4426; x_wconf 85' lang='lat' dir='ltr'><strong>formatrici</strong></span> <span class='ocrx_word' id='word_1_410' title='bbox 1033 4369 1163 4425; x_wconf 60' lang='lat' dir='ltr'><strong>iaculati</strong></span> <span class='ocrx_word' id='word_1_411' title='bbox 1189 4367 1262 4423; x_wconf 88' lang='lat' dir='ltr'><strong>utari</strong></span> <span class='ocrx_word' id='word_1_412' title='bbox 1290 4366 1425 4428; x_wconf 76' lang='lat' dir='ltr'><strong>materni:</strong></span> <span class='ocrx_word' id='word_1_413' title='bbox 1460 4374 1494 4421; x_wconf 89' lang='lat' dir='ltr'><strong>ut</strong></span> 
     </span>
     <span class='ocr_line' id='line_1_43' title="bbox 135 4448 1492 4522; baseline -0.007 -11"><span class='ocrx_word' id='word_1_414' title='bbox 135 4456 256 4511; x_wconf 83' lang='lat' dir='ltr'><strong>alteram</strong></span> <span class='ocrx_word' id='word_1_415' title='bbox 283 4453 402 4518; x_wconf 76' lang='lat' dir='ltr'><strong>alterim</strong></span> <span class='ocrx_word' id='word_1_416' title='bbox 432 4452 577 4522; x_wconf 84' lang='lat' dir='ltr'><strong>exemplar</strong></span> <span class='ocrx_word' id='word_1_417' title='bbox 607 4453 679 4506; x_wconf 77' lang='lat' dir='ltr'><strong>forte</strong></span> <span class='ocrx_word' id='word_1_418' title='bbox 699 4459 730 4506; x_wconf 89' lang='lat' dir='ltr'><strong>et</strong></span> <span class='ocrx_word' id='word_1_419' title='bbox 757 4452 879 4506; x_wconf 88' lang='lat' dir='ltr'><strong>sobolem</strong></span> <span class='ocrx_word' id='word_1_420' title='bbox 909 4468 971 4505; x_wconf 87' lang='lat' dir='ltr'><strong>esse</strong></span> <span class='ocrx_word' id='word_1_421' title='bbox 992 4450 1030 4504; x_wconf 88' lang='lat' dir='ltr'><strong>sit</strong></span> <span class='ocrx_word' id='word_1_422' title='bbox 1055 4450 1250 4504; x_wconf 85' lang='lat' dir='ltr'><strong>necessarium.</strong></span> <span class='ocrx_word' id='word_1_423' title='bbox 1292 4448 1363 4502; x_wconf 85' lang='lat' dir='ltr'><strong>Nam</strong></span> <span class='ocrx_word' id='word_1_424' title='bbox 1386 4448 1492 4517; x_wconf 83' lang='lat' dir='ltr'><strong>figuras</strong></span> 
     </span>
     <span class='ocr_line' id='line_1_44' title="bbox 135 4526 1492 4604; baseline -0.008 -14"><span class='ocrx_word' id='word_1_425' title='bbox 135 4538 237 4590; x_wconf 76' lang='lat' dir='ltr'><strong>forms</strong></span> <span class='ocrx_word' id='word_1_426' title='bbox 263 4551 319 4590; x_wconf 90' lang='lat' dir='ltr'><strong>non</strong></span> <span class='ocrx_word' id='word_1_427' title='bbox 349 4539 458 4589; x_wconf 68' lang='lat' dir='ltr'><strong>tanturm</strong></span> <span class='ocrx_word' id='word_1_428' title='bbox 485 4532 669 4604; x_wconf 81' lang='lat' dir='ltr'><strong>geometricas</strong></span> <span class='ocrx_word' id='word_1_429' title='bbox 698 4527 740 4601; x_wconf 85' lang='lat' dir='ltr'><strong>(in</strong></span> <span class='ocrx_word' id='word_1_430' title='bbox 766 4534 914 4585; x_wconf 87' lang='lat' dir='ltr'><strong>adamante</strong></span> <span class='ocrx_word' id='word_1_431' title='bbox 944 4529 1146 4600; x_wconf 84' lang='lat' dir='ltr'><strong>perfectissima</strong></span> <span class='ocrx_word' id='word_1_432' title='bbox 1176 4530 1327 4591; x_wconf 70' lang='lat' dir='ltr'><strong>tetraddra,</strong></span> <span class='ocrx_word' id='word_1_433' title='bbox 1358 4528 1442 4580; x_wconf 90' lang='lat' dir='ltr'><strong>cubos</strong></span> <span class='ocrx_word' id='word_1_434' title='bbox 1463 4526 1492 4579; x_wconf 95' lang='lat' dir='ltr'><strong>in</strong></span> 
     </span>
     <span class='ocr_line' id='line_1_45' title="bbox 134 4605 1490 4684; baseline -0.008 -15"><span class='ocrx_word' id='word_1_435' title='bbox 134 4615 219 4670; x_wconf 76' lang='lat' dir='ltr'><strong>variis</strong></span> <span class='ocrx_word' id='word_1_436' title='bbox 239 4614 378 4679; x_wconf 86' lang='lat' dir='ltr'><strong>materiis,</strong></span> <span class='ocrx_word' id='word_1_437' title='bbox 398 4613 427 4668; x_wconf 93' lang='lat' dir='ltr'><strong>in</strong></span> <span class='ocrx_word' id='word_1_438' title='bbox 449 4630 514 4668; x_wconf 86' lang='lat' dir='ltr'><strong>aare</strong></span> <span class='ocrx_word' id='word_1_439' title='bbox 534 4619 685 4684; x_wconf 84' lang='lat' dir='ltr'><strong>argentoso</strong></span> <span class='ocrx_word' id='word_1_440' title='bbox 705 4612 831 4666; x_wconf 87' lang='lat' dir='ltr'><strong>Dresdae</strong></span> <span class='ocrx_word' id='word_1_441' title='bbox 853 4611 1019 4665; x_wconf 85' lang='lat' dir='ltr'><strong>anteriorem</strong></span> <span class='ocrx_word' id='word_1_442' title='bbox 1040 4609 1137 4663; x_wconf 77' lang='lat' dir='ltr'><strong>faciem</strong></span> <span class='ocrx_word' id='word_1_443' title='bbox 1165 4606 1341 4670; x_wconf 74' lang='lat' dir='ltr'><strong>dodecaddri,</strong></span> <span class='ocrx_word' id='word_1_444' title='bbox 1363 4606 1391 4659; x_wconf 92' lang='lat' dir='ltr'><strong>iu</strong></span> <span class='ocrx_word' id='word_1_445' title='bbox 1411 4605 1490 4659; x_wconf 85' lang='lat' dir='ltr'><strong>fossi·</strong></span> 
     </span>
     <span class='ocr_line' id='line_1_46' title="bbox 135 4684 1490 4752; baseline -0.009 -2"><span class='ocrx_word' id='word_1_446' title='bbox 135 4695 207 4750; x_wconf 87' lang='lat' dir='ltr'><strong>libus</strong></span> <span class='ocrx_word' id='word_1_447' title='bbox 236 4693 407 4750; x_wconf 84' lang='lat' dir='ltr'><strong>thermarum</strong></span> <span class='ocrx_word' id='word_1_448' title='bbox 427 4692 597 4748; x_wconf 87' lang='lat' dir='ltr'><strong>Bollensium</strong></span> <span class='ocrx_word' id='word_1_449' title='bbox 617 4691 781 4746; x_wconf 87' lang='lat' dir='ltr'><strong>anteriorem</strong></span> <span class='ocrx_word' id='word_1_450' title='bbox 802 4690 901 4745; x_wconf 84' lang='lat' dir='ltr'><strong>faciem</strong></span> <span class='ocrx_word' id='word_1_451' title='bbox 922 4689 1056 4744; x_wconf 73' lang='lat' dir='ltr'><strong>icosaddri</strong></span> <span class='ocrx_word' id='word_1_452' title='bbox 1074 4684 1151 4752; x_wconf 78' lang='lat' dir='ltr'><strong>vidi),</strong></span> <span class='ocrx_word' id='word_1_453' title='bbox 1173 4688 1220 4741; x_wconf 89' lang='lat' dir='ltr'><strong>sed</strong></span> <span class='ocrx_word' id='word_1_454' title='bbox 1242 4687 1325 4741; x_wconf 81' lang='lat' dir='ltr'><strong>etiam</strong></span> <span class='ocrx_word' id='word_1_455' title='bbox 1346 4687 1490 4748; x_wconf 88' lang='lat' dir='ltr'><strong>humanas,</strong></span> 
     </span>
     <span class='ocr_line' id='line_1_47' title="bbox 118 4770 1491 4846; baseline -0.011 -15"><span class='ocrx_word' id='word_1_456' title='bbox 118 4774 240 4830; x_wconf 75' lang='lat' dir='ltr'><strong>¹iar’inss</strong></span> <span class='ocrx_word' id='word_1_457' title='bbox 262 4771 321 4840; x_wconf 66' lang='lat' dir='ltr'><strong>lc,</strong></span> <span class='ocrx_word' id='word_1_458' title='bbox 341 4789 435 4846; x_wconf 86' lang='lat' dir='ltr'><strong>regas,</strong></span> <span class='ocrx_word' id='word_1_459' title='bbox 456 4772 608 4843; x_wconf 82' lang='lat' dir='ltr'><strong>pontifices,</strong></span> <span class='ocrx_word' id='word_1_460' title='bbox 630 4771 794 4834; x_wconf 89' lang='lat' dir='ltr'><strong>monachos,</strong></span> <span class='ocrx_word' id='word_1_461' title='bbox 815 4770 933 4836; x_wconf 85' lang='lat' dir='ltr'><strong>milites,</strong></span> <span class='ocrx_word' id='word_1_462' title='bbox 955 4770 1054 4824; x_wconf 91' lang='lat' dir='ltr'><strong>habitu</strong></span> <span class='ocrx_word' id='word_1_463' title='bbox 1072 4786 1105 4821; x_wconf 90' lang='lat' dir='ltr'><strong>eo</strong></span> <span class='ocrx_word' id='word_1_464' title='bbox 1126 4784 1204 4837; x_wconf 59' lang='lat' dir='ltr'><strong>meur</strong></span> <span class='ocrx_word' id='word_1_465' title='bbox 1218 4784 1283 4820; x_wconf 79' lang='lat' dir='ltr'><strong>rere</strong></span> <span class='ocrx_word' id='word_1_466' title='bbox 1305 4773 1421 4838; x_wconf 88' lang='lat' dir='ltr'><strong>gestant</strong></span> <span class='ocrx_word' id='word_1_467' title='bbox 1439 4779 1491 4835; x_wconf 92' lang='lat' dir='ltr'><strong>pro</strong></span> 
     </span>
     <span class='ocr_line' id='line_1_48' title="bbox 135 4841 1490 4927; baseline -0.012 -15"><span class='ocrx_word' id='word_1_468' title='bbox 135 4861 275 4927; x_wconf 79' lang='lat' dir='ltr'><strong>tempora,</strong></span> <span class='ocrx_word' id='word_1_469' title='bbox 305 4854 346 4910; x_wconf 90' lang='lat' dir='ltr'><strong>sic</strong></span> <span class='ocrx_word' id='word_1_470' title='bbox 365 4853 507 4918; x_wconf 86' lang='lat' dir='ltr'><strong>cochleas,</strong></span> <span class='ocrx_word' id='word_1_471' title='bbox 538 4851 705 4915; x_wconf 65' lang='lat' dir='ltr'><strong>testudines,</strong></span> <span class='ocrx_word' id='word_1_472' title='bbox 735 4851 918 4921; x_wconf 82' lang='lat' dir='ltr'><strong>amygdalas,</strong></span> <span class='ocrx_word' id='word_1_473' title='bbox 948 4867 1046 4914; x_wconf 84' lang='lat' dir='ltr'><strong>nuces,</strong></span> <span class='ocrx_word' id='word_1_474' title='bbox 1077 4863 1180 4901; x_wconf 87' lang='lat' dir='ltr'><strong>cornua</strong></span> <span class='ocrx_word' id='word_1_475' title='bbox 1200 4845 1247 4901; x_wconf 82' lang='lat' dir='ltr'><strong>dcc.</strong></span> <span class='ocrx_word' id='word_1_476' title='bbox 1279 4846 1391 4917; x_wconf 91' lang='lat' dir='ltr'><strong>perinde</strong></span> <span class='ocrx_word' id='word_1_477' title='bbox 1412 4841 1490 4898; x_wconf 90' lang='lat' dir='ltr'><strong>acsi</strong></span> 
     </span>
     <span class='ocr_line' id='line_1_49' title="bbox 134 4922 1489 5005; baseline -0.013 -13"><span class='ocrx_word' id='word_1_478' title='bbox 134 4936 225 4991; x_wconf 81' lang='lat' dir='ltr'><strong>instar</strong></span> <span class='ocrx_word' id='word_1_479' title='bbox 253 4934 375 4991; x_wconf 78' lang='lat' dir='ltr'><strong>feminas</strong></span> <span class='ocrx_word' id='word_1_480' title='bbox 404 4932 588 5005; x_wconf 82' lang='lat' dir='ltr'><strong>praegnantis</strong></span> <span class='ocrx_word' id='word_1_481' title='bbox 618 4932 732 4986; x_wconf 88' lang='lat' dir='ltr'><strong>horrore</strong></span> <span class='ocrx_word' id='word_1_482' title='bbox 752 4947 789 4985; x_wconf 85' lang='lat' dir='ltr'><strong>ex</strong></span> <span class='ocrx_word' id='word_1_483' title='bbox 816 4931 900 4986; x_wconf 90' lang='lat' dir='ltr'><strong>rebus</strong></span> <span class='ocrx_word' id='word_1_484' title='bbox 927 4927 1132 4985; x_wconf 85' lang='lat' dir='ltr'><strong>occurrentibus</strong></span> <span class='ocrx_word' id='word_1_485' title='bbox 1160 4928 1270 4991; x_wconf 85' lang='lat' dir='ltr'><strong>oborto,</strong></span> <span class='ocrx_word' id='word_1_486' title='bbox 1299 4927 1404 4998; x_wconf 88' lang='lat' dir='ltr'><strong>figuras</strong></span> <span class='ocrx_word' id='word_1_487' title='bbox 1424 4922 1489 4976; x_wconf 89' lang='lat' dir='ltr'><strong>illas</strong></span> 
     </span>
    </p>
   </div>
   <div class='ocr_carea' id='block_1_7' title="bbox 134 5010 857 5088">
    <p class='ocr_par' dir='ltr' id='par_1_11' title="bbox 134 5010 857 5088">
     <span class='ocr_line' id='line_1_50' title="bbox 134 5010 857 5088; baseline -0.011 -15"><span class='ocrx_word' id='word_1_488' title='bbox 134 5032 185 5087; x_wconf 82' lang='lat' dir='ltr'><strong>par</strong></span> <span class='ocrx_word' id='word_1_489' title='bbox 204 5016 434 5088; x_wconf 71' lang='lat' dir='ltr'><strong>imaginatiosm</strong></span> <span class='ocrx_word' id='word_1_490' title='bbox 453 5012 677 5083; x_wconf 81' lang='lat' dir='ltr'><strong>transplantaret</strong></span> <span class='ocrx_word' id='word_1_491' title='bbox 695 5010 725 5065; x_wconf 89' lang='lat' dir='ltr'><strong>in</strong></span> <span class='ocrx_word' id='word_1_492' title='bbox 744 5010 857 5066; x_wconf 83' lang='lat' dir='ltr'><strong>foetum.</strong></span> 
     </span>
    </p>
   </div>
   <div class='ocr_carea' id='block_1_8' title="bbox 0 0 1850 5842">
    <p class='ocr_par' dir='ltr' id='par_1_12' title="bbox 0 0 1850 5842">
     <span class='ocr_line' id='line_1_51' title="bbox 0 0 1850 5842; baseline 0 3"><span class='ocrx_word' id='word_1_493' title='bbox 0 0 1850 5842; x_wconf 95' lang='lat' dir='ltr'><strong> </strong></span> 
     </span>
    </p>
   </div>
  </div>
 </body>
</html>
