3692 5842
752 458 784 509 uo
800 458 869 509 rous
888 456 1042 509 Saturnusu-
1061 457 1107 511 se.
1206 424 1209 431 ’
1543 463 1610 533 455

247 632 339 693 Haec
362 630 477 711 effigies
501 649 567 691 cum
590 648 669 709 gena
691 633 800 694 dextra
824 633 974 696 latissima
998 635 1114 696 {nacula
1141 636 1329 698 connectitur
1360 639 1493 701 flexuoso
1518 642 1612 707 ductu

248 720 407 794 maculae,
433 720 481 799 qui
506 721 750 799 quamproxime
776 720 961 784 Graecorum
985 721 1002 795 ξ
1025 732 1236 802 repraesentat
1260 726 1287 785 in
1313 727 1393 807 typis
1416 728 1509 793 Hem.
1534 729 1606 793 Ste-

250 807 356 890 pbsui.
380 808 415 869 In
438 828 517 888 gena
540 808 607 887 ipsa
630 805 826 872 bdistinctas
851 831 974 873 nurnero
998 812 1113 873 lucidas
1138 812 1252 875 insulas
1276 814 1304 874 in
1330 825 1413 877 recta
1436 825 1612 882 transversa

251 916 361 960 uersus
384 915 430 958 os.

341 985 421 1047 Dum
453 985 529 1047 baec
562 985 681 1058 scribo,
718 984 747 1046 in
780 1007 886 1049 manus
919 1008 1003 1049 aneas
1036 989 1119 1050 venit
1144 988 1313 1069 importuna
1345 991 1452 1052 charta
1480 994 1609 1057 bominis

250 1075 391 1148 Bohemi,
415 1074 551 1135 Mutinae
576 1093 697 1136 excusa.
745 1076 854 1137 Mirans
879 1077 1082 1139 adolescentis
1106 1079 1327 1151 temeritatem,
1353 1082 1416 1159 qui,
1443 1084 1609 1145 mussitan-

252 1164 338 1225 tibus
362 1163 497 1224 omnibus
521 1162 619 1223 doctis
643 1163 802 1241 indigenis,
827 1166 908 1224 solus
933 1166 1112 1245 obloquitur,
1138 1167 1201 1244 ipse
1217 1168 1401 1245 peregrinus,
1428 1173 1609 1235 renaudum

250 1261 418 1331 cornpertn.
452 1250 561 1324 Credo,
586 1259 620 1311 ut
635 1250 829 1314 histrionibus
849 1272 980 1332 persona
1003 1254 1047 1315 sic
1071 1255 1098 1314 ei
1123 1256 1241 1316 novitas
1267 1267 1297 1317 et
1321 1259 1448 1318 nominis
1472 1259 1609 1322 obscuri-

251 1352 305 1403 tas
328 1340 484 1402 audaciam
508 1341 635 1401 addidit.
682 1342 731 1402 An
756 1341 850 1402 habes
875 1352 906 1402 tu
932 1342 1071 1403 fortassis
1096 1345 1228 1404 aemulos
1248 1345 1353 1420 Italos,
1380 1348 1428 1425 qui
1455 1349 1609 1409 conduxe-

251 1437 324 1493 runt
337 1449 458 1509 operam
479 1429 636 1508 peregrini,
663 1438 697 1490 ut
711 1449 807 1491 meam
823 1429 967 1491 Germani
989 1430 1166 1492 invidiosam
1183 1433 1426 1495 dissertationem
1441 1438 1611 1514 petulantia

251 1518 381 1581 Bobemi
399 1518 633 1579 ulciscerentur?
672 1518 816 1597 indignae
831 1519 960 1597 paginae
985 1520 1013 1580 in
1040 1520 1145 1598 quibus
1169 1531 1286 1599 tempus
1310 1531 1410 1598 teras3
1435 1526 1489 1585 sed
1509 1533 1609 1588 tamen

253 1607 325 1687 quia
353 1626 422 1668 mea
444 1607 576 1686 epistola
599 1606 751 1682 abutitur,
776 1609 868 1668 statui
893 1609 1038 1668 rationem
1064 1609 1118 1669 tibi
1143 1611 1361 1688 quodammodo
1386 1613 1511 1674 reddere
1536 1615 1610 1677 iacti

252 1695 354 1758 alieni.
400 1696 534 1756 Noscere
563 1715 609 1755 me
634 1696 732 1774 coepit
755 1696 891 1774 Progne,
923 1697 992 1756 anni
1017 1707 1086 1757 suut
1116 1699 1238 1776 aliquot.
1286 1698 1439 1778 Superiori
1463 1701 1608 1764 Jauuario

251 1804 320 1847 cum
339 1803 433 1864 opera
455 1803 522 1846 mea
537 1784 694 1861 indigeret,
721 1786 815 1846 literis
830 1785 968 1845 Bononia
991 1786 1091 1846 missis
1116 1788 1194 1847 fores
1219 1788 1368 1850 amicitiae
1386 1809 1471 1850 meae
1490 1793 1611 1870 pulsare

251 1873 364 1953 coepit.
403 1873 465 1934 Vix
481 1874 601 1934 tandem
626 1874 735 1951 agnovi
760 1874 826 1952 quis
850 1883 942 1935 esset.
982 1872 1076 1952 Coepi
1101 1876 1137 1934 de
1162 1894 1238 1935 nnvo
1263 1877 1363 1938 favere
1388 1878 1508 1952 homini,
1532 1882 1610 1960 quod

250 1963 408 2024 studiosus
432 1970 515 2022 esset
539 1961 693 2022 literarum
718 1971 748 2022 et
773 1962 839 2022 mei.
888 1963 930 2024 Ut
953 1963 1079 2039 primum
1105 1963 1237 2025 intellexi
1264 1984 1300 2025 ex
1325 1966 1389 2044 ejus
1411 1967 1517 2043 literis,
1542 1987 1610 2030 esse

251 2050 309 2112 tibi
339 2051 576 2124 obtrectatores,
611 2048 706 2130 ipsum
731 2070 801 2110 rere
826 2051 910 2129 sequi
935 2051 1034 2112 studia
1058 2051 1153 2127 vulgi,
1186 2069 1315 2129 gnarus,
1350 2073 1438 2133 quam
1463 2074 1499 2116 ea
1522 2057 1609 2118 novis

251 2140 379 2201 obstent
402 2139 551 2211 inventis,
575 2139 733 2218 properavi
759 2140 795 2199 ad
821 2149 850 2199 te
875 2140 1021 2208 scribere,
1046 2141 1071 2200 si
1097 2141 1172 2201 l'orte
1197 2141 1398 2220 praeriperem
1423 2144 1608 2207 occasiones.

251 2228 304 2291 Ad
329 2229 427 2307 ipsum
451 2229 605 2306 exemplar
629 2226 777 2305 epistolae
802 2228 966 2305 impressae
990 2228 1071 2299 misi,
1098 2237 1131 2289 ut
1151 2249 1188 2289 ex
1212 2249 1247 2289 eo
1276 2231 1408 2293 disceret
1431 2232 1478 2293 vel
1503 2252 1610 2312 sapere

252 2317 303 2378 vel
326 2325 410 2378 certe
430 2313 549 2397 s'rrsgsu.
588 2313 668 2385 Quid
693 2335 764 2376 rero
789 2316 814 2376 is
839 2336 873 2377 eo
899 2316 1013 2389 iecerit,
1037 2317 1131 2377 rides.
1170 2318 1344 2380 Amicitiam
1368 2321 1454 2395 lianc,
1479 2321 1610 2401 inquam,

251 2406 378 2467 uixdum
402 2405 614 2467 obscurissime
639 2404 753 2483 spirare
773 2404 878 2478 visam,
904 2413 999 2465 morte
1024 2405 1226 2467 famosissima
1245 2407 1407 2486 jugulavit.
1454 2410 1608 2478 Arcanum

252 2495 311 2557 boc
335 2495 431 2567 effert,
456 2494 583 2563 seilicet,
605 2502 778 2554 revocatum
802 2503 831 2555 te
855 2516 874 2555 a
897 2514 944 2555 me
968 2494 1006 2555 ad
1030 2494 1176 2572 principia
1199 2506 1315 2557 tuarum
1346 2497 1608 2576 observationum

253 2583 376 2645 scilicet
399 2602 456 2644 non
482 2583 545 2660 ipse
570 2583 625 2643 hoc
650 2581 679 2643 in
702 2582 889 2661 praelatione
914 2583 1072 2643 dixeram?
1109 2584 1173 2643 Hoc
1194 2585 1364 2663 conjectore
1389 2594 1443 2647 aut
1454 2588 1606 2667 proditore

252 2691 330 2752 opus
355 2671 435 2733 luit?
457 2672 503 2732 At
526 2690 584 2731 non
608 2671 675 2731 ideo
699 2671 843 2744 recensui,
870 2672 947 2750 quod
972 2671 1069 2732 simile
1093 2681 1184 2732 antea
1208 2673 1298 2734 suerit
1330 2674 1556 2750 observatum,¹
1576 2684 1609 2737 ut

252 2761 320 2841 ipse
344 2760 538 2832 obtrectaret,
564 2760 617 2820 sed
642 2767 674 2819 ut
698 2760 790 2820 ceteri
814 2761 971 2820 crederent
994 2760 1120 2837 plurium
1145 2760 1333 2834 testimonio,
1366 2773 1397 2823 et
1420 2770 1454 2824 ut
1477 2765 1608 2843 epistola

251 2869 322 2913 msa
342 2849 408 2911 inco
426 2856 552 2920 careret,
578 2848 762 2926 ingenuitate
782 2867 837 2909 sua
861 2849 1056 2909 lucreiaeiens
1081 2851 1214 2910 aemulos
1238 2858 1268 2911 et
1287 2852 1468 2928 pertinaces.
1507 2851 1607 2933 Saepe

250 2938 323 3001 irati
347 2936 499 2998 satiantur
522 2937 631 3015 exigua
654 2938 737 2997 exosi
761 2937 888 2999 mulcta:
923 2946 957 2996 at
980 2955 1037 2997 non
1068 2938 1129 2998 ille.
1177 2937 1255 3007 Quin
1288 2939 1466 3020 exprobrat,
1496 2942 1607 3021 jactat,

251 3026 389 3099 insultat,
415 3035 516 3104 auget.
551 3023 585 3086 Si
609 3026 678 3104 quid
703 3033 733 3085 te
758 3026 868 3087 habere
894 3025 954 3085 dixi
971 3044 1102 3087 meorum
1123 3026 1220 3087 simile
1244 3027 1324 3087 circa
1342 3030 1475 3091 maculas
1491 3030 1605 3105 Lunae,

251 3125 286 3178 at
310 3124 343 3176 et
365 3116 452 3193 plura
475 3115 586 3175 habere
611 3124 641 3173 te
666 3114 735 3186 dixi,
761 3133 815 3175 nec
839 3122 1006 3174 mutuatum
1030 3114 1091 3175 diri
1124 3116 1178 3175 lroc
1204 3115 1230 3174 in
1256 3117 1308 3176 illa
1331 3117 1605 3196 publicaepistola‚

251 3203 436 3267 temeritatis
460 3203 595 3281 prolecto
620 3212 703 3263 esset
726 3202 754 3263 id
780 3203 948 3263 allirmare:
986 3222 1076 3283 saepe
1108 3203 1234 3265 diversis
1265 3206 1302 3264 ad
1335 3207 1459 3266 eundem
1484 3226 1606 3288 scopum

251 3291 430 3355 convenitur
453 3291 520 3353 riis.
568 3290 601 3353 Si
626 3311 671 3352 me
696 3292 792 3352 credit
815 3291 916 3370 aliqua
939 3291 1037 3350 obiter
1052 3290 1172 3352 innuere
1196 3292 1336 3366 voluisse,
1362 3314 1399 3353 ne
1424 3313 1535 3372 quaeso
1560 3315 1606 3355 me

250 3382 401 3445 oscitasse
424 3388 521 3459 putet,
548 3380 596 3460 qui
621 3380 801 3457 neglexerim
826 3381 855 3441 id
879 3389 982 3459 aperte
1008 3380 1116 3441 dicere.
1165 3381 1213 3439 Me
1239 3381 1311 3442 milri
1335 3381 1493 3461 relinquat.
1540 3383 1607 3461 Ego

251 3490 310 3533 uon
340 3468 498 3541 existimo,
531 3469 667 3549 cuiquam
699 3469 809 3541 licere,
844 3468 872 3528 in
902 3486 1049 3546 quoquam
1080 3469 1178 3528 aliena
1207 3488 1440 3547 recognoscere,
1472 3470 1529 3530 nisi
1558 3470 1607 3550 qui

251 3560 344 3622 etiam
368 3558 546 3638 peculiaria,
578 3578 669 3633 nova,
700 3578 786 3629 rara,
810 3556 948 3636 pulchra,
974 3576 1049 3634 quae
1075 3555 1205 3629 invenit,
1235 3577 1418 3636 agnoscere,
1443 3577 1550 3637 capere
1576 3567 1607 3619 et

252 3650 424 3711 discernere
447 3656 537 3725 aptus
561 3656 618 3708 est.
666 3646 727 3708 Sed
752 3646 824 3706 nihil
848 3644 945 3721 magis
970 3665 1016 3705 rne
1041 3646 1156 3723 pungit,
1181 3665 1268 3723 quarn
1294 3648 1369 3725 qnod
1397 3647 1534 3707 laudibus
1559 3666 1605 3707 me

250 3740 348 3811 effert,
374 3745 493 3815 sputum
518 3736 653 3797 lromiuis.
702 3734 922 3796 Contumeliam
948 3734 1020 3794 nribi
1044 3734 1134 3793 infert
1158 3735 1323 3812 quicunque
1348 3736 1466 3795 landem
1489 3734 1606 3796 crimini

251 3825 372 3907 quaerit
395 3843 432 3885 ex
455 3843 522 3885 mea
541 3825 736 3904 qualicunque
761 3815 863 3884 fama.x
898 3822 1125 3883 Dubitationem
1149 3823 1220 3882 milri
1242 3823 1434 3901 impingitur
1457 3842 1502 3898 eo,
1528 3823 1606 3903 quod

251 3917 371 3977 salvum
400 3913 479 3974 volui
502 3913 645 3992 cujusque
665 3912 818 3991 judicium.
866 3910 1026 3972 Oranum
1059 3912 1281 3990 argumentum!
1329 3910 1417 3982 Quod
1447 3930 1503 3990 ego
1533 3929 1605 3991 per-

249 4004 369 4083 pendo,
403 4008 435 4063 tn
470 4020 527 4062 non
557 4001 727 4080 perpendis.
775 4003 903 4061 Possum
937 4011 968 4060 et
1000 4018 1055 4078 ego
1088 4001 1210 4061 credere
1243 4010 1275 4061 et
1308 4001 1362 4060 tibi
1387 4020 1444 4061 non
1469 3999 1604 4063 credenti

248 4092 417 4175 ignoscere.
464 4088 526 4152 Sed
550 4091 695 4169 dogmata
725 4089 845 4168 propria
879 4086 1005 4166 subjicio
1042 4088 1194 4150 examini?
1242 4086 1322 4158 Quid
1356 4106 1425 4149 vero
1460 4088 1535 4150 haec
1567 4087 1606 4148 ad

246 4182 338 4245 iidem
363 4178 498 4261 habitam
517 4179 614 4240 alieno
631 4178 804 4239 affirmato?
841 4175 1034 4256 Exaggeravi
1054 4178 1161 4249 scelus,
1187 4178 1212 4238 si
1236 4196 1289 4255 pro
1313 4176 1393 4237 reris
1417 4177 1487 4237 ficta
1507 4174 1605 4237 tradi·

245 4271 360 4335 disses.
405 4268 471 4330 Hoc
498 4267 548 4330 ille
571 4268 637 4328 vult
660 4267 828 4346 impugnari
851 4266 939 4326 iidem
964 4265 1095 4326 Nuncii?
1142 4267 1186 4325 At
1219 4266 1292 4325 lraec
1326 4265 1443 4343 quidem
1476 4264 1522 4325 vis
1548 4271 1605 4324 est.

243 4356 315 4439 Ego
340 4357 428 4419 iidem
451 4356 560 4419 Nuucii
585 4362 711 4417 astruo.¹
746 4353 908 4416 Certamen
933 4354 988 4414 hoc
1021 4353 1141 4414 virtutis
1175 4362 1222 4414 est
1255 4372 1321 4414 cum
1353 4353 1437 4413 vitio.
1484 4350 1551 4431 Ego
1575 4359 1610 4413 nt

242 4445 346 4513 benus
370 4445 416 4507 vir
439 4445 476 4506 de
500 4443 632 4506 Galilaei
657 4445 812 4504 allirmatis
833 4440 953 4517 judico,
984 4460 1041 4502 non
1066 4443 1174 4502 cadere
1199 4441 1226 4502 in
1253 4441 1335 4502 illum
1359 4449 1475 4501 tantam
1499 4439 1607 4519 nequi-

243 4536 343 4601 tiam:
383 4534 434 4597 ille
457 4534 537 4595 nullo
562 4532 659 4594 adhuc
685 4540 774 4611 gustu
799 4531 988 4598 honestatis,
1019 4549 1112 4609 eoque
1137 4549 1203 4591 eam
1227 4548 1337 4609 susque
1362 4530 1456 4608 deque
1482 4529 1607 4604 habens,

243 4624 361 4691 eadere
384 4622 531 4696 affirmat,
556 4641 593 4683 ex
617 4640 669 4682 suo
695 4623 771 4680 forte
795 4619 912 4695 ingenio
937 4626 1056 4680 ceteros
1080 4618 1255 4679 aestimans.
1301 4617 1377 4679 Esto
1406 4626 1441 4678 ut
1464 4616 1609 4696 deceptus

245 4712 308 4777 sisu
330 4711 428 4791 (quod
451 4709 566 4784 absit),
600 4729 655 4788 ego
690 4728 756 4768 mea
780 4706 958 4769 credulitate
982 4707 1093 4780 bonus,
1128 4708 1208 4769 lacto
1231 4705 1323 4767 miser
1353 4705 1506 4780 habebor,
1540 4704 1607 4784 ipso

246 4806 361 4867 eventu
385 4799 477 4873 felix,
509 4798 677 4861 calliditate
701 4796 860 4877 pessimus.
909 4794 990 4867 Quia
1021 4796 1096 4857 haec
1129 4795 1179 4857 via
1205 4793 1284 4873 juris
1318 4802 1384 4868 est,
1419 4802 1452 4855 ut
1485 4792 1610 4875 quilibet

246 4897 462 4971 praesumatur
486 4887 591 4961 bonus,
617 4887 686 4947 dum
710 4884 893 4947 contrarium
917 4902 976 4945 non
998 4883 1150 4962 probetur,
1175 4889 1287 4962 quanto
1311 4882 1408 4961 magis
1433 4881 1459 4943 si
1478 4883 1608 4944 circum-

251 4977 388 5045 stantiae
412 4976 504 5039 fidem
527 4974 678 5038 iecerint?
714 4972 756 5036 Et
779 4991 850 5035 rere
874 4991 933 5039 non
957 4972 1112 5050 problema
1129 4970 1376 5054 philosophicum,
1401 4970 1455 5035 sed
1474 4968 1612 5053 quaestio
