<?xml version="1.0" encoding="UTF-8"?>
<!DOCTYPE html PUBLIC "-//W3C//DTD XHTML 1.0 Transitional//EN"
    "http://www.w3.org/TR/xhtml1/DTD/xhtml1-transitional.dtd">
<html xmlns="http://www.w3.org/1999/xhtml" xml:lang="en" lang="en">
 <head>
  <title>
</title>
<meta http-equiv="Content-Type" content="text/html;charset=utf-8" />
  <meta name='ocr-system' content='tesseract 3.04.00' />
  <meta name='ocr-capabilities' content='ocr_page ocr_carea ocr_par ocr_line ocrx_word'/>
</head>
<body>
  <div class='ocr_page' id='page_1' title='image "./joanniskepleria01frisgoog/joanniskepleria01frisgoog_0749.png"; bbox 0 0 3692 5842; ppageno 0'>
   <div class='ocr_carea' id='block_1_1' title="bbox 826 503 1598 585">
    <p class='ocr_par' dir='ltr' id='par_1_1' title="bbox 826 503 1598 585">
     <span class='ocr_line' id='line_1_1' title="bbox 826 503 1598 585; baseline 0.006 -5"><span class='ocrx_word' id='word_1_1' title='bbox 826 503 1010 580; x_wconf 67' lang='lat' dir='ltr'>‘cnam</span> <span class='ocrx_word' id='word_1_2' title='bbox 1532 518 1598 585; x_wconf 80' lang='lat' dir='ltr'>aar</span> 
     </span>
    </p>
   </div>
   <div class='ocr_carea' id='block_1_2' title="bbox 220 685 1597 1313">
    <p class='ocr_par' dir='ltr' id='par_1_2' title="bbox 220 685 1597 1132">
     <span class='ocr_line' id='line_1_2' title="bbox 251 685 1595 777; baseline 0.003 -20"><span class='ocrx_word' id='word_1_3' title='bbox 251 713 319 757; x_wconf 90' lang='lat' dir='ltr'>cum</span> <span class='ocrx_word' id='word_1_4' title='bbox 342 692 431 757; x_wconf 87' lang='lat' dir='ltr'>aliter</span> <span class='ocrx_word' id='word_1_5' title='bbox 449 694 530 775; x_wconf 91' lang='lat' dir='ltr'>loqui</span> <span class='ocrx_word' id='word_1_6' title='bbox 549 714 636 775; x_wconf 86' lang='lat' dir='ltr'>quam</span> <span class='ocrx_word' id='word_1_7' title='bbox 658 713 712 775; x_wconf 91' lang='lat' dir='ltr'>per</span> <span class='ocrx_word' id='word_1_8' title='bbox 726 694 949 775; x_wconf 82' lang='lat' dir='ltr'>phantasmata,</span> <span class='ocrx_word' id='word_1_9' title='bbox 974 685 1056 776; x_wconf 59' lang='lat' dir='ltr'>quae*</span> <span class='ocrx_word' id='word_1_10' title='bbox 1075 694 1189 756; x_wconf 86' lang='lat' dir='ltr'>invenit</span> <span class='ocrx_word' id='word_1_11' title='bbox 1208 695 1237 756; x_wconf 96' lang='lat' dir='ltr'>in</span> <span class='ocrx_word' id='word_1_12' title='bbox 1257 703 1363 757; x_wconf 89' lang='lat' dir='ltr'>nostra</span> <span class='ocrx_word' id='word_1_13' title='bbox 1384 696 1595 777; x_wconf 78' lang='lat' dir='ltr'>imaginativar</span> 
     </span>
     <span class='ocr_line' id='line_1_3' title="bbox 249 782 1596 868; baseline 0.002 -22"><span class='ocrx_word' id='word_1_14' title='bbox 249 783 329 846; x_wconf 88' lang='lat' dir='ltr'>hanc</span> <span class='ocrx_word' id='word_1_15' title='bbox 351 782 459 865; x_wconf 94' lang='lat' dir='ltr'>quippe</span> <span class='ocrx_word' id='word_1_16' title='bbox 483 783 548 863; x_wconf 86' lang='lat' dir='ltr'>ejus</span> <span class='ocrx_word' id='word_1_17' title='bbox 571 802 640 845; x_wconf 89' lang='lat' dir='ltr'>esse</span> <span class='ocrx_word' id='word_1_18' title='bbox 663 792 814 858; x_wconf 89' lang='lat' dir='ltr'>naturam,</span> <span class='ocrx_word' id='word_1_19' title='bbox 842 784 920 846; x_wconf 93' lang='lat' dir='ltr'>hauc</span> <span class='ocrx_word' id='word_1_20' title='bbox 943 783 1136 846; x_wconf 81' lang='lat' dir='ltr'>essentialem</span> <span class='ocrx_word' id='word_1_21' title='bbox 1158 784 1246 864; x_wconf 91' lang='lat' dir='ltr'>hujus</span> <span class='ocrx_word' id='word_1_22' title='bbox 1269 791 1395 846; x_wconf 90' lang='lat' dir='ltr'>naturae</span> <span class='ocrx_word' id='word_1_23' title='bbox 1423 787 1596 868; x_wconf 89' lang='lat' dir='ltr'>proprieta-</span> 
     </span>
     <span class='ocr_line' id='line_1_4' title="bbox 250 872 1597 956; baseline 0.003 -21"><span class='ocrx_word' id='word_1_24' title='bbox 250 880 327 942; x_wconf 88' lang='lat' dir='ltr'>tem,</span> <span class='ocrx_word' id='word_1_25' title='bbox 349 873 530 953; x_wconf 90' lang='lat' dir='ltr'>participare</span> <span class='ocrx_word' id='word_1_26' title='bbox 554 891 621 934; x_wconf 91' lang='lat' dir='ltr'>cum</span> <span class='ocrx_word' id='word_1_27' title='bbox 642 872 762 934; x_wconf 91' lang='lat' dir='ltr'>homine</span> <span class='ocrx_word' id='word_1_28' title='bbox 781 872 1053 954; x_wconf 86' lang='lat' dir='ltr'>phantasmatibus,</span> <span class='ocrx_word' id='word_1_29' title='bbox 1078 891 1171 954; x_wconf 89' lang='lat' dir='ltr'>eaque</span> <span class='ocrx_word' id='word_1_30' title='bbox 1193 893 1284 954; x_wconf 90' lang='lat' dir='ltr'>posse</span> <span class='ocrx_word' id='word_1_31' title='bbox 1302 893 1433 950; x_wconf 89' lang='lat' dir='ltr'>movere,</span> <span class='ocrx_word' id='word_1_32' title='bbox 1455 884 1597 956; x_wconf 87' lang='lat' dir='ltr'>coaptare</span> 
     </span>
     <span class='ocr_line' id='line_1_5' title="bbox 250 959 1597 1048; baseline 0.003 -25"><span class='ocrx_word' id='word_1_33' title='bbox 250 967 282 1025; x_wconf 89' lang='lat' dir='ltr'>et</span> <span class='ocrx_word' id='word_1_34' title='bbox 298 959 431 1023; x_wconf 85' lang='lat' dir='ltr'>dividere</span> <span class='ocrx_word' id='word_1_35' title='bbox 446 960 501 1036; x_wconf 89' lang='lat' dir='ltr'>sic,</span> <span class='ocrx_word' id='word_1_36' title='bbox 524 968 559 1023; x_wconf 93' lang='lat' dir='ltr'>ut</span> <span class='ocrx_word' id='word_1_37' title='bbox 580 981 667 1048; x_wconf 90' lang='lat' dir='ltr'>quam</span> <span class='ocrx_word' id='word_1_38' title='bbox 690 962 929 1024; x_wconf 90' lang='lat' dir='ltr'>commodissime</span> <span class='ocrx_word' id='word_1_39' title='bbox 954 970 1128 1043; x_wconf 90' lang='lat' dir='ltr'>conceptum</span> <span class='ocrx_word' id='word_1_40' title='bbox 1148 981 1232 1024; x_wconf 91' lang='lat' dir='ltr'>suum</span> <span class='ocrx_word' id='word_1_41' title='bbox 1250 962 1331 1025; x_wconf 91' lang='lat' dir='ltr'>intra</span> <span class='ocrx_word' id='word_1_42' title='bbox 1350 964 1460 1026; x_wconf 89' lang='lat' dir='ltr'>mentis</span> <span class='ocrx_word' id='word_1_43' title='bbox 1474 972 1597 1028; x_wconf 85' lang='lat' dir='ltr'>nostrae</span> 
     </span>
     <span class='ocr_line' id='line_1_6' title="bbox 220 1050 500 1132; baseline -0.007 -20"><span class='ocrx_word' id='word_1_44' title='bbox 220 1061 224 1070; x_wconf 82' lang='lat'>&#39;</span> <span class='ocrx_word' id='word_1_45' title='bbox 250 1057 339 1132; x_wconf 87' lang='lat' dir='ltr'>septa</span> <span class='ocrx_word' id='word_1_46' title='bbox 362 1050 500 1132; x_wconf 85' lang='lat' dir='ltr'>explicet.</span> 
     </span>
    </p>

    <p class='ocr_par' dir='ltr' id='par_1_3' title="bbox 248 1137 1597 1313">
     <span class='ocr_line' id='line_1_7' title="bbox 340 1137 1597 1220; baseline 0.002 -19"><span class='ocrx_word' id='word_1_47' title='bbox 340 1137 400 1212; x_wconf 86' lang='lat' dir='ltr'>Qui</span> <span class='ocrx_word' id='word_1_48' title='bbox 423 1139 466 1201; x_wconf 91' lang='lat' dir='ltr'>sic</span> <span class='ocrx_word' id='word_1_49' title='bbox 490 1139 641 1219; x_wconf 87' lang='lat' dir='ltr'>disputat,</span> <span class='ocrx_word' id='word_1_50' title='bbox 666 1142 812 1203; x_wconf 86' lang='lat' dir='ltr'>sennonis</span> <span class='ocrx_word' id='word_1_51' title='bbox 835 1140 931 1204; x_wconf 89' lang='lat' dir='ltr'>nostri</span> <span class='ocrx_word' id='word_1_52' title='bbox 955 1140 1172 1220; x_wconf 81' lang='lat' dir='ltr'>cognitionem,</span> <span class='ocrx_word' id='word_1_53' title='bbox 1205 1140 1325 1203; x_wconf 84' lang='lat' dir='ltr'>auditus</span> <span class='ocrx_word' id='word_1_54' title='bbox 1355 1161 1396 1204; x_wconf 93' lang='lat' dir='ltr'>sc.</span> <span class='ocrx_word' id='word_1_55' title='bbox 1421 1141 1597 1204; x_wconf 89' lang='lat' dir='ltr'>facultatem</span> 
     </span>
     <span class='ocr_line' id='line_1_8' title="bbox 248 1227 1596 1313; baseline 0.001 -22"><span class='ocrx_word' id='word_1_56' title='bbox 248 1227 296 1291; x_wconf 93' lang='lat' dir='ltr'>illi</span> <span class='ocrx_word' id='word_1_57' title='bbox 318 1235 443 1290; x_wconf 91' lang='lat' dir='ltr'>naturae</span> <span class='ocrx_word' id='word_1_58' title='bbox 465 1228 577 1291; x_wconf 88' lang='lat' dir='ltr'>adimet</span> <span class='ocrx_word' id='word_1_59' title='bbox 597 1229 721 1309; x_wconf 86' lang='lat' dir='ltr'>perinde</span> <span class='ocrx_word' id='word_1_60' title='bbox 743 1233 779 1291; x_wconf 84' lang='lat' dir='ltr'>ac&#39;</span> <span class='ocrx_word' id='word_1_61' title='bbox 799 1230 919 1310; x_wconf 83' lang='lat' dir='ltr'>linguae</span> <span class='ocrx_word' id='word_1_62' title='bbox 939 1249 1041 1305; x_wconf 90' lang='lat' dir='ltr'>usum;</span> <span class='ocrx_word' id='word_1_63' title='bbox 1065 1237 1100 1291; x_wconf 91' lang='lat' dir='ltr'>ut</span> <span class='ocrx_word' id='word_1_64' title='bbox 1119 1229 1173 1291; x_wconf 93' lang='lat' dir='ltr'>illa</span> <span class='ocrx_word' id='word_1_65' title='bbox 1187 1228 1262 1291; x_wconf 94' lang='lat' dir='ltr'>nihil</span> <span class='ocrx_word' id='word_1_66' title='bbox 1282 1230 1388 1293; x_wconf 88' lang='lat' dir='ltr'>horum</span> <span class='ocrx_word' id='word_1_67' title='bbox 1409 1230 1495 1305; x_wconf 89' lang='lat' dir='ltr'>sciat,</span> <span class='ocrx_word' id='word_1_68' title='bbox 1508 1251 1596 1313; x_wconf 90' lang='lat' dir='ltr'>quae</span> 
     </span>
    </p>
   </div>
   <div class='ocr_carea' id='block_1_3' title="bbox 247 1317 1697 1400">
    <p class='ocr_par' dir='ltr' id='par_1_4' title="bbox 247 1317 1697 1400">
     <span class='ocr_line' id='line_1_9' title="bbox 247 1317 1697 1400; baseline 0.001 -20"><span class='ocrx_word' id='word_1_69' title='bbox 247 1317 330 1380; x_wconf 89' lang='lat' dir='ltr'>inter</span> <span class='ocrx_word' id='word_1_70' title='bbox 350 1317 488 1379; x_wconf 90' lang='lat' dir='ltr'>homines</span> <span class='ocrx_word' id='word_1_71' title='bbox 512 1319 687 1380; x_wconf 91' lang='lat' dir='ltr'>commercio</span> <span class='ocrx_word' id='word_1_72' title='bbox 718 1320 863 1382; x_wconf 89' lang='lat' dir='ltr'>sermonis</span> <span class='ocrx_word' id='word_1_73' title='bbox 892 1327 1036 1398; x_wconf 88' lang='lat' dir='ltr'>aguntur,</span> <span class='ocrx_word' id='word_1_74' title='bbox 1064 1317 1122 1380; x_wconf 87' lang='lat' dir='ltr'>nisi</span> <span class='ocrx_word' id='word_1_75' title='bbox 1152 1326 1299 1400; x_wconf 90' lang='lat' dir='ltr'>quatenus</span> <span class='ocrx_word' id='word_1_76' title='bbox 1326 1319 1419 1381; x_wconf 87' lang='lat' dir='ltr'>variis</span> <span class='ocrx_word' id='word_1_77' title='bbox 1447 1320 1596 1399; x_wconf 89' lang='lat' dir='ltr'>phantas-</span> <span class='ocrx_word' id='word_1_78' title='bbox 1693 1351 1697 1356; x_wconf 95' lang='lat'>·</span> 
     </span>
    </p>
   </div>
   <div class='ocr_carea' id='block_1_4' title="bbox 245 1405 1606 2024">
    <p class='ocr_par' dir='ltr' id='par_1_5' title="bbox 245 1405 1606 2024">
     <span class='ocr_line' id='line_1_10' title="bbox 245 1405 1594 1488; baseline 0.001 -19"><span class='ocrx_word' id='word_1_79' title='bbox 245 1405 341 1470; x_wconf 87' lang='lat' dir='ltr'>matis</span> <span class='ocrx_word' id='word_1_80' title='bbox 364 1406 478 1481; x_wconf 91' lang='lat' dir='ltr'>eadem,</span> <span class='ocrx_word' id='word_1_81' title='bbox 502 1427 578 1488; x_wconf 91' lang='lat' dir='ltr'>quae</span> <span class='ocrx_word' id='word_1_82' title='bbox 601 1407 749 1483; x_wconf 89' lang='lat' dir='ltr'>dicuutur,</span> <span class='ocrx_word' id='word_1_83' title='bbox 772 1409 853 1471; x_wconf 88' lang='lat' dir='ltr'>intus</span> <span class='ocrx_word' id='word_1_84' title='bbox 876 1408 907 1470; x_wconf 96' lang='lat' dir='ltr'>in</span> <span class='ocrx_word' id='word_1_85' title='bbox 931 1409 1054 1470; x_wconf 88' lang='lat' dir='ltr'>cerebro</span> <span class='ocrx_word' id='word_1_86' title='bbox 1078 1408 1290 1488; x_wconf 81' lang='lat' dir='ltr'>exprimuntur.</span> <span class='ocrx_word' id='word_1_87' title='bbox 1337 1409 1403 1471; x_wconf 92' lang='lat' dir='ltr'>Nec</span> <span class='ocrx_word' id='word_1_88' title='bbox 1417 1408 1531 1470; x_wconf 88' lang='lat' dir='ltr'>tribuet</span> <span class='ocrx_word' id='word_1_89' title='bbox 1551 1408 1594 1471; x_wconf 93' lang='lat' dir='ltr'>illi</span> 
     </span>
     <span class='ocr_line' id='line_1_11' title="bbox 245 1496 1595 1579; baseline 0 -21"><span class='ocrx_word' id='word_1_90' title='bbox 245 1503 433 1578; x_wconf 82' lang='lat' dir='ltr'>potestatem</span> <span class='ocrx_word' id='word_1_91' title='bbox 455 1496 597 1576; x_wconf 86' lang='lat' dir='ltr'>gignendi</span> <span class='ocrx_word' id='word_1_92' title='bbox 619 1496 815 1577; x_wconf 86' lang='lat' dir='ltr'>phantasma,</span> <span class='ocrx_word' id='word_1_93' title='bbox 847 1499 935 1579; x_wconf 90' lang='lat' dir='ltr'>quale</span> <span class='ocrx_word' id='word_1_94' title='bbox 965 1497 1023 1578; x_wconf 93' lang='lat' dir='ltr'>ipsi</span> <span class='ocrx_word' id='word_1_95' title='bbox 1039 1496 1126 1558; x_wconf 75' lang='lat' dir='ltr'>‘utile</span> <span class='ocrx_word' id='word_1_96' title='bbox 1156 1497 1196 1558; x_wconf 90' lang='lat' dir='ltr'>ad</span> <span class='ocrx_word' id='word_1_97' title='bbox 1224 1506 1399 1579; x_wconf 85' lang='lat' dir='ltr'>conceptum</span> <span class='ocrx_word' id='word_1_98' title='bbox 1422 1515 1507 1560; x_wconf 88' lang='lat' dir='ltr'>suum</span> <span class='ocrx_word' id='word_1_99' title='bbox 1530 1497 1595 1559; x_wconf 91' lang='lat' dir='ltr'>for-</span> 
     </span>
     <span class='ocr_line' id='line_1_12' title="bbox 246 1585 1596 1668; baseline 0.001 -20"><span class='ocrx_word' id='word_1_100' title='bbox 246 1585 404 1659; x_wconf 88' lang='lat' dir='ltr'>mandum,</span> <span class='ocrx_word' id='word_1_101' title='bbox 435 1585 488 1646; x_wconf 92' lang='lat' dir='ltr'>sed</span> <span class='ocrx_word' id='word_1_102' title='bbox 520 1585 705 1647; x_wconf 87' lang='lat' dir='ltr'>solummodo</span> <span class='ocrx_word' id='word_1_103' title='bbox 729 1586 867 1666; x_wconf 91' lang='lat' dir='ltr'>signandi</span> <span class='ocrx_word' id='word_1_104' title='bbox 891 1586 1116 1667; x_wconf 90' lang='lat' dir='ltr'>inculcandique</span> <span class='ocrx_word' id='word_1_105' title='bbox 1140 1585 1224 1664; x_wconf 74' lang='lat' dir='ltr'>ejus,</span> <span class='ocrx_word' id='word_1_106' title='bbox 1248 1587 1327 1668; x_wconf 87' lang='lat' dir='ltr'>quod</span> <span class='ocrx_word' id='word_1_107' title='bbox 1354 1586 1385 1649; x_wconf 88' lang='lat' dir='ltr'>vi</span> <span class='ocrx_word' id='word_1_108' title='bbox 1415 1586 1596 1667; x_wconf 84' lang='lat' dir='ltr'>irrequietae</span> 
     </span>
     <span class='ocr_line' id='line_1_13' title="bbox 246 1673 1606 1757; baseline 0 -19"><span class='ocrx_word' id='word_1_109' title='bbox 246 1673 488 1738; x_wconf 83' lang='lat' dir='ltr'>ratiocinationis</span> <span class='ocrx_word' id='word_1_110' title='bbox 513 1674 634 1735; x_wconf 87' lang='lat' dir='ltr'>obvenit</span> <span class='ocrx_word' id='word_1_111' title='bbox 656 1674 734 1737; x_wconf 92' lang='lat' dir='ltr'>ultro</span> <span class='ocrx_word' id='word_1_112' title='bbox 756 1675 837 1737; x_wconf 88' lang='lat' dir='ltr'>intra</span> <span class='ocrx_word' id='word_1_113' title='bbox 859 1676 989 1737; x_wconf 93' lang='lat' dir='ltr'>hominis</span> <span class='ocrx_word' id='word_1_114' title='bbox 1012 1675 1175 1736; x_wconf 88' lang='lat' dir='ltr'>cerebrum.</span> <span class='ocrx_word' id='word_1_115' title='bbox 1218 1674 1335 1746; x_wconf 85' lang='lat' dir='ltr'>Quibus</span> <span class='ocrx_word' id='word_1_116' title='bbox 1357 1677 1455 1738; x_wconf 89' lang='lat' dir='ltr'>modis</span> <span class='ocrx_word' id='word_1_117' title='bbox 1477 1676 1606 1757; x_wconf 85' lang='lat' dir='ltr'>rediget·</span> 
     </span>
     <span class='ocr_line' id='line_1_14' title="bbox 246 1762 1596 1845; baseline 0.002 -21"><span class='ocrx_word' id='word_1_118' title='bbox 246 1762 334 1825; x_wconf 90' lang='lat' dir='ltr'>illam</span> <span class='ocrx_word' id='word_1_119' title='bbox 357 1763 396 1824; x_wconf 95' lang='lat' dir='ltr'>ad</span> <span class='ocrx_word' id='word_1_120' title='bbox 418 1763 474 1824; x_wconf 92' lang='lat' dir='ltr'>has</span> <span class='ocrx_word' id='word_1_121' title='bbox 498 1764 664 1843; x_wconf 88' lang='lat' dir='ltr'>augustias,</span> <span class='ocrx_word' id='word_1_122' title='bbox 688 1771 722 1826; x_wconf 89' lang='lat' dir='ltr'>ut</span> <span class='ocrx_word' id='word_1_123' title='bbox 744 1784 801 1826; x_wconf 91' lang='lat' dir='ltr'>uon</span> <span class='ocrx_word' id='word_1_124' title='bbox 823 1765 921 1845; x_wconf 90' lang='lat' dir='ltr'>possit</span> <span class='ocrx_word' id='word_1_125' title='bbox 940 1763 1029 1826; x_wconf 87' lang='lat' dir='ltr'>aliter</span> <span class='ocrx_word' id='word_1_126' title='bbox 1048 1763 1107 1825; x_wconf 92' lang='lat' dir='ltr'>nisi</span> <span class='ocrx_word' id='word_1_127' title='bbox 1130 1763 1284 1843; x_wconf 89' lang='lat' dir='ltr'>allegoriis</span> <span class='ocrx_word' id='word_1_128' title='bbox 1303 1772 1335 1826; x_wconf 88' lang='lat' dir='ltr'>et</span> <span class='ocrx_word' id='word_1_129' title='bbox 1348 1764 1475 1845; x_wconf 89' lang='lat' dir='ltr'>picturis</span> <span class='ocrx_word' id='word_1_130' title='bbox 1490 1765 1596 1828; x_wconf 90' lang='lat' dir='ltr'>nobis-</span> 
     </span>
     <span class='ocr_line' id='line_1_15' title="bbox 247 1851 1597 1935; baseline 0 -20"><span class='ocrx_word' id='word_1_131' title='bbox 247 1871 317 1926; x_wconf 86' lang='lat' dir='ltr'>cum</span> <span class='ocrx_word' id='word_1_132' title='bbox 337 1869 437 1932; x_wconf 85' lang='lat' dir='ltr'>agere.</span> <span class='ocrx_word' id='word_1_133' title='bbox 484 1852 585 1933; x_wconf 84' lang='lat' dir='ltr'>Atque</span> <span class='ocrx_word' id='word_1_134' title='bbox 609 1853 778 1915; x_wconf 85' lang='lat' dir='ltr'>confoditur</span> <span class='ocrx_word' id='word_1_135' title='bbox 801 1854 875 1915; x_wconf 90' lang='lat' dir='ltr'>haec</span> <span class='ocrx_word' id='word_1_136' title='bbox 892 1851 988 1928; x_wconf 81' lang='lat' dir='ltr'>ratio,</span> <span class='ocrx_word' id='word_1_137' title='bbox 1013 1871 1048 1915; x_wconf 87' lang='lat' dir='ltr'>eo</span> <span class='ocrx_word' id='word_1_138' title='bbox 1071 1854 1151 1935; x_wconf 93' lang='lat' dir='ltr'>quod</span> <span class='ocrx_word' id='word_1_139' title='bbox 1172 1871 1227 1934; x_wconf 92' lang='lat' dir='ltr'>per</span> <span class='ocrx_word' id='word_1_140' title='bbox 1249 1871 1385 1916; x_wconf 91' lang='lat' dir='ltr'>somnum</span> <span class='ocrx_word' id='word_1_141' title='bbox 1408 1861 1439 1915; x_wconf 89' lang='lat' dir='ltr'>et</span> <span class='ocrx_word' id='word_1_142' title='bbox 1461 1853 1544 1935; x_wconf 90' lang='lat' dir='ltr'>loqui</span> <span class='ocrx_word' id='word_1_143' title='bbox 1564 1862 1597 1916; x_wconf 90' lang='lat' dir='ltr'>et</span> 
     </span>
     <span class='ocr_line' id='line_1_16' title="bbox 247 1940 1597 2024; baseline 0.001 -22"><span class='ocrx_word' id='word_1_144' title='bbox 247 1940 354 2003; x_wconf 91' lang='lat' dir='ltr'>audire</span> <span class='ocrx_word' id='word_1_145' title='bbox 382 1941 532 2003; x_wconf 87' lang='lat' dir='ltr'>videmur:</span> <span class='ocrx_word' id='word_1_146' title='bbox 567 1942 705 2004; x_wconf 91' lang='lat' dir='ltr'>nimirum</span> <span class='ocrx_word' id='word_1_147' title='bbox 737 1942 923 2024; x_wconf 86' lang='lat' dir='ltr'>loquelarum</span> <span class='ocrx_word' id='word_1_148' title='bbox 952 1950 983 2005; x_wconf 92' lang='lat' dir='ltr'>et</span> <span class='ocrx_word' id='word_1_149' title='bbox 1008 1943 1165 2004; x_wconf 88' lang='lat' dir='ltr'>verborum</span> <span class='ocrx_word' id='word_1_150' title='bbox 1199 1943 1377 2022; x_wconf 83' lang='lat' dir='ltr'>phantasias</span> <span class='ocrx_word' id='word_1_151' title='bbox 1408 1961 1479 2018; x_wconf 93' lang='lat' dir='ltr'>non</span> <span class='ocrx_word' id='word_1_152' title='bbox 1498 1943 1597 2004; x_wconf 86' lang='lat' dir='ltr'>minus</span> 
     </span>
    </p>
   </div>
   <div class='ocr_carea' id='block_1_5' title="bbox 247 2029 1706 2114">
    <p class='ocr_par' dir='ltr' id='par_1_6' title="bbox 247 2029 1706 2114">
     <span class='ocr_line' id='line_1_17' title="bbox 247 2029 1706 2114; baseline 0 -21"><span class='ocrx_word' id='word_1_153' title='bbox 247 2030 360 2093; x_wconf 89' lang='lat' dir='ltr'>ceteris</span> <span class='ocrx_word' id='word_1_154' title='bbox 383 2029 600 2109; x_wconf 84' lang='lat' dir='ltr'>significativas</span> <span class='ocrx_word' id='word_1_155' title='bbox 622 2032 806 2111; x_wconf 89' lang='lat' dir='ltr'>concipimus</span> <span class='ocrx_word' id='word_1_156' title='bbox 813 2051 822 2105; x_wconf 94' lang='lat'>;</span> <span class='ocrx_word' id='word_1_157' title='bbox 846 2031 983 2112; x_wconf 90' lang='lat' dir='ltr'>quodque</span> <span class='ocrx_word' id='word_1_158' title='bbox 999 2041 1086 2093; x_wconf 88' lang='lat' dir='ltr'>extra</span> <span class='ocrx_word' id='word_1_159' title='bbox 1099 2032 1249 2093; x_wconf 87' lang='lat' dir='ltr'>hominem</span> <span class='ocrx_word' id='word_1_160' title='bbox 1267 2031 1346 2093; x_wconf 89' lang='lat' dir='ltr'>inter</span> <span class='ocrx_word' id='word_1_161' title='bbox 1363 2037 1505 2112; x_wconf 85' lang='lat' dir='ltr'>portenta</span> <span class='ocrx_word' id='word_1_162' title='bbox 1526 2039 1598 2093; x_wconf 86' lang='lat' dir='ltr'>sunt</span> <span class='ocrx_word' id='word_1_163' title='bbox 1702 2104 1706 2114; x_wconf 23' lang='lat' dir='ltr'><em>A</em></span> 
     </span>
    </p>
   </div>
   <div class='ocr_carea' id='block_1_6' title="bbox 245 2097 1597 2739">
    <p class='ocr_par' dir='ltr' id='par_1_7' title="bbox 245 2097 1597 2739">
     <span class='ocr_line' id='line_1_18' title="bbox 248 2097 1596 2204; baseline -0.001 -22"><span class='ocrx_word' id='word_1_164' title='bbox 248 2118 343 2182; x_wconf 90' lang='lat' dir='ltr'>etiam</span> <span class='ocrx_word' id='word_1_165' title='bbox 365 2138 455 2180; x_wconf 88' lang='lat' dir='ltr'>voces</span> <span class='ocrx_word' id='word_1_166' title='bbox 478 2117 580 2197; x_wconf 73' lang='grc' dir='ltr'>ἄδηλοι</span> <span class='ocrx_word' id='word_1_167' title='bbox 603 2127 655 2180; x_wconf 91' lang='lat' dir='ltr'>aut</span> <span class='ocrx_word' id='word_1_168' title='bbox 678 2121 844 2195; x_wconf 87' lang='lat' dir='ltr'>absurdae,</span> <span class='ocrx_word' id='word_1_169' title='bbox 874 2127 909 2182; x_wconf 91' lang='lat' dir='ltr'>ut</span> <span class='ocrx_word' id='word_1_170' title='bbox 937 2122 963 2182; x_wconf 91' lang='lat' dir='ltr'>si</span> <span class='ocrx_word' id='word_1_171' title='bbox 985 2121 1055 2195; x_wconf 91' lang='lat' dir='ltr'>bos,</span> <span class='ocrx_word' id='word_1_172' title='bbox 1088 2097 1279 2204; x_wconf 38' lang='lat' dir='ltr'>sissmbryo,</span> <span class='ocrx_word' id='word_1_173' title='bbox 1309 2120 1335 2181; x_wconf 93' lang='lat' dir='ltr'>si</span> <span class='ocrx_word' id='word_1_174' title='bbox 1357 2120 1486 2183; x_wconf 88' lang='lat' dir='ltr'>Bileami</span> <span class='ocrx_word' id='word_1_175' title='bbox 1508 2120 1596 2182; x_wconf 90' lang='lat' dir='ltr'>asina</span> 
     </span>
     <span class='ocr_line' id='line_1_19' title="bbox 246 2208 1596 2292; baseline -0.001 -21"><span class='ocrx_word' id='word_1_176' title='bbox 246 2208 325 2272; x_wconf 89' lang='lat' dir='ltr'>talia</span> <span class='ocrx_word' id='word_1_177' title='bbox 347 2208 502 2290; x_wconf 91' lang='lat' dir='ltr'>loquatur,</span> <span class='ocrx_word' id='word_1_178' title='bbox 534 2208 635 2289; x_wconf 93' lang='lat' dir='ltr'>qualia</span> <span class='ocrx_word' id='word_1_179' title='bbox 662 2209 791 2289; x_wconf 86' lang='lat' dir='ltr'>intelligi</span> <span class='ocrx_word' id='word_1_180' title='bbox 812 2217 949 2292; x_wconf 90' lang='lat' dir='ltr'>possunt.</span> <span class='ocrx_word' id='word_1_181' title='bbox 996 2211 1101 2290; x_wconf 90' lang='lat' dir='ltr'>Itaque</span> <span class='ocrx_word' id='word_1_182' title='bbox 1129 2217 1164 2271; x_wconf 94' lang='lat' dir='ltr'>ut</span> <span class='ocrx_word' id='word_1_183' title='bbox 1186 2209 1236 2289; x_wconf 95' lang='lat' dir='ltr'>qui</span> <span class='ocrx_word' id='word_1_184' title='bbox 1257 2209 1333 2271; x_wconf 92' lang='lat' dir='ltr'>haec</span> <span class='ocrx_word' id='word_1_185' title='bbox 1357 2208 1492 2271; x_wconf 85' lang='lat' dir='ltr'>defendit</span> <span class='ocrx_word' id='word_1_186' title='bbox 1513 2216 1596 2270; x_wconf 92' lang='lat' dir='ltr'>recte</span> 
     </span>
     <span class='ocr_line' id='line_1_20' title="bbox 246 2297 1595 2380; baseline -0.001 -19"><span class='ocrx_word' id='word_1_187' title='bbox 246 2297 408 2372; x_wconf 87' lang='lat' dir='ltr'>defendat,</span> <span class='ocrx_word' id='word_1_188' title='bbox 432 2316 556 2359; x_wconf 89' lang='lat' dir='ltr'>necesse</span> <span class='ocrx_word' id='word_1_189' title='bbox 580 2305 628 2359; x_wconf 89' lang='lat' dir='ltr'>est</span> <span class='ocrx_word' id='word_1_190' title='bbox 650 2298 745 2372; x_wconf 89' lang='lat' dir='ltr'>dicat,</span> <span class='ocrx_word' id='word_1_191' title='bbox 774 2307 827 2361; x_wconf 89' lang='lat' dir='ltr'>aut</span> <span class='ocrx_word' id='word_1_192' title='bbox 848 2299 950 2379; x_wconf 92' lang='lat' dir='ltr'>plures</span> <span class='ocrx_word' id='word_1_193' title='bbox 974 2317 1041 2360; x_wconf 89' lang='lat' dir='ltr'>esse</span> <span class='ocrx_word' id='word_1_194' title='bbox 1064 2298 1236 2377; x_wconf 88' lang='lat' dir='ltr'>hujusmodi</span> <span class='ocrx_word' id='word_1_195' title='bbox 1258 2306 1383 2360; x_wconf 87' lang='lat' dir='ltr'>naturas</span> <span class='ocrx_word' id='word_1_196' title='bbox 1405 2297 1595 2380; x_wconf 72' lang='lat' dir='ltr'>rationesque</span> 
     </span>
     <span class='ocr_line' id='line_1_21' title="bbox 245 2385 1597 2469; baseline -0.001 -19"><span class='ocrx_word' id='word_1_197' title='bbox 245 2387 337 2462; x_wconf 85' lang='lat' dir='ltr'>illas,</span> <span class='ocrx_word' id='word_1_198' title='bbox 362 2406 436 2469; x_wconf 91' lang='lat' dir='ltr'>quae</span> <span class='ocrx_word' id='word_1_199' title='bbox 465 2387 588 2449; x_wconf 91' lang='lat' dir='ltr'>vocibus</span> <span class='ocrx_word' id='word_1_200' title='bbox 615 2407 779 2469; x_wconf 88' lang='lat' dir='ltr'>vocumque</span> <span class='ocrx_word' id='word_1_201' title='bbox 812 2388 980 2452; x_wconf 84' lang='lat' dir='ltr'>simulacris</span> <span class='ocrx_word' id='word_1_202' title='bbox 1005 2406 1094 2448; x_wconf 90' lang='lat' dir='ltr'>sensa</span> <span class='ocrx_word' id='word_1_203' title='bbox 1117 2408 1172 2449; x_wconf 91' lang='lat' dir='ltr'>sua</span> <span class='ocrx_word' id='word_1_204' title='bbox 1195 2388 1378 2467; x_wconf 85' lang='lat' dir='ltr'>exprimant,</span> <span class='ocrx_word' id='word_1_205' title='bbox 1409 2385 1462 2448; x_wconf 87' lang='lat' dir='ltr'>a&#39;ut</span> <span class='ocrx_word' id='word_1_206' title='bbox 1492 2405 1597 2449; x_wconf 85' lang='lat' dir='ltr'>omnes</span> 
     </span>
     <span class='ocr_line' id='line_1_22' title="bbox 246 2475 1596 2560; baseline 0.002 -23"><span class='ocrx_word' id='word_1_207' title='bbox 246 2476 367 2560; x_wconf 88' lang='lat' dir='ltr'>quidem</span> <span class='ocrx_word' id='word_1_208' title='bbox 389 2476 495 2538; x_wconf 91' lang='lat' dir='ltr'>modos</span> <span class='ocrx_word' id='word_1_209' title='bbox 519 2476 652 2556; x_wconf 89' lang='lat' dir='ltr'>ejusdem</span> <span class='ocrx_word' id='word_1_210' title='bbox 675 2496 744 2538; x_wconf 88' lang='lat' dir='ltr'>esse</span> <span class='ocrx_word' id='word_1_211' title='bbox 768 2487 939 2552; x_wconf 89' lang='lat' dir='ltr'>creaturae,</span> <span class='ocrx_word' id='word_1_212' title='bbox 971 2476 1063 2539; x_wconf 90' lang='lat' dir='ltr'>alium</span> <span class='ocrx_word' id='word_1_213' title='bbox 1092 2483 1193 2539; x_wconf 90' lang='lat' dir='ltr'>tamen</span> <span class='ocrx_word' id='word_1_214' title='bbox 1223 2476 1283 2538; x_wconf 88' lang='lat' dir='ltr'>alio</span> <span class='ocrx_word' id='word_1_215' title='bbox 1316 2475 1541 2538; x_wconf 88' lang='lat' dir='ltr'>imbecilliorem</span> <span class='ocrx_word' id='word_1_216' title='bbox 1564 2484 1596 2540; x_wconf 85' lang='lat' dir='ltr'>et</span> 
     </span>
     <span class='ocr_line' id='line_1_23' title="bbox 245 2565 1595 2648; baseline -0.002 -19"><span class='ocrx_word' id='word_1_217' title='bbox 245 2565 401 2629; x_wconf 87' lang='lat' dir='ltr'>rariorem.</span> <span class='ocrx_word' id='word_1_218' title='bbox 446 2565 525 2629; x_wconf 87' lang='lat' dir='ltr'>Utra</span> <span class='ocrx_word' id='word_1_219' title='bbox 545 2584 619 2626; x_wconf 85' lang='lat' dir='ltr'>vera</span> <span class='ocrx_word' id='word_1_220' title='bbox 640 2567 682 2628; x_wconf 91' lang='lat' dir='ltr'>sit</span> <span class='ocrx_word' id='word_1_221' title='bbox 696 2586 733 2627; x_wconf 92' lang='lat' dir='ltr'>ex</span> <span class='ocrx_word' id='word_1_222' title='bbox 748 2566 797 2628; x_wconf 93' lang='lat' dir='ltr'>his</span> <span class='ocrx_word' id='word_1_223' title='bbox 814 2566 982 2641; x_wconf 87' lang='lat' dir='ltr'>sententiis,</span> <span class='ocrx_word' id='word_1_224' title='bbox 1006 2566 1143 2648; x_wconf 89' lang='lat' dir='ltr'>utrinque</span> <span class='ocrx_word' id='word_1_225' title='bbox 1165 2565 1223 2626; x_wconf 90' lang='lat' dir='ltr'>hoc</span> <span class='ocrx_word' id='word_1_226' title='bbox 1246 2565 1421 2639; x_wconf 87' lang='lat' dir='ltr'>adstruitur,</span> <span class='ocrx_word' id='word_1_227' title='bbox 1444 2572 1595 2646; x_wconf 89' lang='lat' dir='ltr'>portenta,</span> 
     </span>
     <span class='ocr_line' id='line_1_24' title="bbox 246 2653 1597 2739; baseline -0.001 -22"><span class='ocrx_word' id='word_1_228' title='bbox 246 2661 378 2728; x_wconf 87' lang='lat' dir='ltr'>ostenta,</span> <span class='ocrx_word' id='word_1_229' title='bbox 403 2654 519 2715; x_wconf 90' lang='lat' dir='ltr'>somnia</span> <span class='ocrx_word' id='word_1_230' title='bbox 544 2662 575 2716; x_wconf 94' lang='lat' dir='ltr'>et</span> <span class='ocrx_word' id='word_1_231' title='bbox 597 2655 766 2736; x_wconf 91' lang='lat' dir='ltr'>hujusmodi</span> <span class='ocrx_word' id='word_1_232' title='bbox 788 2674 842 2739; x_wconf 90' lang='lat' dir='ltr'>per</span> <span class='ocrx_word' id='word_1_233' title='bbox 865 2656 1028 2735; x_wconf 89' lang='lat' dir='ltr'>allegorias</span> <span class='ocrx_word' id='word_1_234' title='bbox 1051 2654 1230 2736; x_wconf 89' lang='lat' dir='ltr'>explicanda</span> <span class='ocrx_word' id='word_1_235' title='bbox 1253 2673 1330 2717; x_wconf 89' lang='lat' dir='ltr'>esse.</span> <span class='ocrx_word' id='word_1_236' title='bbox 1376 2654 1473 2734; x_wconf 88' lang='lat' dir='ltr'>Igitur</span> <span class='ocrx_word' id='word_1_237' title='bbox 1494 2653 1597 2734; x_wconf 89' lang='lat' dir='ltr'>posito</span> 
     </span>
    </p>
   </div>
   <div class='ocr_carea' id='block_1_7' title="bbox 244 2742 1705 2827">
    <p class='ocr_par' dir='ltr' id='par_1_8' title="bbox 244 2742 1705 2827">
     <span class='ocr_line' id='line_1_25' title="bbox 244 2742 1705 2827; baseline -0.001 -22"><span class='ocrx_word' id='word_1_238' title='bbox 244 2742 328 2826; x_wconf 89' lang='lat' dir='ltr'>quod</span> <span class='ocrx_word' id='word_1_239' title='bbox 351 2751 433 2804; x_wconf 89' lang='lat' dir='ltr'>certo</span> <span class='ocrx_word' id='word_1_240' title='bbox 457 2743 583 2806; x_wconf 90' lang='lat' dir='ltr'>consilio</span> <span class='ocrx_word' id='word_1_241' title='bbox 614 2765 666 2807; x_wconf 94' lang='lat' dir='ltr'>seu</span> <span class='ocrx_word' id='word_1_242' title='bbox 689 2746 746 2808; x_wconf 92' lang='lat' dir='ltr'>Dei</span> <span class='ocrx_word' id='word_1_243' title='bbox 776 2746 870 2827; x_wconf 91' lang='lat' dir='ltr'>ipsius</span> <span class='ocrx_word' id='word_1_244' title='bbox 901 2764 954 2806; x_wconf 90' lang='lat' dir='ltr'>seu</span> <span class='ocrx_word' id='word_1_245' title='bbox 983 2751 1138 2806; x_wconf 89' lang='lat' dir='ltr'>creaturae</span> <span class='ocrx_word' id='word_1_246' title='bbox 1166 2744 1325 2805; x_wconf 88' lang='lat' dir='ltr'>rationalis</span> <span class='ocrx_word' id='word_1_247' title='bbox 1355 2743 1478 2805; x_wconf 89' lang='lat' dir='ltr'>incensa</span> <span class='ocrx_word' id='word_1_248' title='bbox 1506 2743 1596 2804; x_wconf 88' lang='lat' dir='ltr'>fuerit</span> <span class='ocrx_word' id='word_1_249' title='bbox 1702 2811 1705 2816; x_wconf 49' lang='grc'>,</span> 
     </span>
    </p>
   </div>
   <div class='ocr_carea' id='block_1_8' title="bbox 242 2831 1597 4962">
    <p class='ocr_par' dir='ltr' id='par_1_9' title="bbox 242 2831 1597 4144">
     <span class='ocr_line' id='line_1_26' title="bbox 243 2831 1596 2916; baseline -0.001 -22"><span class='ocrx_word' id='word_1_250' title='bbox 243 2832 323 2895; x_wconf 90' lang='lat' dir='ltr'>haec</span> <span class='ocrx_word' id='word_1_251' title='bbox 347 2831 445 2906; x_wconf 88' lang='lat' dir='ltr'>stella,</span> <span class='ocrx_word' id='word_1_252' title='bbox 470 2833 497 2894; x_wconf 91' lang='lat' dir='ltr'>si</span> <span class='ocrx_word' id='word_1_253' title='bbox 519 2853 556 2894; x_wconf 92' lang='lat' dir='ltr'>ex</span> <span class='ocrx_word' id='word_1_254' title='bbox 578 2853 625 2912; x_wconf 81' lang='lat' dir='ltr'>pre</span> <span class='ocrx_word' id='word_1_255' title='bbox 649 2844 818 2916; x_wconf 88' lang='lat' dir='ltr'>quaeratur,</span> <span class='ocrx_word' id='word_1_256' title='bbox 842 2854 930 2916; x_wconf 88' lang='lat' dir='ltr'>quern</span> <span class='ocrx_word' id='word_1_257' title='bbox 946 2834 985 2894; x_wconf 90' lang='lat' dir='ltr'>ad</span> <span class='ocrx_word' id='word_1_258' title='bbox 1003 2835 1090 2895; x_wconf 85' lang='lat' dir='ltr'>finem</span> <span class='ocrx_word' id='word_1_259' title='bbox 1110 2833 1168 2894; x_wconf 90' lang='lat' dir='ltr'>hoc</span> <span class='ocrx_word' id='word_1_260' title='bbox 1189 2834 1301 2895; x_wconf 89' lang='lat' dir='ltr'>factum</span> <span class='ocrx_word' id='word_1_261' title='bbox 1315 2840 1426 2912; x_wconf 84' lang='lat' dir='ltr'>putem,</span> <span class='ocrx_word' id='word_1_262' title='bbox 1451 2840 1596 2894; x_wconf 88' lang='lat' dir='ltr'>etutrum</span> 
     </span>
     <span class='ocr_line' id='line_1_27' title="bbox 245 2919 1594 3005; baseline -0.002 -21"><span class='ocrx_word' id='word_1_263' title='bbox 245 2923 314 3004; x_wconf 90' lang='lat' dir='ltr'>ejus</span> <span class='ocrx_word' id='word_1_264' title='bbox 336 2919 505 3001; x_wconf 86' lang='lat' dir='ltr'>significata</span> <span class='ocrx_word' id='word_1_265' title='bbox 525 2923 562 2982; x_wconf 90' lang='lat' dir='ltr'>ad</span> <span class='ocrx_word' id='word_1_266' title='bbox 584 2943 621 2984; x_wconf 89' lang='lat' dir='ltr'>ea</span> <span class='ocrx_word' id='word_1_267' title='bbox 635 2924 836 3005; x_wconf 82' lang='lat' dir='ltr'>pertrahendo</span> <span class='ocrx_word' id='word_1_268' title='bbox 851 2924 920 2998; x_wconf 88' lang='lat' dir='ltr'>sint,</span> <span class='ocrx_word' id='word_1_269' title='bbox 945 2943 1020 3003; x_wconf 90' lang='lat' dir='ltr'>quac</span> <span class='ocrx_word' id='word_1_270' title='bbox 1040 2923 1094 2984; x_wconf 93' lang='lat' dir='ltr'>sub</span> <span class='ocrx_word' id='word_1_271' title='bbox 1116 2923 1252 2985; x_wconf 91' lang='lat' dir='ltr'>manibus</span> <span class='ocrx_word' id='word_1_272' title='bbox 1270 2920 1415 2984; x_wconf 90' lang='lat' dir='ltr'>habemus</span> <span class='ocrx_word' id='word_1_273' title='bbox 1437 2920 1594 2983; x_wconf 87' lang='lat' dir='ltr'>homines?</span> 
     </span>
     <span class='ocr_line' id='line_1_28' title="bbox 244 3010 1595 3093; baseline -0.001 -20"><span class='ocrx_word' id='word_1_274' title='bbox 244 3011 454 3093; x_wconf 90' lang='lat' dir='ltr'>primumego</span> <span class='ocrx_word' id='word_1_275' title='bbox 478 3021 665 3091; x_wconf 81' lang='lat' dir='ltr'>nongentas</span> <span class='ocrx_word' id='word_1_276' title='bbox 689 3020 805 3075; x_wconf 88' lang='lat' dir='ltr'>tautum</span> <span class='ocrx_word' id='word_1_277' title='bbox 829 3014 980 3093; x_wconf 89' lang='lat' dir='ltr'>singulas,</span> <span class='ocrx_word' id='word_1_278' title='bbox 1011 3013 1064 3073; x_wconf 90' lang='lat' dir='ltr'>sed</span> <span class='ocrx_word' id='word_1_279' title='bbox 1092 3018 1188 3074; x_wconf 90' lang='lat' dir='ltr'>toturn</span> <span class='ocrx_word' id='word_1_280' title='bbox 1215 3011 1290 3073; x_wconf 90' lang='lat' dir='ltr'>adeo</span> <span class='ocrx_word' id='word_1_281' title='bbox 1313 3010 1444 3074; x_wconf 87' lang='lat' dir='ltr'>Telluris</span> <span class='ocrx_word' id='word_1_282' title='bbox 1474 3010 1595 3091; x_wconf 91' lang='lat' dir='ltr'>globum</span> 
     </span>
     <span class='ocr_line' id='line_1_29' title="bbox 245 3095 1595 3182; baseline -0.001 -19"><span class='ocrx_word' id='word_1_283' title='bbox 245 3099 338 3166; x_wconf 88' lang='lat' dir='ltr'>nimis</span> <span class='ocrx_word' id='word_1_284' title='bbox 361 3099 470 3160; x_wconf 91' lang='lat' dir='ltr'>exilem</span> <span class='ocrx_word' id='word_1_285' title='bbox 491 3107 581 3181; x_wconf 91' lang='lat' dir='ltr'>puto,</span> <span class='ocrx_word' id='word_1_286' title='bbox 598 3106 638 3162; x_wconf 89' lang='lat' dir='ltr'>&#39;ut</span> <span class='ocrx_word' id='word_1_287' title='bbox 659 3101 689 3162; x_wconf 94' lang='lat' dir='ltr'>in</span> <span class='ocrx_word' id='word_1_288' title='bbox 713 3102 777 3181; x_wconf 88' lang='lat' dir='ltr'>ejus</span> <span class='ocrx_word' id='word_1_289' title='bbox 801 3102 988 3182; x_wconf 88' lang='lat' dir='ltr'>complexum</span> <span class='ocrx_word' id='word_1_290' title='bbox 1012 3121 1119 3176; x_wconf 84' lang='lat' dir='ltr'>ornnes¹</span> <span class='ocrx_word' id='word_1_291' title='bbox 1139 3101 1339 3181; x_wconf 88' lang='lat' dir='ltr'>cogitationes</span> <span class='ocrx_word' id='word_1_292' title='bbox 1361 3095 1495 3172; x_wconf 78' lang='lat' dir='ltr'>nostrae,</span> <span class='ocrx_word' id='word_1_293' title='bbox 1519 3117 1595 3180; x_wconf 91' lang='lat' dir='ltr'>quae</span> 
     </span>
     <span class='ocr_line' id='line_1_30' title="bbox 246 3189 1595 3270; baseline -0.003 -17"><span class='ocrx_word' id='word_1_294' title='bbox 246 3190 385 3253; x_wconf 88' lang='lat' dir='ltr'>oriuntur</span> <span class='ocrx_word' id='word_1_295' title='bbox 407 3208 496 3270; x_wconf 89' lang='lat' dir='ltr'>super</span> <span class='ocrx_word' id='word_1_296' title='bbox 519 3191 648 3269; x_wconf 88' lang='lat' dir='ltr'>genuina</span> <span class='ocrx_word' id='word_1_297' title='bbox 677 3190 892 3270; x_wconf 86' lang='lat' dir='ltr'>significatione</span> <span class='ocrx_word' id='word_1_298' title='bbox 921 3190 1030 3252; x_wconf 87' lang='lat' dir='ltr'>sideris</span> <span class='ocrx_word' id='word_1_299' title='bbox 1052 3191 1084 3251; x_wconf 93' lang='lat' dir='ltr'>in</span> <span class='ocrx_word' id='word_1_300' title='bbox 1111 3190 1261 3252; x_wconf 90' lang='lat' dir='ltr'>altissimo</span> <span class='ocrx_word' id='word_1_301' title='bbox 1289 3191 1410 3252; x_wconf 88' lang='lat' dir='ltr'>aethere</span> <span class='ocrx_word' id='word_1_302' title='bbox 1433 3189 1595 3262; x_wconf 89' lang='lat' dir='ltr'>versantis,</span> 
     </span>
     <span class='ocr_line' id='line_1_31' title="bbox 246 3275 1597 3360; baseline -0.003 -17"><span class='ocrx_word' id='word_1_303' title='bbox 246 3279 448 3343; x_wconf 87' lang='lat' dir='ltr'>effundantur.</span> <span class='ocrx_word' id='word_1_304' title='bbox 501 3280 616 3357; x_wconf 86' lang='lat' dir='ltr'>Magna</span> <span class='ocrx_word' id='word_1_305' title='bbox 645 3298 770 3360; x_wconf 92' lang='lat' dir='ltr'>namque</span> <span class='ocrx_word' id='word_1_306' title='bbox 799 3279 902 3342; x_wconf 90' lang='lat' dir='ltr'>mundi</span> <span class='ocrx_word' id='word_1_307' title='bbox 930 3277 1096 3359; x_wconf 90' lang='lat' dir='ltr'>amplitudo</span> <span class='ocrx_word' id='word_1_308' title='bbox 1125 3286 1185 3353; x_wconf 92' lang='lat' dir='ltr'>est,</span> <span class='ocrx_word' id='word_1_309' title='bbox 1217 3298 1273 3340; x_wconf 89' lang='lat' dir='ltr'>nec</span> <span class='ocrx_word' id='word_1_310' title='bbox 1302 3275 1433 3341; x_wconf 88' lang='lat' dir='ltr'>absurda</span> <span class='ocrx_word' id='word_1_311' title='bbox 1460 3277 1597 3358; x_wconf 84' lang='lat' dir='ltr'>Tychoni</span> 
     </span>
     <span class='ocr_line' id='line_1_32' title="bbox 242 3365 1595 3450; baseline -0.005 -16"><span class='ocrx_word' id='word_1_312' title='bbox 242 3368 366 3434; x_wconf 90' lang='lat' dir='ltr'>Braheo</span> <span class='ocrx_word' id='word_1_313' title='bbox 387 3368 456 3428; x_wconf 81' lang='lat' dir='ltr'>visa</span> <span class='ocrx_word' id='word_1_314' title='bbox 479 3375 527 3429; x_wconf 89' lang='lat' dir='ltr'>est</span> <span class='ocrx_word' id='word_1_315' title='bbox 549 3368 603 3428; x_wconf 90' lang='lat' dir='ltr'>illa</span> <span class='ocrx_word' id='word_1_316' title='bbox 626 3376 759 3430; x_wconf 88' lang='lat' dir='ltr'>veterum</span> <span class='ocrx_word' id='word_1_317' title='bbox 782 3368 966 3450; x_wconf 91' lang='lat' dir='ltr'>quorundam</span> <span class='ocrx_word' id='word_1_318' title='bbox 986 3368 1232 3449; x_wconf 89' lang='lat' dir='ltr'>philosophorum</span> <span class='ocrx_word' id='word_1_319' title='bbox 1254 3367 1364 3448; x_wconf 86' lang='lat' dir='ltr'>opinio,</span> <span class='ocrx_word' id='word_1_320' title='bbox 1389 3365 1595 3440; x_wconf 87' lang='lat' dir='ltr'>statuentium,</span> 
     </span>
     <span class='ocr_line' id='line_1_33' title="bbox 244 3454 1596 3538; baseline -0.003 -19"><span class='ocrx_word' id='word_1_321' title='bbox 244 3455 357 3528; x_wconf 88' lang='lat' dir='ltr'>ceteris</span> <span class='ocrx_word' id='word_1_322' title='bbox 380 3476 496 3538; x_wconf 89' lang='lat' dir='ltr'>quoque</span> <span class='ocrx_word' id='word_1_323' title='bbox 519 3455 634 3535; x_wconf 90' lang='lat' dir='ltr'>globis,</span> <span class='ocrx_word' id='word_1_324' title='bbox 657 3457 706 3538; x_wconf 92' lang='lat' dir='ltr'>qui</span> <span class='ocrx_word' id='word_1_325' title='bbox 730 3456 897 3518; x_wconf 82' lang='lat' dir='ltr'>vastissimi</span> <span class='ocrx_word' id='word_1_326' title='bbox 922 3464 1005 3532; x_wconf 89' lang='lat' dir='ltr'>sunt,</span> <span class='ocrx_word' id='word_1_327' title='bbox 1030 3476 1101 3519; x_wconf 90' lang='lat' dir='ltr'>suos</span> <span class='ocrx_word' id='word_1_328' title='bbox 1125 3475 1193 3530; x_wconf 85' lang='lat' dir='ltr'>esse</span> <span class='ocrx_word' id='word_1_329' title='bbox 1216 3456 1347 3530; x_wconf 90' lang='lat' dir='ltr'>incolas,</span> <span class='ocrx_word' id='word_1_330' title='bbox 1375 3475 1435 3517; x_wconf 91' lang='lat' dir='ltr'>non</span> <span class='ocrx_word' id='word_1_331' title='bbox 1458 3454 1596 3535; x_wconf 91' lang='lat' dir='ltr'>equidem</span> 
     </span>
     <span class='ocr_line' id='line_1_34' title="bbox 244 3543 1595 3627; baseline -0.004 -18"><span class='ocrx_word' id='word_1_332' title='bbox 244 3543 397 3619; x_wconf 84' lang='lat' dir='ltr'>homines,</span> <span class='ocrx_word' id='word_1_333' title='bbox 422 3552 455 3606; x_wconf 91' lang='lat' dir='ltr'>at</span> <span class='ocrx_word' id='word_1_334' title='bbox 477 3543 632 3607; x_wconf 84' lang='lat' dir='ltr'>creaturas</span> <span class='ocrx_word' id='word_1_335' title='bbox 656 3545 752 3621; x_wconf 90' lang='lat' dir='ltr'>alias;</span> <span class='ocrx_word' id='word_1_336' title='bbox 783 3564 858 3627; x_wconf 91' lang='lat' dir='ltr'>quae</span> <span class='ocrx_word' id='word_1_337' title='bbox 883 3546 909 3607; x_wconf 92' lang='lat' dir='ltr'>si</span> <span class='ocrx_word' id='word_1_338' title='bbox 933 3553 1018 3620; x_wconf 89' lang='lat' dir='ltr'>suut,</span> <span class='ocrx_word' id='word_1_339' title='bbox 1051 3546 1091 3606; x_wconf 90' lang='lat' dir='ltr'>ad</span> <span class='ocrx_word' id='word_1_340' title='bbox 1113 3546 1214 3608; x_wconf 91' lang='lat' dir='ltr'>mundi</span> <span class='ocrx_word' id='word_1_341' title='bbox 1239 3553 1376 3607; x_wconf 88' lang='lat' dir='ltr'>ornatum</span> <span class='ocrx_word' id='word_1_342' title='bbox 1398 3544 1501 3625; x_wconf 91' lang='lat' dir='ltr'>utique</span> <span class='ocrx_word' id='word_1_343' title='bbox 1523 3562 1595 3624; x_wconf 88' lang='lat' dir='ltr'>per-</span> 
     </span>
     <span class='ocr_line' id='line_1_35' title="bbox 244 3631 1597 3717; baseline -0.004 -19"><span class='ocrx_word' id='word_1_344' title='bbox 244 3635 395 3710; x_wconf 88' lang='lat' dir='ltr'>tinebunt,</span> <span class='ocrx_word' id='word_1_345' title='bbox 419 3652 513 3717; x_wconf 93' lang='lat' dir='ltr'>neque</span> <span class='ocrx_word' id='word_1_346' title='bbox 538 3641 654 3697; x_wconf 89' lang='lat' dir='ltr'>tantum</span> <span class='ocrx_word' id='word_1_347' title='bbox 676 3635 805 3696; x_wconf 90' lang='lat' dir='ltr'>siderum</span> <span class='ocrx_word' id='word_1_348' title='bbox 821 3636 945 3697; x_wconf 85' lang='lat' dir='ltr'>effectus</span> <span class='ocrx_word' id='word_1_349' title='bbox 967 3634 1199 3716; x_wconf 88' lang='lat' dir='ltr'>persentisceut,</span> <span class='ocrx_word' id='word_1_350' title='bbox 1223 3635 1277 3697; x_wconf 91' lang='lat' dir='ltr'>sed</span> <span class='ocrx_word' id='word_1_351' title='bbox 1300 3634 1391 3696; x_wconf 90' lang='lat' dir='ltr'>etiam</span> <span class='ocrx_word' id='word_1_352' title='bbox 1405 3631 1597 3715; x_wconf 85' lang='lat' dir='ltr'>providentia</span> 
     </span>
     <span class='ocr_line' id='line_1_36' title="bbox 244 3720 1596 3806; baseline -0.004 -18"><span class='ocrx_word' id='word_1_353' title='bbox 244 3722 378 3805; x_wconf 88' lang='lat' dir='ltr'>supremi</span> <span class='ocrx_word' id='word_1_354' title='bbox 401 3723 535 3786; x_wconf 89' lang='lat' dir='ltr'>custodis</span> <span class='ocrx_word' id='word_1_355' title='bbox 559 3724 861 3804; x_wconf 83' lang='lat' dir='ltr'>comprehendentur3</span> <span class='ocrx_word' id='word_1_356' title='bbox 892 3743 948 3786; x_wconf 91' lang='lat' dir='ltr'>nec</span> <span class='ocrx_word' id='word_1_357' title='bbox 971 3724 1132 3786; x_wconf 90' lang='lat' dir='ltr'>absurdum</span> <span class='ocrx_word' id='word_1_358' title='bbox 1153 3725 1220 3798; x_wconf 91' lang='lat' dir='ltr'>erit,</span> <span class='ocrx_word' id='word_1_359' title='bbox 1244 3743 1337 3806; x_wconf 89' lang='lat' dir='ltr'>aeque</span> <span class='ocrx_word' id='word_1_360' title='bbox 1357 3722 1432 3803; x_wconf 88' lang='lat' dir='ltr'>ipsis</span> <span class='ocrx_word' id='word_1_361' title='bbox 1453 3741 1489 3783; x_wconf 91' lang='lat' dir='ltr'>ac</span> <span class='ocrx_word' id='word_1_362' title='bbox 1509 3720 1596 3783; x_wconf 89' lang='lat' dir='ltr'>uobis</span> 
     </span>
     <span class='ocr_line' id='line_1_37' title="bbox 245 3811 1595 3893; baseline -0.004 -16"><span class='ocrx_word' id='word_1_363' title='bbox 245 3814 278 3877; x_wconf 90' lang='lat' dir='ltr'>in</span> <span class='ocrx_word' id='word_1_364' title='bbox 294 3812 414 3874; x_wconf 85' lang='lat' dir='ltr'>Tellure</span> <span class='ocrx_word' id='word_1_365' title='bbox 436 3814 628 3874; x_wconf 79' lang='lat' dir='ltr'>versantibus</span> <span class='ocrx_word' id='word_1_366' title='bbox 652 3813 820 3875; x_wconf 90' lang='lat' dir='ltr'>hominibus</span> <span class='ocrx_word' id='word_1_367' title='bbox 844 3832 881 3874; x_wconf 84' lang='lat' dir='ltr'>ex</span> <span class='ocrx_word' id='word_1_368' title='bbox 904 3814 959 3874; x_wconf 92' lang='lat' dir='ltr'>illa</span> <span class='ocrx_word' id='word_1_369' title='bbox 982 3813 1131 3874; x_wconf 87' lang='lat' dir='ltr'>altissima</span> <span class='ocrx_word' id='word_1_370' title='bbox 1154 3814 1278 3893; x_wconf 89' lang='lat' dir='ltr'>specula</span> <span class='ocrx_word' id='word_1_371' title='bbox 1299 3813 1425 3875; x_wconf 86' lang='lat' dir='ltr'>fixarum</span> <span class='ocrx_word' id='word_1_372' title='bbox 1448 3811 1595 3891; x_wconf 84' lang='lat' dir='ltr'>sphaerae</span> 
     </span>
     <span class='ocr_line' id='line_1_38' title="bbox 244 3897 1595 3984; baseline -0.004 -18"><span class='ocrx_word' id='word_1_373' title='bbox 244 3903 337 3983; x_wconf 85' lang='lat' dir='ltr'>signa</span> <span class='ocrx_word' id='word_1_374' title='bbox 359 3901 450 3976; x_wconf 81' lang='lat' dir='ltr'>mitti,¹</span> <span class='ocrx_word' id='word_1_375' title='bbox 473 3902 570 3980; x_wconf 89' lang='lat' dir='ltr'>magis</span> <span class='ocrx_word' id='word_1_376' title='bbox 595 3902 697 3965; x_wconf 87' lang='lat' dir='ltr'>forsan</span> <span class='ocrx_word' id='word_1_377' title='bbox 717 3902 848 3983; x_wconf 89' lang='lat' dir='ltr'>ipsorum</span> <span class='ocrx_word' id='word_1_378' title='bbox 872 3902 1067 3984; x_wconf 86' lang='lat' dir='ltr'>appropriata</span> <span class='ocrx_word' id='word_1_379' title='bbox 1086 3902 1194 3983; x_wconf 90' lang='lat' dir='ltr'>captui,</span> <span class='ocrx_word' id='word_1_380' title='bbox 1220 3920 1307 3982; x_wconf 89' lang='lat' dir='ltr'>quam</span> <span class='ocrx_word' id='word_1_381' title='bbox 1326 3909 1439 3963; x_wconf 89' lang='lat' dir='ltr'>nostro.</span> <span class='ocrx_word' id='word_1_382' title='bbox 1474 3897 1595 3971; x_wconf 88' lang='lat' dir='ltr'>Quaero</span> 
     </span>
     <span class='ocr_line' id='line_1_39' title="bbox 243 3990 1595 4073; baseline -0.004 -18"><span class='ocrx_word' id='word_1_383' title='bbox 243 4009 334 4073; x_wconf 87' lang='lat' dir='ltr'>ergo,</span> <span class='ocrx_word' id='word_1_384' title='bbox 359 4010 418 4052; x_wconf 94' lang='lat' dir='ltr'>non</span> <span class='ocrx_word' id='word_1_385' title='bbox 442 3991 489 4052; x_wconf 92' lang='lat' dir='ltr'>cui</span> <span class='ocrx_word' id='word_1_386' title='bbox 512 3990 609 4069; x_wconf 87' lang='lat' dir='ltr'>genti,</span> <span class='ocrx_word' id='word_1_387' title='bbox 633 3992 687 4052; x_wconf 92' lang='lat' dir='ltr'>sed</span> <span class='ocrx_word' id='word_1_388' title='bbox 711 3992 829 4054; x_wconf 89' lang='lat' dir='ltr'>omuino</span> <span class='ocrx_word' id='word_1_389' title='bbox 854 3992 901 4053; x_wconf 93' lang='lat' dir='ltr'>cui</span> <span class='ocrx_word' id='word_1_390' title='bbox 924 3992 1013 4072; x_wconf 88' lang='lat' dir='ltr'>globo</span> <span class='ocrx_word' id='word_1_391' title='bbox 1041 3991 1140 4071; x_wconf 89' lang='lat' dir='ltr'>potius</span> <span class='ocrx_word' id='word_1_392' title='bbox 1169 3991 1347 4054; x_wconf 87' lang='lat' dir='ltr'>credendum</span> <span class='ocrx_word' id='word_1_393' title='bbox 1371 3990 1413 4052; x_wconf 87' lang='lat' dir='ltr'>sit</span> <span class='ocrx_word' id='word_1_394' title='bbox 1436 4007 1595 4052; x_wconf 87' lang='lat' dir='ltr'>accensum</span> 
     </span>
     <span class='ocr_line' id='line_1_40' title="bbox 243 4073 909 4144; baseline -0.006 0"><span class='ocrx_word' id='word_1_395' title='bbox 243 4098 316 4144; x_wconf 89' lang='lat' dir='ltr'>csse</span> <span class='ocrx_word' id='word_1_396' title='bbox 339 4079 422 4141; x_wconf 87' lang='lat' dir='ltr'>sidus</span> <span class='ocrx_word' id='word_1_397' title='bbox 444 4078 523 4141; x_wconf 89' lang='lat' dir='ltr'>hcc?</span> <span class='ocrx_word' id='word_1_398' title='bbox 798 4073 804 4081; x_wconf 80' lang='grc'><strong>’</strong></span> <span class='ocrx_word' id='word_1_399' title='bbox 907 4099 909 4104; x_wconf 96' lang='grc'><strong><em>·</em></strong></span> 
     </span>
    </p>

    <p class='ocr_par' dir='ltr' id='par_1_10' title="bbox 243 4165 1596 4962">
     <span class='ocr_line' id='line_1_41' title="bbox 334 4165 1596 4250; baseline -0.002 -20"><span class='ocrx_word' id='word_1_400' title='bbox 334 4169 422 4230; x_wconf 88' lang='lat' dir='ltr'>Hunc</span> <span class='ocrx_word' id='word_1_401' title='bbox 444 4168 474 4230; x_wconf 92' lang='lat' dir='ltr'>iu</span> <span class='ocrx_word' id='word_1_402' title='bbox 499 4166 618 4230; x_wconf 92' lang='lat' dir='ltr'>modum</span> <span class='ocrx_word' id='word_1_403' title='bbox 642 4176 793 4231; x_wconf 90' lang='lat' dir='ltr'>errantem</span> <span class='ocrx_word' id='word_1_404' title='bbox 811 4187 858 4230; x_wconf 89' lang='lat' dir='ltr'>me</span> <span class='ocrx_word' id='word_1_405' title='bbox 875 4187 930 4250; x_wconf 89' lang='lat' dir='ltr'>per</span> <span class='ocrx_word' id='word_1_406' title='bbox 951 4167 1053 4231; x_wconf 90' lang='lat' dir='ltr'>mundi</span> <span class='ocrx_word' id='word_1_407' title='bbox 1077 4168 1306 4248; x_wconf 89' lang='lat' dir='ltr'>amplitudinem</span> <span class='ocrx_word' id='word_1_408' title='bbox 1328 4185 1445 4230; x_wconf 89' lang='lat' dir='ltr'>rursum</span> <span class='ocrx_word' id='word_1_409' title='bbox 1460 4165 1499 4227; x_wconf 93' lang='lat' dir='ltr'>ad</span> <span class='ocrx_word' id='word_1_410' title='bbox 1518 4165 1596 4228; x_wconf 88' lang='lat' dir='ltr'>hauc</span> 
     </span>
     <span class='ocr_line' id='line_1_42' title="bbox 244 4253 1595 4344; baseline -0.004 -22"><span class='ocrx_word' id='word_1_411' title='bbox 244 4265 383 4344; x_wconf 84' lang='lat' dir='ltr'>nostram</span> <span class='ocrx_word' id='word_1_412' title='bbox 406 4257 555 4319; x_wconf 88' lang='lat' dir='ltr'>Tellurem</span> <span class='ocrx_word' id='word_1_413' title='bbox 583 4267 706 4319; x_wconf 88' lang='lat' dir='ltr'>revocat</span> <span class='ocrx_word' id='word_1_414' title='bbox 735 4276 845 4339; x_wconf 90' lang='lat' dir='ltr'>magna</span> <span class='ocrx_word' id='word_1_415' title='bbox 868 4258 959 4319; x_wconf 89' lang='lat' dir='ltr'>trium</span> <span class='ocrx_word' id='word_1_416' title='bbox 981 4259 1170 4336; x_wconf 83' lang='lat' dir='ltr'>planetarum</span> <span class='ocrx_word' id='word_1_417' title='bbox 1197 4257 1381 4343; x_wconf 85' lang='lat' dir='ltr'>conjunctio,</span> <span class='ocrx_word' id='word_1_418' title='bbox 1412 4274 1488 4337; x_wconf 89' lang='lat' dir='ltr'>quae</span> <span class='ocrx_word' id='word_1_419' title='bbox 1512 4253 1595 4317; x_wconf 85' lang='lat' dir='ltr'>sidus</span> 
     </span>
     <span class='ocr_line' id='line_1_43' title="bbox 243 4345 1595 4436; baseline -0.006 -24"><span class='ocrx_word' id='word_1_420' title='bbox 243 4351 303 4413; x_wconf 92' lang='lat' dir='ltr'>hoc</span> <span class='ocrx_word' id='word_1_421' title='bbox 326 4347 597 4436; x_wconf 88' lang='lat' dir='ltr'>circumsteterunt.</span> <span class='ocrx_word' id='word_1_422' title='bbox 628 4345 677 4406; x_wconf 90' lang='lat' dir='ltr'>Da</span> <span class='ocrx_word' id='word_1_423' title='bbox 700 4347 788 4422; x_wconf 89' lang='lat' dir='ltr'>enirn,</span> <span class='ocrx_word' id='word_1_424' title='bbox 813 4347 890 4427; x_wconf 91' lang='lat' dir='ltr'>quod</span> <span class='ocrx_word' id='word_1_425' title='bbox 913 4346 982 4410; x_wconf 89' lang='lat' dir='ltr'>huic</span> <span class='ocrx_word' id='word_1_426' title='bbox 1000 4347 1065 4427; x_wconf 89' lang='lat' dir='ltr'>jam</span> <span class='ocrx_word' id='word_1_427' title='bbox 1087 4345 1256 4409; x_wconf 87' lang='lat' dir='ltr'>sententiae</span> <span class='ocrx_word' id='word_1_428' title='bbox 1279 4346 1430 4428; x_wconf 91' lang='lat' dir='ltr'>proprium</span> <span class='ocrx_word' id='word_1_429' title='bbox 1454 4351 1511 4418; x_wconf 90' lang='lat' dir='ltr'>est,</span> <span class='ocrx_word' id='word_1_430' title='bbox 1534 4362 1595 4405; x_wconf 91' lang='lat' dir='ltr'>uon</span> 
     </span>
     <span class='ocr_line' id='line_1_44' title="bbox 245 4432 1595 4520; baseline -0.007 -18"><span class='ocrx_word' id='word_1_431' title='bbox 245 4435 401 4503; x_wconf 88' lang='lat' dir='ltr'>fortuitum</span> <span class='ocrx_word' id='word_1_432' title='bbox 425 4435 518 4497; x_wconf 89' lang='lat' dir='ltr'>fuisse</span> <span class='ocrx_word' id='word_1_433' title='bbox 542 4435 619 4497; x_wconf 89' lang='lat' dir='ltr'>huuc</span> <span class='ocrx_word' id='word_1_434' title='bbox 638 4435 747 4498; x_wconf 88' lang='lat' dir='ltr'>stellae</span> <span class='ocrx_word' id='word_1_435' title='bbox 771 4453 945 4497; x_wconf 88' lang='lat' dir='ltr'>concursum</span> <span class='ocrx_word' id='word_1_436' title='bbox 960 4455 1025 4498; x_wconf 90' lang='lat' dir='ltr'>cum</span> <span class='ocrx_word' id='word_1_437' title='bbox 1040 4435 1094 4497; x_wconf 90' lang='lat' dir='ltr'>illa</span> <span class='ocrx_word' id='word_1_438' title='bbox 1117 4435 1334 4520; x_wconf 84' lang='lat' dir='ltr'>conjunctione,</span> <span class='ocrx_word' id='word_1_439' title='bbox 1358 4435 1413 4496; x_wconf 91' lang='lat' dir='ltr'>sed</span> <span class='ocrx_word' id='word_1_440' title='bbox 1427 4432 1595 4515; x_wconf 90' lang='lat' dir='ltr'>quaesitum</span> 
     </span>
     <span class='ocr_line' id='line_1_45' title="bbox 246 4523 1593 4605; baseline -0.007 -14"><span class='ocrx_word' id='word_1_441' title='bbox 246 4549 267 4592; x_wconf 86' lang='lat' dir='ltr'>a</span> <span class='ocrx_word' id='word_1_442' title='bbox 281 4523 369 4588; x_wconf 82' lang='lat' dir='ltr'>Deo:</span> <span class='ocrx_word' id='word_1_443' title='bbox 389 4524 456 4605; x_wconf 88' lang='lat' dir='ltr'>jam</span> <span class='ocrx_word' id='word_1_444' title='bbox 479 4531 560 4586; x_wconf 88' lang='lat' dir='ltr'>certe</span> <span class='ocrx_word' id='word_1_445' title='bbox 579 4525 775 4595; x_wconf 85' lang='lat' dir='ltr'>convinceris,</span> <span class='ocrx_word' id='word_1_446' title='bbox 791 4525 892 4586; x_wconf 90' lang='lat' dir='ltr'>Terris</span> <span class='ocrx_word' id='word_1_447' title='bbox 915 4525 1105 4604; x_wconf 84' lang='lat' dir='ltr'>potissimum</span> <span class='ocrx_word' id='word_1_448' title='bbox 1127 4525 1270 4594; x_wconf 85' lang='lat' dir='ltr'>illuxisse,</span> <span class='ocrx_word' id='word_1_449' title='bbox 1296 4524 1398 4586; x_wconf 91' lang='lat' dir='ltr'>Terris</span> <span class='ocrx_word' id='word_1_450' title='bbox 1418 4524 1593 4604; x_wconf 85' lang='lat' dir='ltr'>deputatum</span> 
     </span>
     <span class='ocr_line' id='line_1_46' title="bbox 244 4610 1595 4697; baseline -0.007 -17"><span class='ocrx_word' id='word_1_451' title='bbox 244 4613 393 4697; x_wconf 83' lang='lat' dir='ltr'>fulgorem</span> <span class='ocrx_word' id='word_1_452' title='bbox 415 4614 508 4687; x_wconf 93' lang='lat' dir='ltr'>hunc,</span> <span class='ocrx_word' id='word_1_453' title='bbox 541 4612 615 4675; x_wconf 90' lang='lat' dir='ltr'>nulli</span> <span class='ocrx_word' id='word_1_454' title='bbox 637 4612 920 4693; x_wconf 88' lang='lat' dir='ltr'>praetereaglobo.</span> <span class='ocrx_word' id='word_1_455' title='bbox 967 4614 1113 4693; x_wconf 90' lang='lat' dir='ltr'>Nuspiam</span> <span class='ocrx_word' id='word_1_456' title='bbox 1141 4614 1220 4676; x_wconf 91' lang='lat' dir='ltr'>enim</span> <span class='ocrx_word' id='word_1_457' title='bbox 1252 4613 1309 4675; x_wconf 91' lang='lat' dir='ltr'>nisi</span> <span class='ocrx_word' id='word_1_458' title='bbox 1331 4614 1362 4675; x_wconf 91' lang='lat' dir='ltr'>in</span> <span class='ocrx_word' id='word_1_459' title='bbox 1386 4611 1487 4674; x_wconf 88' lang='lat' dir='ltr'>Terris</span> <span class='ocrx_word' id='word_1_460' title='bbox 1512 4610 1595 4673; x_wconf 88' lang='lat' dir='ltr'>hisce</span> 
     </span>
     <span class='ocr_line' id='line_1_47' title="bbox 247 4700 1595 4785; baseline -0.006 -16"><span class='ocrx_word' id='word_1_461' title='bbox 247 4704 379 4785; x_wconf 54' lang='lat' dir='ltr'>Jupiter*</span> <span class='ocrx_word' id='word_1_462' title='bbox 392 4702 487 4765; x_wconf 85' lang='lat' dir='ltr'>Marti</span> <span class='ocrx_word' id='word_1_463' title='bbox 510 4701 593 4763; x_wconf 80' lang='lat' dir='ltr'>risus</span> <span class='ocrx_word' id='word_1_464' title='bbox 617 4709 666 4763; x_wconf 90' lang='lat' dir='ltr'>est</span> <span class='ocrx_word' id='word_1_465' title='bbox 695 4704 872 4782; x_wconf 88' lang='lat' dir='ltr'>conjunctus</span> <span class='ocrx_word' id='word_1_466' title='bbox 896 4720 931 4762; x_wconf 94' lang='lat' dir='ltr'>eo</span> <span class='ocrx_word' id='word_1_467' title='bbox 956 4702 1013 4778; x_wconf 93' lang='lat' dir='ltr'>die,</span> <span class='ocrx_word' id='word_1_468' title='bbox 1038 4721 1095 4784; x_wconf 93' lang='lat' dir='ltr'>quo</span> <span class='ocrx_word' id='word_1_469' title='bbox 1119 4704 1209 4765; x_wconf 91' lang='lat' dir='ltr'>stella</span> <span class='ocrx_word' id='word_1_470' title='bbox 1232 4702 1353 4765; x_wconf 83' lang='lat' dir='ltr'>effulsit.</span> <span class='ocrx_word' id='word_1_471' title='bbox 1399 4701 1476 4763; x_wconf 82' lang='lat' dir='ltr'>Esto</span> <span class='ocrx_word' id='word_1_472' title='bbox 1504 4700 1595 4780; x_wconf 89' lang='lat' dir='ltr'>igitur</span> 
     </span>
     <span class='ocr_line' id='line_1_48' title="bbox 244 4788 1593 4873; baseline -0.005 -15"><span class='ocrx_word' id='word_1_473' title='bbox 244 4801 280 4858; x_wconf 89' lang='lat' dir='ltr'>ut</span> <span class='ocrx_word' id='word_1_474' title='bbox 301 4792 356 4855; x_wconf 89' lang='lat' dir='ltr'>illa</span> <span class='ocrx_word' id='word_1_475' title='bbox 378 4792 448 4853; x_wconf 90' lang='lat' dir='ltr'>anni</span> <span class='ocrx_word' id='word_1_476' title='bbox 475 4788 569 4856; x_wconf 82' lang='lat'><strong>1572.</strong></span> <span class='ocrx_word' id='word_1_477' title='bbox 594 4792 685 4852; x_wconf 90' lang='lat' dir='ltr'>stella</span> <span class='ocrx_word' id='word_1_478' title='bbox 709 4792 797 4853; x_wconf 88' lang='lat' dir='ltr'>fuerit</span> <span class='ocrx_word' id='word_1_479' title='bbox 819 4811 949 4853; x_wconf 90' lang='lat' dir='ltr'>accensa</span> <span class='ocrx_word' id='word_1_480' title='bbox 967 4792 1016 4853; x_wconf 89' lang='lat' dir='ltr'>vel</span> <span class='ocrx_word' id='word_1_481' title='bbox 1032 4791 1251 4873; x_wconf 81' lang='lat' dir='ltr'>Cynocephalis</span> <span class='ocrx_word' id='word_1_482' title='bbox 1266 4790 1437 4853; x_wconf 86' lang='lat' dir='ltr'>Luciauicis</span> <span class='ocrx_word' id='word_1_483' title='bbox 1460 4790 1490 4852; x_wconf 91' lang='lat' dir='ltr'>in</span> <span class='ocrx_word' id='word_1_484' title='bbox 1514 4788 1593 4851; x_wconf 91' lang='lat' dir='ltr'>Sirio</span> 
     </span>
     <span class='ocr_line' id='line_1_49' title="bbox 244 4878 1592 4962; baseline -0.004 -19"><span class='ocrx_word' id='word_1_485' title='bbox 244 4883 296 4946; x_wconf 84' lang='lat' dir='ltr'>vel</span> <span class='ocrx_word' id='word_1_486' title='bbox 318 4881 501 4944; x_wconf 83' lang='lat' dir='ltr'>Minotauris</span> <span class='ocrx_word' id='word_1_487' title='bbox 533 4879 563 4943; x_wconf 90' lang='lat' dir='ltr'>in</span> <span class='ocrx_word' id='word_1_488' title='bbox 596 4879 761 4958; x_wconf 81' lang='lat' dir='ltr'>Sagittario</span> <span class='ocrx_word' id='word_1_489' title='bbox 793 4881 1003 4955; x_wconf 85' lang='lat' dir='ltr'>versantibus,</span> <span class='ocrx_word' id='word_1_490' title='bbox 1035 4882 1104 4962; x_wconf 92' lang='lat' dir='ltr'>quia</span> <span class='ocrx_word' id='word_1_491' title='bbox 1136 4900 1190 4943; x_wconf 90' lang='lat' dir='ltr'>nec</span> <span class='ocrx_word' id='word_1_492' title='bbox 1222 4882 1251 4943; x_wconf 91' lang='lat' dir='ltr'>iu</span> <span class='ocrx_word' id='word_1_493' title='bbox 1285 4881 1455 4961; x_wconf 88' lang='lat' dir='ltr'>eclipticam</span> <span class='ocrx_word' id='word_1_494' title='bbox 1482 4878 1592 4940; x_wconf 91' lang='lat' dir='ltr'>necin</span> 
     </span>
    </p>
   </div>
   <div class='ocr_carea' id='block_1_9' title="bbox 245 4967 1696 5057">
    <p class='ocr_par' dir='ltr' id='par_1_11' title="bbox 245 4967 1696 5057">
     <span class='ocr_line' id='line_1_50' title="bbox 245 4967 1696 5057; baseline -0.005 -22"><span class='ocrx_word' id='word_1_495' title='bbox 245 4974 387 5057; x_wconf 89' lang='lat' dir='ltr'>planetas</span> <span class='ocrx_word' id='word_1_496' title='bbox 413 4970 536 5051; x_wconf 90' lang='lat' dir='ltr'>junctos</span> <span class='ocrx_word' id='word_1_497' title='bbox 560 4970 724 5031; x_wconf 87' lang='lat' dir='ltr'>inciderat:</span> <span class='ocrx_word' id='word_1_498' title='bbox 754 4971 828 5031; x_wconf 83' lang='lat' dir='ltr'>haec</span> <span class='ocrx_word' id='word_1_499' title='bbox 853 4977 935 5031; x_wconf 88' lang='lat' dir='ltr'>certe</span> <span class='ocrx_word' id='word_1_500' title='bbox 964 4976 1070 5031; x_wconf 83' lang='lat' dir='ltr'>nostra</span> <span class='ocrx_word' id='word_1_501' title='bbox 1093 4970 1185 5032; x_wconf 88' lang='lat' dir='ltr'>stella</span> <span class='ocrx_word' id='word_1_502' title='bbox 1207 4970 1277 5051; x_wconf 89' lang='lat' dir='ltr'>quia</span> <span class='ocrx_word' id='word_1_503' title='bbox 1305 4989 1397 5051; x_wconf 88' lang='lat' dir='ltr'>prope</span> <span class='ocrx_word' id='word_1_504' title='bbox 1427 4967 1597 5048; x_wconf 86' lang='lat' dir='ltr'>eclipticam</span> <span class='ocrx_word' id='word_1_505' title='bbox 1691 4969 1696 4978; x_wconf 89' lang='lat'>&#39;</span> 
     </span>
    </p>
   </div>
   <div class='ocr_carea' id='block_1_10' title="bbox 246 5057 1596 5215">
    <p class='ocr_par' dir='ltr' id='par_1_12' title="bbox 246 5057 1596 5215">
     <span class='ocr_line' id='line_1_51' title="bbox 246 5057 1596 5141; baseline -0.004 -16"><span class='ocrx_word' id='word_1_506' title='bbox 246 5061 354 5133; x_wconf 82' lang='lat' dir='ltr'>stetit,¹</span> <span class='ocrx_word' id='word_1_507' title='bbox 367 5061 398 5121; x_wconf 90' lang='lat' dir='ltr'>iu</span> <span class='ocrx_word' id='word_1_508' title='bbox 417 5059 572 5139; x_wconf 87' lang='lat' dir='ltr'>globorum</span> <span class='ocrx_word' id='word_1_509' title='bbox 595 5060 829 5140; x_wconf 87' lang='lat' dir='ltr'>planetariorum</span> <span class='ocrx_word' id='word_1_510' title='bbox 851 5059 981 5138; x_wconf 86' lang='lat' dir='ltr'>gratiam</span> <span class='ocrx_word' id='word_1_511' title='bbox 1003 5060 1110 5135; x_wconf 86' lang='lat' dir='ltr'>illuxit,</span> <span class='ocrx_word' id='word_1_512' title='bbox 1135 5068 1170 5123; x_wconf 90' lang='lat' dir='ltr'>ut</span> <span class='ocrx_word' id='word_1_513' title='bbox 1188 5078 1309 5141; x_wconf 87' lang='lat' dir='ltr'>quorum</span> <span class='ocrx_word' id='word_1_514' title='bbox 1327 5069 1427 5121; x_wconf 87' lang='lat' dir='ltr'>ructus</span> <span class='ocrx_word' id='word_1_515' title='bbox 1441 5057 1596 5121; x_wconf 82' lang='lat' dir='ltr'>zodiacum</span> 
     </span>
     <span class='ocr_line' id='line_1_52' title="bbox 325 5163 1386 5215; baseline -0.002 0"><span class='ocrx_word' id='word_1_516' title='bbox 325 5164 413 5215; x_wconf 60' lang='lat' dir='ltr'>hebd</span> <span class='ocrx_word' id='word_1_517' title='bbox 426 5165 502 5215; x_wconf 63' lang='grc' dir='ltr'>ΟΜ</span> <span class='ocrx_word' id='word_1_518' title='bbox 517 5166 543 5206; x_wconf 84' lang='lat'>¹1·</span> <span class='ocrx_word' id='word_1_519' title='bbox 1352 5163 1386 5214; x_wconf 82' lang='lat' dir='ltr'>tr</span> 
     </span>
    </p>
   </div>
   <div class='ocr_carea' id='block_1_11' title="bbox 0 0 1850 5842">
    <p class='ocr_par' dir='ltr' id='par_1_13' title="bbox 0 0 1850 5842">
     <span class='ocr_line' id='line_1_53' title="bbox 0 0 1850 5842; baseline 0 1"><span class='ocrx_word' id='word_1_520' title='bbox 0 0 1850 5842; x_wconf 95' lang='lat' dir='ltr'> </span> 
     </span>
    </p>
   </div>
  </div>
 </body>
</html>
