3692 5842
244 265 305 336 102
656 269 757 324 Literae
775 272 877 337 Kaplsrl
896 273 1047 337 aliorumque
1065 279 1167 322 mutuas

241 449 401 511 maximam
425 445 519 509 fuisse
547 448 721 522 existimas,
751 448 849 527 pingis
874 448 1004 509 lucidum
1027 467 1117 509 conia
1145 448 1173 509 in
1202 453 1289 526 parte
1317 463 1435 508 summa
1461 445 1596 526 corporis

241 540 354 599 Lunae.
400 536 484 597 Haec
508 535 565 597 duo
590 553 648 597 uon
672 544 756 597 stant
779 536 875 598 simul.
923 535 1011 616 Rogo
1035 553 1106 616 ergo
1130 535 1274 614 maiorem
1296 535 1326 596 iu
1349 535 1485 609 modum,
1510 541 1593 596 tuam

243 627 291 687 nic
314 624 485 685 memoriam
520 624 679 702 diligenter
703 624 869 696 examines,
903 624 1063 703 praecipue
1089 644 1125 685 an
1154 633 1220 684 toto
1253 623 1420 684 durationis
1448 631 1594 702 ternpore,

241 712 419 793 praesertim
454 712 533 773 circa
571 712 717 784 medinm,
758 720 902 791 perpetuo
941 712 1073 791 potueris
1112 730 1275 791 agnoscere
1308 711 1384 772 satis
1425 712 1595 772 evidentem

241 801 364 862 limitem
390 802 468 861 inter
490 808 608 879 partem
633 820 720 879 quarn
740 801 855 879 putasti
881 801 1009 860 lucidam
1030 809 1061 860 et
1081 809 1196 878 partem
1222 801 1430 862 obscuratam:
1455 808 1488 860 et
1510 817 1595 860 corn-

239 908 328 968 pares
353 888 490 967 exempla
515 889 632 959 similia,
658 908 734 967 quae
764 888 907 967 descripsi
933 890 962 948 in
987 886 1116 966 Opticis.
1163 889 1212 949 Da
1236 907 1359 967 operam
1383 895 1415 949 ut
1439 887 1488 949 hic
1512 895 1595 947 tuam

241 977 443 1038 astronomiae
476 976 651 1036 fidelitatem
685 978 870 1037 demonstres
904 996 998 1056 neque
1024 997 1070 1037 me
1104 976 1240 1052 differaS,
1274 985 1305 1037 et
1328 977 1363 1051 si,
1381 982 1469 1055 potes
1504 975 1595 1036 etiam

241 1065 375 1137 aliorum,
401 1065 448 1144 qui
472 1083 526 1141 per·
551 1062 669 1124 Gallias
694 1073 724 1124 et
749 1065 914 1143 Hispanias
938 1066 1021 1125 illam
1051 1065 1249 1126 observarunt
1271 1066 1319 1125 rel
1343 1064 1435 1124 etiam
1458 1063 1595 1124 Emden·

240 1153 316 1214 sium
339 1160 497 1213 nautarum
521 1152 695 1213 testimonia
719 1152 886 1232 conquiras.

329 1256 539 1327 Quantitatem
564 1257 619 1318 eol.
645 1256 725 1319 Solis
753 1255 833 1319 1601
860 1259 934 1318 Dec.
960 1259 1065 1319 metire
1089 1263 1127 1317 e'x
1150 1257 1224 1317 meis
1249 1254 1320 1334 Opt.
1348 1257 1399 1316 lol.
1425 1255 1594 1317 ultimo.-

330 1344 424 1404 Quibus
452 1346 659 1394 exhortationibus
686 1352 767 1394 motus
792 1345 855 1395 haec
882 1347 925 1395 dat
946 1347 1074 1395 Fabricius
1099 1344 1207 1409 Keplero
1233 1342 1269 1406 (d.
1291 1341 1393 1392 1120.
1414 1342 1478 1392 Des.
1498 1340 1596 1402 teeti:

240 1417 280 1466 De
299 1416 383 1478 eclipsi
402 1416 489 1465 Lunae
509 1430 531 1464 a.
553 1413 594 1464 38.
615 1430 654 1464 res
673 1430 700 1464 se
723 1416 800 1465 habet
823 1418 872 1473 ita,
899 1418 964 1480 quod
983 1416 1066 1466 lucida
1083 1429 1141 1479 pars
1160 1415 1185 1464 50
1205 1416 1311 1478 proxime
1331 1415 1364 1464 ad
1387 1415 1466 1462 risum
1486 1416 1597 1478 -quia

240 1488 408 1536 instrumentis
427 1502 476 1534 uon
502 1502 555 1535 sum
579 1487 701 1535 dimensus
725 1513 752 1522 -
773 1493 867 1536 eertum
886 1494 939 1541 est,
969 1487 1077 1551 aliquam
1104 1486 1251 1549 particulam
1275 1485 1494 1549 quantulacunque
1521 1487 1595 1533 etiam

240 1558 314 1607 tuerit
331 1558 439 1606 lucidam
459 1559 632 1606 mansisse-
652 1571 758 1621 aequare
777 1557 911 1607 ridebatur.
944 1557 1034 1607 Totum
1053 1558 1103 1606 iere
1123 1572 1209 1621 corpus
1228 1558 1316 1606 Lunae
1335 1556 1494 1604 obscuratum
1511 1554 1594 1604 madia

241 1627 326 1690 eclipsi
345 1634 494 1691 apparenter
518 1628 647 1677 ridebatur
665 1637 690 1677 et
709 1629 821 1691 quidem.
849 1628 912 1692 quod
932 1630 1032 1684 mimm,
1058 1628 1131 1676 limbo
1155 1629 1234 1692 magis
1261 1627 1388 1675 viciniores
1416 1631 1501 1689 partes
1520 1637 1593 1690 quam

240 1699 347 1747 medium
366 1700 479 1761 corporis,
500 1699 563 1762 quod
582 1700 710 1747 obscurum
729 1706 791 1748 erat.
811 1724 846 1733 ·-

330 1784 519 1841 Fabricius,
540 1786 563 1835 d.
579 1783 602 1832 2.
622 1783 661 1833 12.
675 1788 734 1848 Aps.
752 1784 835 1834 1605:
855 1784 1040 1836 Observarihic
1054 1783 1179 1845 (Ostelae)
1199 1785 1329 1849 diligenter
1348 1783 1479 1833 admodum
1498 1784 1595 1833 luitims

241 1863 267 1905 et
284 1856 358 1905 finem
376 1857 500 1918 proximae
519 1856 623 1919 eclipsis.
661 1855 812 1905 Transmitto
840 1857 1030 1905 observationes.
1069 1857 1164 1918 lncepit
1191 1856 1216 1904 iu
1240 1855 1370 1904 altitudine
1389 1853 1445 1904 Sirii
1465 1851 1521 1910 170,
1541 1853 1596 1904 huis

240 1928 265 1976 in
285 1926 327 1975 alt.
348 1928 446 1976 Arcturi
465 1922 514 1973 160
533 1925 584 1976 250.
621 1926 728 1990 Tempus
748 1943 777 1976 ex
797 1927 966 1975 altitudinibus
990 1927 1097 1975 nondum
1122 1926 1225 1975 subduxi
1250 1933 1348 1990 propter
1370 1939 1488 1989 praeseus
1507 1926 1596 1975 isam

241 1996 391 2050 Paschatisr
411 2003 437 2045 tn
456 1997 529 2046 iacile
549 1997 656 2061 colliges.
696 1998 806 2046 Altitudo
833 1998 972 2059 sequuturis
991 1997 1030 2046 hic
1050 1994 1098 2045 360
1117 1994 1168 2044 220.
1206 1997 1258 2062 Ego
1282 2005 1339 2046 tuas
1363 1997 1547 2045 observationes
1565 1994 1596 2046 da

241 2067 289 2117 hac
308 2068 391 2130 eclipsi
405 2068 492 2116 Lunae
511 2074 608 2130 orpeto,
627 2068 698 2117 atde
718 2084 775 2117 veru
794 2069 983 2117 meridianorum
1002 2068 1142 2117 differentia
1161 2075 1275 2117 constare
1293 2068 1376 2131 possit
1406 2067 1467 2116 Erat
1484 2065 1526 2116 his
1544 2072 1595 2114 toto

241 2137 417 2187 observationis
436 2144 545 2201 tempore
563 2139 670 2201 undique
689 2141 794 2188 maxime
818 2154 947 2194 serenum
973 2140 1051 2202 qualis
1070 2147 1122 2186 tum
1146 2138 1212 2201 apud
1231 2153 1272 2187 ros
1292 2137 1353 2188 coeli
1373 2138 1450 2186 iacies
1469 2137 1516 2186 init
1533 2137 1596 2186 scira

242 2208 321 2272 cupio.
353 2208 460 2271 Reliqua
472 2209 533 2257 lucis
551 2210 675 2270 particula
693 2211 848 2258 aestimativa
861 2210 964 2273 digitum
982 2224 1058 2258 uuum
1078 2210 1211 2273 aequabat,
1231 2216 1259 2259 at
1277 2208 1377 2258 difficile
1389 2207 1436 2259 hoo
1454 2207 1503 2256 rurs
1520 2207 1595 2257 iuter·

240 2293 351 2329 noscere.
375 2277 429 2326 Cito
448 2281 542 2341 incepit
560 2279 692 2342 deliquium
711 2294 830 2336 crescere,
844 2289 872 2329 at
883 2280 957 2329 tarda
973 2280 1072 2329 tuarum
1089 2281 1243 2329 incrementa
1255 2286 1281 2328 et
1293 2280 1353 2328 tecit
1370 2280 1448 2341 spiras
1467 2277 1596 2343 quasdam

243 2349 431 2398 Semidiameter
449 2349 536 2398 Lunae
563 2351 664 2398 iuventa
684 2347 762 2409 3⁴¹l2‘
781 2366 824 2413 per
846 2351 993 2400 sextantem.
1032 2349 1092 2400 Cura
1120 2364 1214 2399 cornua
1241 2359 1325 2399 erecta
1352 2357 1419 2399 stare
1446 2347 1594 2407 adanam,

243 2419 286 2468 alt.
307 2420 362 2470 Sirii
381 2420 427 2468 fuit
448 2416 495 2467 130
517 2419 565 2470 150.
580 2442 614 2452 -
633 2421 735 2470 Praeter
754 2422 825 2470 modo
844 2421 980 2484 praemissa
998 2421 1056 2470 nihil
1075 2421 1179 2483 amplius
1199 2420 1403 2485 deprehendimus
1422 2420 1447 2468 iu
1464 2417 1504 2468 hia
1521 2418 1598 2468 ltcar'u

241 2504 305 2553 quae
331 2490 363 2538 ad
390 2489 455 2538 hanc
482 2492 606 2552 pertinent
634 2491 742 2554 eclipsin.
781 2492 809 2540 Iu
831 2493 1014 2554 ,postscriptis“
1036 2491 1099 2540 redit
1127 2491 1159 2540 ad
1186 2491 1253 2540 illam
1281 2492 1339 2540 anui
1364 2487 1411 2550 118,
1440 2488 1598 2538 altitudinem

242 2559 332 2624 Reguli
345 2561 413 2622 ponit
432 2558 480 2607 2100
493 2558 535 2607 300
551 2569 576 2610 et
595 2562 680 2610 addit:
700 2563 811 2611 conteres
825 2562 869 2610 hoc
885 2577 940 2610 cum
958 2563 1069 2625 proxima
1087 2562 1181 2625 eclipsi,
1200 2577 1243 2624 pro
1261 2562 1451 2610 meridianorum
1469 2559 1598 2609 distamia.

332 2648 533 2726 Keplerus:
560 2649 726 2711 Laudabile
751 2660 799 2711 est
823 2660 903 2710 tnum
929 2650 1059 2710 studium
1085 2650 1113 2710 in
1138 2649 1327 2711 observanda
1351 2648 1456 2728 eclipsi
1480 2648 1596 2708 Lunae.

331 2733 419 2804 erod
444 2736 522 2795 siin
547 2736 692 2816 principio
717 2739 774 2799 snit
797 2737 893 2799 Sirius
918 2738 947 2797 in
972 2739 1025 2797 alt.
1056 2733 1120 2811 170,
1146 2755 1217 2817 ergo
1245 2732 1401 2799 1210160
1425 2733 1599 2815 aequatoris

245 2824 300 2882 init
325 2823 353 2881 in
377 2824 418 2882 Μ.
446 2821 482 2884 C.
521 2817 562 2883 Et
585 2825 611 2884 si
636 2825 664 2885 in
689 2828 744 2886 tine
769 2826 874 2887 habuit
898 2825 951 2887 alt.
976 2821 1037 2889 160
1056 2823 1119 2897 250,
1144 2843 1215 2903 ergo
1244 2821 1323 2886 ¹70⁰
1345 2820 1400 2887 190
1424 2822 1599 2903 aequaturia

243 2910 272 2972 in
297 2911 339 2971 M.
367 2908 413 2984 8.,
444 2909 588 2989 siquidem
616 2930 685 2973 vere
709 2915 762 2976 alt.
797 2909 1142 2994 1111111111360220,
1177 2931 1247 2991 ergo
1280 2912 1398 2973 duratio
1432 2922 1600 2991 temporum

244 2994 306 3059 190
329 2996 379 3069 3ος
404 3007 524 3059 etcum
548 3009 685 3078 tempora
711 2999 769 3062 150
792 3000 822 3062 20
847 2998 911 3062 3000
936 3003 1009 3061 dent
1031 3002 1146 3073 horam,
1171 3011 1257 3062 erunt
1280 2998 1319 3062 3¹1
1348 2997 1398 3062 150
1422 2997 1499 3063 3000.

333 3088 403 3146 Mea
436 3087 622 3156 observatio,
656 3098 816 3166 praesente
847 3089 965 3149 Joanne
995 3089 1152 3159 (Eriksen)
1188 3097 1219 3148 et
1248 3089 1381 3150 Matthia
1413 3085 1601 3161 (Seiiiarto),

244 3174 316 3234 talis
351 3175 425 3236 init:
460 3172 570 3254 Coepit
606 3172 801 3248 1101111Ιί11
838 3174 903 3244 160)
933 3185 1093 3257 antequam
1126 3175 1218 3255 Spica
1253 3178 1442 3238 attolleretur
1474 3171 1514 3238 80
1545 3171 1602 3237 330

243 3262 357 3331 (inveni
383 3264 437 3322 lios
462 3263 491 3324 h.
518 3264 546 3325 7.
573 3261 662 3336 510);
696 3266 828 3326 cessarit
856 3263 910 3327 580
942 3274 1102 3344 postquam
1127 3263 1219 3344 Spica
1242 3265 1369 3326 haberet
1392 3267 1447 3325 alt.
1472 3261 1534 3326 210
1562 3263 1599 3324 10.

245 3353 327 3411 llaec
353 3371 408 3429 ego
433 3352 498 3430 ipse
526 3352 655 3413 nondam
680 3354 718 3412 ad
742 3355 887 3415 caleulum
914 3354 1039 3425 rocavi;
1064 3354 1089 3413 si
1115 3363 1213 3414 tamen
1238 3353 1424 3432 computanti
1448 3350 1600 3412 Matthiae

245 3440 403 3510 fidendum,
428 3440 603 3518 principiam
630 3442 657 3500 in
683 3440 728 3501 'ih-
754 3438 807 3502 370
831 3442 945 3512 (verius
970 3441 1000 3501 7.
1027 3439 1104 3514 38),
1129 3442 1195 3504 tinis
1220 3443 1247 3502 in
1281 3440 1330 3502 10.
1356 3439 1408 3503 58.
1434 3438 1503 3512 (10.
1529 3437 1601 3508 55.)

246 3528 338 3588 radit.
378 3527 429 3588 Sic
454 3528 571 3588 duratio
595 3528 666 3588 mihi
692 3540 774 3590 esset
798 3526 918 3591 311-21‘
944 3527 987 3601 (3.
1012 3529 1076 3599 11.)
1097 3530 1151 3591 tibi
1170 3527 1216 3591 3¹²·
1247 3525 1350 3609 ¹5'i2‘·
1388 3528 1455 3607 Ego
1479 3527 1602 3608 quidem

245 3612 276 3674 10
302 3624 372 3674 ante
397 3617 482 3675 tinem
506 3616 592 3695 posui
617 3616 691 3677 haec
716 3618 825 3678 rerba:
853 3618 1093 3687 ,inaestimabile
1122 3617 1271 3697 quippiam
1304 3617 1478 3689 abfuisse“;
1511 3616 1602 3676 tinem

244 3721 315 3763 vero
340 3703 482 3780 descripsi
514 3704 559 3763 nis
590 3705 709 3765 rerlris:
737 3707 821 3770 ,linis
846 3706 969 3780 dubius,
999 3706 1036 3766 ob
1061 3706 1213 3767 sinistrum
1238 3706 1353 3766 oeulrrm
1377 3706 1464 3766 tarde
1488 3703 1603 3766 illumi·

246 3793 368 3850 natnrn“
395 3800 426 3850 et
455 3792 570 3851 duobus
600 3792 720 3853 minutis
743 3802 833 3874 post:
867 3796 953 3866 ,tinia
984 3795 1104 3854 certus“
1135 3795 1178 3866 (h.
1207 3793 1256 3856 10.
1282 3793 1360 3860 570).
1407 3793 1474 3852 Huc
1506 3809 1603 3871 usqua

246 3879 338 3956 igitur
372 3878 499 3939 inissent
523 3879 568 3941 311.
595 3877 648 3939 230
679 3883 804 3950 (rectius
834 3879 863 3944 3.
895 3880 979 3954 19),
1013 3882 1067 3942 sed
1099 3883 1215 3943 retineo
1247 3882 1434 3944 durationem
1462 3877 1507 3942 3¹¹-
1534 3878 1602 3952 210,

246 3967 315 4046 qnia
340 3967 440 4046 Tycha
471 3968 561 4028 habet
586 3965 631 4028 3¹1·
657 3965 720 4029 200.
770 3971 874 4049 ltaque
903 3990 940 4029 ex
969 3970 1114 4049 principio
1143 3971 1251 4048 colligo
1281 3969 1479 4032 differentiam
1508 3966 1603 4030 meri·

245 4054 552 4121 111111111150280,
581 4075 619 4115 ex
647 4059 703 4117 ime
730 4053 966 4127 6015011270
994 4051 1088 4136 15010
1120 4058 1210 4137 Prag.
1242 4090 1283 4100 —
1317 4053 1472 4119 1210160
1500 4055 1602 4117 Ostel.

248 4140 452 4218 3502901,
482 4155 510 4202 et
542 4140 620 4204 1760
644 4139 887 4222 5110147110
909 4144 963 4210 190
990 4171 1028 4199 =
1049 4142 1087 4206 60
1114 4140 1232 4224 10010).
1280 4146 1312 4207 Si
1338 4164 1407 4206 vero
1432 4146 1470 4206 ob
1492 4163 1605 4204 causas

246 4232 364 4310 opticas
389 4241 470 4291 tuum
497 4231 611 4292 initium
638 4232 722 4309 justo
753 4235 884 4306 tardius,
915 4237 1001 4294 tinem
1035 4235 1124 4295 citius
1153 4233 1392 4296 animadvertisti
1426 4233 1527 4312 (cujus
1559 4230 1605 4293 rei

247 4320 385 4398 exempla
410 4320 543 4397 adeoque
568 4322 700 4398 regulam
726 4323 923 4382 universalem
943 4323 1037 4383 babes
1058 4324 1084 4382 in
1106 4322 1250 4401 Opticis),
1274 4333 1344 4384 tunc
1365 4331 1447 4384 tuum
1472 4319 1605 4382 medinm

248 4427 314 4468 cum
340 4426 405 4467 men
430 4408 573 4468 collatum
597 4410 732 4469 ostendit
756 4410 816 4470 diti.
842 4410 945 4470 rnerid.
971 4406 1010 4472 60
1032 4411 1078 4482 70;
1102 4412 1239 4472 ilondins
1263 4411 1338 4473 facit
1360 4408 1399 4473 80
1422 4411 1495 4470 fere.

336 4497 422 4556 Arna
446 4495 503 4556 snit
526 4497 588 4556 fere
613 4516 729 4571 serena,
755 4517 874 4559 crassus
894 4508 994 4559 tamen
1020 4506 1081 4571 abr,
1103 4508 1135 4559 nt
1153 4511 1274 4580 praeter
1294 4501 1410 4561 Lunam
1429 4507 1460 4559 et
1480 4495 1605 4577 Spicum

250 4584 322 4644 nihil
345 4584 511 4645 commode.
533 4585 744 4647 observaretur
767 4587 795 4646 in
820 4587 939 4647 ricinia.
987 4585 1079 4648 Color
1102 4588 1158 4649 fuit
1188 4590 1285 4670 qualis
1318 4587 1404 4649 diluti
1437 4585 1605 4665 sauguinis,

250 4681 281 4730 ut
307 4672 332 4732 si
357 4671 422 4751 quis
447 4671 570 4734 linteum
593 4692 696 4734 cruore
720 4675 845 4734 tinctum
869 4676 1082 4752 expressisset.

340 4759 420 4819 Tuas
444 4760 532 4840 liujus
556 4760 677 4839 eclipsis
701 4762 799 4841 spiras
823 4781 881 4824 non
906 4763 1058 4837 intelligo,
1083 4784 1119 4824 aa
1144 4764 1249 4826 umbra
1273 4765 1385 4827 Terrae
1409 4762 1509 4842 spiras
1533 4763 1607 4826 iecit
