3692 5842
696 266 728 318 oe
745 269 818 318 neu·
836 268 939 333 opaea
1453 272 1496 340 37
1571 284 1575 296 ·

136 439 262 506 m!
297 440 355 492 Non
373 442 494 508 estquod
512 450 594 509 petae,
619 452 648 494 ut
666 446 771 510 cogitem
791 445 822 495 de
841 447 970 495 occasione
989 460 1038 509 qua
1056 452 1101 495 tua
1119 446 1203 498 studia
1217 452 1315 511 jurem,
1334 452 1374 500 rix
1390 458 1451 516 puto
1470 460 1496 504 te

136 511 354 578 tsmirequentet
370 513 493 578 idipsum
511 517 634 580 cogitare,
663 522 691 565 ut
709 531 755 581 ego
774 516 879 566 meditor
897 518 928 566 de
946 524 972 566 ta
997 517 1107 579 jnrando
1129 524 1156 566 et
1174 520 1320 578 extollendo,
1346 537 1419 586 quem
1437 527 1493 587 (per

136 581 222 632 Deum
241 585 307 636 citra
323 583 492 636 edulaflouem
510 587 588 638 scribo
606 593 635 636 ut
652 588 749 636 animus
765 588 825 637 mihi
838 585 929 647 dictat)
949 602 995 652 ego
1011 591 1064 650 jam
1077 588 1176 638 unicum
1189 592 1266 640 totius
1279 591 1394 655 Europae
1412 593 1495 645 lumen

137 651 348 706 mathenan'cum
366 669 484 721 agnomo

228 724 259 775 lu
277 727 496 791 aquaependentis
515 729 650 782 anatomia,
677 729 718 777 iol.
739 726 772 775 ²9
791 729 821 778 de
840 730 901 785 risu,
920 729 1010 778 ibidem
1035 731 1066 780 de
1085 731 1161 780 oculis
1180 733 1263 782 lelium
1282 733 1400 791 iuvenies,
1429 736 1494 800 quod

136 809 215 846 senex
234 797 278 847 ille
296 799 451 848 anatomicos
471 799 557 848 eodem
575 800 601 848 in
621 814 701 849 errore
719 806 831 849 versetur
855 802 880 849 in
900 815 947 864 quo
966 815 1012 864 ego
1041 802 1072 850 de
1091 804 1178 865 opticis
1197 810 1222 853 et
1241 804 1306 852 risus
1334 806 1438 862 ratione.
1468 813 1493 856 et

138 874 225 917 meu
253 870 308 931 ipse
326 884 385 918 usus
402 877 441 919 est
466 884 542 933 opera
559 870 789 921 mathematicorum
808 871 983 921 Patavinorum
1012 873 1179 934 primariorum
1207 881 1236 922 nt
1258 874 1339 923 audio.
1375 874 1493 940 Princeps

137 940 338 990 anatomicorum
356 942 398 1004 qui
413 942 467 1002 iam
479 942 538 990 ririt
555 947 594 989 est
607 940 746 991 Casserins:
765 943 814 997 ille.
833 950 862 990 ut
873 942 970 998 dicitur,
990 957 1060 992 suam
1074 945 1212 994 nniversam
1225 946 1378 994 anatomiam
1395 953 1493 1011 propter

136 1010 281 1075 iguem
299 1012 364 1060 risus
382 1012 504 1062 rationem
523 1012 589 1075 apud
607 1027 634 1061 se
653 1015 751 1068 retinet,
780 1021 805 1062 et
822 1013 889 1068 Itali,
916 1013 974 1063 licet
992 1013 1093 1063 rideant
1112 1015 1289 1065 Germanorum
1307 1016 1369 1065 filios
1395 1020 1492 1082 propius

138 1079 172 1130 sd
183 1081 319 1131 rerintam
332 1082 461 1140 soeedera
475 1088 559 1132 tamen
572 1083 682 1134 inrident
694 1086 752 1147 ipris
764 1084 920 1148 palmamque
934 1085 1022 1134 cedere
1041 1085 1135 1135 nolunt.
1175 1088 1227 1152 Ego
1241 1102 1317 1136 senex
1328 1087 1369 1137 ille
1381 1088 1493 1139 Francus

137 1150 271 1202 despero
290 1167 390 1203 carmen
409 1154 457 1204 hoc
475 1156 574 1219 saepius
592 1165 668 1205 cauo:
706 1156 789 1204 Gloria
807 1154 955 1215 Suoromm,
976 1156 1105 1220 Koplerus,
1125 1158 1226 1207 tradidit
1244 1172 1308 1207 unus

777 1226 899 1283 Periecte,
918 1227 1041 1291 quodnam
1060 1229 1092 1276 sit
1110 1229 1208 1276 visionis
1227 1243 1294 1292 opus.

708 1290 810 1360 Semper
827 1297 904 1346 honos
924 1313 1061 1361 nomenque
1079 1306 1147 1348 tuum
1167 1299 1300 1364 laudesque
1318 1289 1486 1349 manebunt'

227 1433 326 1485 Passim
344 1437 370 1486 in
387 1436 448 1486 libro
467 1436 498 1485 de
512 1436 591 1487 Stella
609 1451 674 1486 nora
691 1438 755 1486 inira
773 1446 891 1502 sequente
910 1441 1060 1489 mentionem
1079 1440 1140 1490 iacit
1152 1439 1274 1503 Keplerus
1292 1440 1308 1489 J
1313 1476 1319 1489 .
1331 1441 1360 1489 G.
1374 1441 1456 1491 Bran
1462 1456 1492 1506 g-

135 1506 228 1570 geri‚
247 1506 339 1556 mediet
356 1507 561 1565 Kansbeurensia
581 1508 763 1572 adjunctosque
782 1524 798 1558 a
816 1511 939 1559 nobis'illi
958 1512 1017 1559 libro
1043 1512 1130 1561 literae
1149 1512 1222 1573 liujus
1239 1512 1282 1559 riri
1306 1511 1338 1560 ad
1357 1511 1492 1575 Keplerum

134 1576 214 1626 datae
232 1582 366 1635 ιαιιιιιιιι,
384 1578 508 1628 medicum
525 1580 599 1634 hunc,
619 1594 768 1644 quamquam
788 1581 850 1629 alies
869 1583 894 1629 iu
912 1582 989 1630 literis
1008 1583 1128 1645 ignotum,
1147 1582 1214 1630 haud
1232 1582 1359 1646 iudignum
1378 1597 1432 1631 esse
1451 1584 1492 1647 qui

133 1648 161 1696 iu
179 1648 326 1697 ameriam
342 1657 477 1699 revocetur.
515 1650 614 1699 Literae
633 1657 716 1699 autem
736 1651 846 1712 ejusdem
865 1652 896 1700 de
914 1652 1016 1715 Kepleri
1036 1652 1126 1715 Optice
1144 1653 1247 1715 amplius
1266 1654 1310 1702 riri
1329 1653 1491 1703 eruditionem

134 1718 299 1770 exhibentia
319 1720 366 1770 bac
379 1735 474 1784 quoque
497 1720 624 1770 doctrinae
643 1735 743 1783 genere.
769 1737 842 1785 qnam
864 1723 894 1770 ob
907 1737 959 1771 rem
979 1723 1046 1771 hand
1058 1724 1183 1786 ingratum
1196 1724 1242 1772 erit
1253 1722 1392 1780 lectoribus,
1417 1725 1493 1774 rerba
1570 1771 1575 1778 .

134 1790 189 1850 riri,
212 1804 288 1854 quem
305 1793 391 1856 magni
410 1790 519 1846 habebat
537 1791 668 1854 Keplems,
692 1792 781 1856 legere.
823 1793 860 1841 De
889 1794 941 1840 rita
959 1792 1096 1857 Brenggeri
1118 1807 1181 1855 quae
1200 1794 1386 1855 praemittamus
1410 1807 1493 1857 pauca

134 1860 267 1911 habmus
303 1864 432 1926 Augustae
447 1860 519 1911 Vino
542 1870 726 1925 perscrutantes
747 1865 772 1911 iu
793 1865 858 1911 urbis
882 1862 1003 1911 tabulario
1026 1864 1105 1911 diaria
1126 1862 1274 1911 medicorum
1289 1866 1491 1928 augustensium,

133 1932 199 1982 haee
222 1932 440 1996 deprehendimus:
465 1932 503 1989 ...1.
519 1933 547 1981 G.
562 1932 720 1997 Brenggerus
733 1948 798 1981 anuo
814 1932 890 1981 1588.
906 1934 929 1981 d.
945 1931 987 1980 21.
1002 1932 1064 1982 Nor.
1078 1932 1194 1981 Basileae
1214 1944 1345 1996 promotus.
1365 1934 1420 1983 albo
1439 1949 1491 1984 me·

135 2003 248 2053 daem
267 2005 393 2067 inscripsit
411 2003 435 2052 d.
450 2000 474 2052 8.
488 2004 546 2053 Jan.
563 2001 641 2059 1589,
663 2019 709 2067 quo
733 2017 798 2051 auno
821 2019 920 2053 uxorem
937 2003 1013 2051 duxit.
1051 2007 1123 2052 Auno
1137 2001 1214 2050 1594.
1228 2003 1343 2066 physicus
1359 2005 1491 2064 Kaulburi,

138 2071 216 2124 1820.
229 2073 350 2124 necamus
363 2075 459 2139 collegii
471 2075 645 2125 medicomm.“
656 2098 686 2107 -
695 2075 764 2123 Adiit
773 2074 895 2138 Koplerus
911 2076 976 2137 prior
988 2075 1157 2140 Brenggerum
1169 2074 1255 2129 literis,
1269 2080 1297 2124 ut
1308 2089 1322 2125 a
1335 2077 1493 2140 sequentibus

136 2152 243 2209 apparet
264 2151 343 2195 antea
360 2147 479 2211 ignotum.
518 2145 557 2195 Ad
576 2146 621 2194 has
643 2145 768 2208 respoudit
788 2145 828 2194 ille
847 2145 926 2194 haec:

224 2214 307 2266 Recte
324 2223 352 2265 tu
372 2218 478 2280 quidem,
507 2217 647 2266 deotissime
666 2215 783 2278 Keplera,
815 2215 991 2279 philosophiam
1015 2217 1104 2264 statuis
1122 2216 1187 2263 riam
1209 2215 1327 2278 praebere
1350 2217 1383 2265 ad
1406 2214 1491 2266 amici-'

136 2289 207 2337 tiam.
245 2286 314 2337 Nam
336 2294 362 2336 et
386 2288 444 2337 mihi
468 2302 515 2336 usu
535 2288 611 2343 veuit,
632 2302 661 2335 ex
687 2301 734 2350 quo
754 2286 929 2335 librum-tuum
947 2286 996 2351 legi
1016 2293 1042 2335 et
1061 2285 1275 2350 philosophantem
1295 2286 1385 2343 audiri,
1408 2295 1437 2337 ιιι
1456 2287 1492 2338 Te

137 2359 166 2408 ob
188 2358 340 2408 induemiam
367 2365 393 2407 et
418 2358 561 2422 praeclaras
590 2359 682 2422 ingenii
711 2356 780 2405 dotes
805 2359 937 2421 suscipere.
963 2358 1072 2422 diligere,
1102 2363 1218 2421 tuamque
1241 2358 1377 2406 amicitiam
1399 2358 1492 2408 ambire

137 2431 269 2493 coeperim,
292 2444 366 2493 quem
389 2435 465 2478 antea
486 2442 611 2492 nunqnam
633 2428 742 2476 riderem
768 2442 797 2476 ac
825 2429 894 2477 nulla
922 2429 1091 2477 familiaritate
1119 2430 1233 2490 junctum
1258 2427 1388 2476 habebam.
1425 2428 1491 2479 Vere

136 2501 225 2566 qnippe
243 2506 271 2550 et
293 2499 428 2563 prudenter
448 2512 465 2546 a
486 2499 566 2547 ‘ibrilio
585 2499 707 2561 prolatum
726 2505 772 2553 est,
800 2491 857 2547 earn'
879 2500 962 2548 virtuti
985 2514 1038 2548 esse
1058 2501 1173 2563 gratiam,
1199 2506 1227 2546 ut
1251 2505 1348 2561 propter
1369 2498 1434 2548 hanc
1453 2500 1492 2550 rel

136 2585 195 2634 quoe
215 2583 343 2634 nunqnam
365 2570 468 2618 vidimus
490 2570 630 2635 diligamus.
669 2569 767 2618 Veritus
798 2584 851 2618 sum
873 2577 958 2619 tamen
986 2573 1062 2634 primo
1093 2585 1136 2633 per
1158 2570 1242 2618 literas
1261 2578 1286 2618 te
1305 2569 1404 2633 alloqui,
1433 2572 1492 2635 quia

137 2641 192 2690 mihi
213 2655 265 2690 nou
291 2640 433 2696 constabat,
458 2655 505 2703 quo
523 2642 605 2689 auimo
623 2640 719 2690 iutums
744 2654 819 2697 esses,
845 2642 865 2688 si
884 2642 979 2690 rideres
1004 2656 1044 2690 me
1068 2640 1179 2690 nonnihil
1199 2654 1216 2688 a
1233 2646 1258 2688 te
1284 2640 1421 2697 dissentire.
1448 2647 1492 2690 aut

134 2711 254 2776 quomodo
279 2711 353 2760 rudes
378 2717 403 2761 et
427 2711 550 2774 impolitas
571 2726 640 2760 meas
666 2713 830 2776 cogitationes
855 2712 893 2760 vel
928 2712 992 2760 iorte
1017 2714 1122 2776 ineptias
1148 2725 1214 2760 esses
1239 2708 1404 2774 suscepturus.
1448 2711 1491 2762 ln-

139 2783 208 2832 terim
227 2789 315 2832 nmen
333 2782 396 2831 bene
414 2796 513 2845 sperare
531 2797 572 2832 me
587 2783 692 2844 jubebat
712 2781 859 2831 Oridianum
877 2783 948 2832 illud:
984 2782 1122 2841 „Didicisse
1140 2782 1246 2831 fideliter
1265 2789 1330 2831 artes

793 2854 892 2902 Emollit
909 2869 998 2911 mores,
1017 2869 1064 2904 nec
1083 2855 1140 2902 sinit
1159 2868 1213 2903 esse
1232 2853 1321 2902 ieros.“

222 2961 340 3010 Accessit
357 2974 435 3023 nuper
459 2960 552 3009 amicus
571 2974 640 3009 meus
667 2961 712 3009 tibi
732 2975 780 3008 non
802 2961 909 3025 ignotus,
932 2960 1053 3010 Matthias
1076 2959 1219 3009 Prechlerus
1241 2957 1379 3007 medicinae
1397 2957 1489 3017 doctor,

137 3034 173 3098 qni
197 3031 330 3096 plurimam
355 3030 460 3081 salutem
484 3031 530 3081 tibi
555 3031 694 3080 adscribere
713 3033 798 3093 jubetr
830 3034 850 3079 is
875 3032 1056 3080 humanitatem
1082 3037 1151 3079 tuam
1177 3029 1239 3078 adeo
1263 3028 1381 3091 praedica
1389 3030 1432 3085 rit,
1462 3036 1490 3078 ut

137 3103 286 3154 decreverim
310 3102 412 3151 tandem
434 3102 525 3166 aliquid
547 3102 579 3151 ad
599 3109 624 3151 te
646 3103 711 3151 dare.
751 3101 800 3151 Sed
817 3116 877 3151 ecce
897 3109 981 3165 optem
1006 3116 1070 3151 nunc
1092 3100 1209 3150 advolant
1225 3099 1313 3148 literae
1332 3106 1399 3158 tuae,
1425 3113 1490 3164 qnae

137 3190 178 3239 qno
204 3175 288 3223 minus
314 3187 331 3222 a
354 3187 393 3221 me
415 3180 562 3236 expectatae
590 3188 619 3223 eo
641 3175 761 3238 gratiores
786 3172 844 3222 mihi
869 3174 1016 3238 obtigerunt.
1055 3172 1111 3221 Hae
1133 3186 1172 3220 me
1197 3170 1353 3233 compellunt,
1379 3176 1408 3218 ut
1425 3170 1489 3236 qnod

138 3245 209 3310 puato
228 3250 286 3309 poss
304 3257 373 3293 eram
391 3243 500 3293 factumn
520 3245 625 3307 abrupta
642 3258 712 3293 mora
729 3246 814 3293 statim
834 3245 974 3309 aggrediar.

225 3315 307 3364 Video
321 3328 351 3364 ex
364 3315 413 3363 tuis
432 3316 536 3378 scriptis,
563 3322 589 3364 te
601 3314 677 3364 libere
689 3314 853 3378 philosophari
867 3321 892 3365 et
909 3330 990 3364 renum
1002 3313 1152 3363 naturalium
1169 3324 1258 3360 causas
1272 3324 1302 3359 ex
1318 3310 1376 3373 ipsis
1387 3312 1490 3361 rationis

138 3387 244 3437 lontibus
265 3387 362 3450 potins,
382 3400 457 3449 quam
479 3400 509 3435 ex
527 3388 661 3449 priscorum
673 3385 869 3449 philosophorum
882 3386 963 3435 rivulis
975 3397 1145 3447 nonnusquam
1167 3382 1269 3431 turbidis
1287 3381 1385 3431 haurire
1399 3382 1488 3430 cousti-

138 3460 220 3509 tuisee.
253 3458 323 3506 idem
336 3458 358 3506 si
369 3459 475 3518 majores
487 3459 562 3506 nostri
575 3457 700 3513 iecissent,
714 3472 794 3522 neque
807 3459 831 3505 in
844 3458 919 3506 rerba
932 3464 958 3506 et
969 3457 1063 3520 placita
1076 3453 1214 3503 Aristotelis
1224 3455 1307 3514 jurare
1320 3452 1364 3500 sod
1376 3452 1490 3502 libertate

138 3544 180 3580 rue
192 3531 230 3580 uti
243 3528 398 3585 maluissem,
422 3530 519 3591 puriore
537 3528 621 3591 procul
639 3528 712 3577 dubio
731 3536 756 3577 et
775 3528 879 3577 firmiore
899 3542 966 3577 nunc
987 3528 1121 3576 frueremur
1140 3522 1300 3588 philosophia
1338 3522 1490 3586 Equidemis

138 3615 197 3658 erm.
210 3601 252 3666 qni
265 3613 317 3649 uon
330 3598 403 3649 iacile
416 3612 432 3647 a
443 3612 588 3663 magnomm
601 3606 627 3648 et
637 3598 793 3663 probatorum
807 3606 934 3648 auctorum
945 3598 1054 3662 vestigiis
1067 3596 1155 3647 abduci
1165 3609 1204 3643 rne
1216 3594 1304 3657 patior,
1317 3592 1392 3642 nolim
1406 3598 1490 3643 mmor

138 3686 163 3722 eo
174 3687 216 3723 me
230 3670 362 3736 adstringi,
384 3677 412 3718 ιιι
429 3684 599 3734 quemcunque
612 3670 650 3720 rel
669 3671 769 3717 maximi
782 3670 886 3718 nominis
900 3671 985 3720 ducem
1008 3671 1075 3734 sequi
1090 3680 1172 3733 cogar,
1190 3679 1261 3729 quem
1281 3662 1318 3713 rel
1340 3664 1492 3727 experientia

137 3742 171 3793 rei
191 3743 288 3793 mmior
306 3742 371 3790 ratio
390 3740 448 3790 mihi
466 3741 602 3804 persuadet
622 3754 638 3790 a
656 3746 724 3789 recto
745 3742 844 3789 tramite
864 3741 997 3791 declinare.

185 3813 251 3864 'lale
263 3827 321 3863 mm
341 3818 368 3862 at
378 3811 424 3861 tibi
441 3812 566 3876 ingenium
580 3826 634 3862 esse
646 3818 690 3860 tua
709 3817 801 3860 testen-

136 3893 172 3934 tur
188 3886 300 3949 seraper.
330 3897 360 3932 co
386 3883 485 3932 liberius
502 3885 555 3944 jam
573 3884 597 3931 in
623 3884 702 3931 sinum
721 3881 801 3931 Tuum
1089 3880 1142 3944 Fig.
1165 3874 1207 3925 19.

136 3955 275 4012 effundam.
299 3953 365 4018 quod
384 3968 401 4003 a
417 3954 501 4001 multis
521 3955 592 4001 aunis
610 3953 741 4003 sollicitum
760 3968 799 4001 me

137 4028 217 4077 uruit
235 4031 313 4090 etque
332 4025 443 4074 exercuit
461 4024 570 4073 dubium.

186 4097 334 4148 mmmm
362 4102 401 4145 est
429 4102 455 4145 et
481 4095 553 4159 vulgo
581 4100 683 4157 recepta
710 4095 801 4157 opinio,

135 4169 197 4236 mod
215 4167 309 4218 locus
333 4167 489 4232 imaginis
513 4181 557 4228 per
579 4166 736 4215 reflexionem
757 4179 800 4228 ap·
895 4219 897 4230 Ι

135 4241 243 4305 parentis
269 4239 303 4288 sit
330 4239 356 4287 in
375 4251 496 4287 concursu
518 4236 601 4286 lineae
619 4237 758 4285 retloxlohis
777 4243 802 4285 et

136 4311 228 4362 catheti
247 4309 411 4361 incidentiae.
439 4308 498 4358 Esto
518 4308 583 4358 enim
602 4307 727 4371 speculum
746 4308 800 4370 pla·
894 4309 897 4364 ξ

135 4397 191 4432 amn
211 4380 293 4439 GDF,
322 4379 447 4442 objectum
470 4378 563 4430 risibile
593 4381 662 4441 cujus
691 4385 801 4428 centrum
894 4381 897 4415 ἲ

135 4455 165 4503 rit
182 4456 222 4510 Δ.
250 4450 337 4502 ocutus
354 4451 381 4500 in
398 4450 437 4507 B,
464 4456 584 4515 puuctum
608 4450 747 4499 reflexiouie
765 4449 798 4505 Ι),

135 4525 201 4574 linea
218 4522 374 4573 incidentiae
388 4520 449 4579 ΔΙ),
469 4523 606 4572 reflexionis
620 4520 674 4579 DB,
694 4534 799 4583 perpen-

135 4594 243 4646 diculum
261 4593 327 4652 ΒΚ,
356 4592 471 4643 cathetus
489 4592 641 4643 incidentiae
659 4590 710 4640 ΔΟ.
747 4591 801 4640 Ειὶι

135 4679 164 4716 ex
181 4665 299 4716 docmina
309 4665 447 4730 opticorum
465 4664 532 4714 locus
549 4663 665 4728 imaginis
677 4675 799 4726 appareu-

135 4732 754 4798 tieineouenreulinearnmdcetBD,h.e.
774 4734 800 4782 in

135 4815 228 4873 meto
245 4806 275 4858 Β.
311 4805 387 4858 nme
405 4807 577 4872 apparentem
598 4804 723 4869 inpleris
742 4817 798 4870 spe·
