<?xml version="1.0" encoding="UTF-8"?>
<!DOCTYPE html PUBLIC "-//W3C//DTD XHTML 1.0 Transitional//EN"
    "http://www.w3.org/TR/xhtml1/DTD/xhtml1-transitional.dtd">
<html xmlns="http://www.w3.org/1999/xhtml" xml:lang="en" lang="en">
 <head>
  <title>
</title>
<meta http-equiv="Content-Type" content="text/html;charset=utf-8" />
  <meta name='ocr-system' content='tesseract 3.04.00' />
  <meta name='ocr-capabilities' content='ocr_page ocr_carea ocr_par ocr_line ocrx_word'/>
</head>
<body>
  <div class='ocr_page' id='page_1' title='image "./joanniskepleria01frisgoog/joanniskepleria01frisgoog_0158.png"; bbox 0 0 3692 5842; ppageno 0'>
   <div class='ocr_carea' id='block_1_1' title="bbox 330 474 1218 546">
    <p class='ocr_par' dir='ltr' id='par_1_1' title="bbox 330 474 1218 546">
     <span class='ocr_line' id='line_1_1' title="bbox 330 474 1218 546; baseline -0.015 -8"><span class='ocrx_word' id='word_1_1' title='bbox 330 477 392 546; x_wconf 76' lang='grc'>144</span> <span class='ocrx_word' id='word_1_2' title='bbox 798 475 990 542; x_wconf 79' lang='lat' dir='ltr'>Paralipomeua</span> <span class='ocrx_word' id='word_1_3' title='bbox 1007 477 1032 527; x_wconf 89' lang='lat' dir='ltr'>iu</span> <span class='ocrx_word' id='word_1_4' title='bbox 1052 474 1218 528; x_wconf 79' lang='lat' dir='ltr'>Vitellionsur.</span> 
     </span>
    </p>
   </div>
   <div class='ocr_carea' id='block_1_2' title="bbox 324 653 1691 5079">
    <p class='ocr_par' dir='ltr' id='par_1_2' title="bbox 325 653 1688 1977">
     <span class='ocr_line' id='line_1_2' title="bbox 326 653 1688 736; baseline -0.002 -19"><span class='ocrx_word' id='word_1_5' title='bbox 326 675 396 717; x_wconf 84' lang='lat' dir='ltr'>esse</span> <span class='ocrx_word' id='word_1_6' title='bbox 429 655 622 736; x_wconf 83' lang='lat' dir='ltr'>proportione</span> <span class='ocrx_word' id='word_1_7' title='bbox 647 655 685 715; x_wconf 90' lang='lat' dir='ltr'>ad</span> <span class='ocrx_word' id='word_1_8' title='bbox 719 654 848 716; x_wconf 87' lang='lat' dir='ltr'>calorem</span> <span class='ocrx_word' id='word_1_9' title='bbox 882 654 968 714; x_wconf 89' lang='lat' dir='ltr'>unius</span> <span class='ocrx_word' id='word_1_10' title='bbox 993 653 1092 725; x_wconf 90' lang='lat' dir='ltr'>Solis,</span> <span class='ocrx_word' id='word_1_11' title='bbox 1125 672 1213 732; x_wconf 90' lang='lat' dir='ltr'>quam</span> <span class='ocrx_word' id='word_1_12' title='bbox 1237 663 1271 715; x_wconf 83' lang='lat' dir='ltr'>ut</span> <span class='ocrx_word' id='word_1_13' title='bbox 1293 653 1332 714; x_wconf 87' lang='lat' dir='ltr'>ab</span> <span class='ocrx_word' id='word_1_14' title='bbox 1355 653 1493 728; x_wconf 86' lang='lat' dir='ltr'>homine,</span> <span class='ocrx_word' id='word_1_15' title='bbox 1523 655 1609 735; x_wconf 87' lang='lat' dir='ltr'>cujus</span> <span class='ocrx_word' id='word_1_16' title='bbox 1637 664 1688 715; x_wconf 87' lang='lat' dir='ltr'>est</span> 
     </span>
     <span class='ocr_line' id='line_1_3' title="bbox 326 741 1685 823; baseline -0.001 -17"><span class='ocrx_word' id='word_1_17' title='bbox 326 759 410 806; x_wconf 89' lang='lat' dir='ltr'>certa</span> <span class='ocrx_word' id='word_1_18' title='bbox 433 746 543 806; x_wconf 81' lang='lat' dir='ltr'>caloris</span> <span class='ocrx_word' id='word_1_19' title='bbox 567 763 722 816; x_wconf 91' lang='lat' dir='ltr'>mensura,</span> <span class='ocrx_word' id='word_1_20' title='bbox 751 754 875 823; x_wconf 88' lang='lat' dir='ltr'>uterquc</span> <span class='ocrx_word' id='word_1_21' title='bbox 899 744 987 804; x_wconf 89' lang='lat' dir='ltr'>simul</span> <span class='ocrx_word' id='word_1_22' title='bbox 1019 741 1132 822; x_wconf 83' lang='lat' dir='ltr'>percipi</span> <span class='ocrx_word' id='word_1_23' title='bbox 1156 751 1188 804; x_wconf 90' lang='lat' dir='ltr'>et</span> <span class='ocrx_word' id='word_1_24' title='bbox 1206 742 1337 821; x_wconf 86' lang='lat' dir='ltr'>judicari</span> <span class='ocrx_word' id='word_1_25' title='bbox 1360 745 1468 821; x_wconf 81' lang='lat' dir='ltr'>possit.</span> <span class='ocrx_word' id='word_1_26' title='bbox 1516 743 1565 804; x_wconf 86' lang='lat' dir='ltr'>Ex</span> <span class='ocrx_word' id='word_1_27' title='bbox 1589 743 1685 805; x_wconf 74' lang='lat' dir='ltr'>effec-</span> 
     </span>
     <span class='ocr_line' id='line_1_4' title="bbox 326 831 1685 912; baseline -0.001 -17"><span class='ocrx_word' id='word_1_28' title='bbox 326 834 407 895; x_wconf 84' lang='lat' dir='ltr'>tibus</span> <span class='ocrx_word' id='word_1_29' title='bbox 432 843 532 895; x_wconf 88' lang='lat' dir='ltr'>tamen</span> <span class='ocrx_word' id='word_1_30' title='bbox 558 832 688 893; x_wconf 87' lang='lat' dir='ltr'>siderum</span> <span class='ocrx_word' id='word_1_31' title='bbox 716 841 862 912; x_wconf 89' lang='lat' dir='ltr'>apparet,</span> <span class='ocrx_word' id='word_1_32' title='bbox 895 831 994 892; x_wconf 86' lang='lat' dir='ltr'>inesse</span> <span class='ocrx_word' id='word_1_33' title='bbox 1018 833 1047 892; x_wconf 96' lang='lat' dir='ltr'>iu</span> <span class='ocrx_word' id='word_1_34' title='bbox 1075 832 1240 892; x_wconf 89' lang='lat' dir='ltr'>visceribus</span> <span class='ocrx_word' id='word_1_35' title='bbox 1264 832 1376 892; x_wconf 85' lang='lat' dir='ltr'>Terrae</span> <span class='ocrx_word' id='word_1_36' title='bbox 1404 851 1525 894; x_wconf 88' lang='lat' dir='ltr'>sensum</span> <span class='ocrx_word' id='word_1_37' title='bbox 1550 833 1685 912; x_wconf 89' lang='lat' dir='ltr'>ipsorum</span> 
     </span>
     <span class='ocr_line' id='line_1_5' title="bbox 325 920 1686 1000; baseline -0.001 -16"><span class='ocrx_word' id='word_1_38' title='bbox 325 923 443 984; x_wconf 85' lang='lat' dir='ltr'>caloris.</span> <span class='ocrx_word' id='word_1_39' title='bbox 491 923 584 984; x_wconf 86' lang='lat' dir='ltr'>Nulla</span> <span class='ocrx_word' id='word_1_40' title='bbox 608 940 734 1000; x_wconf 90' lang='lat' dir='ltr'>namque</span> <span class='ocrx_word' id='word_1_41' title='bbox 759 928 861 1000; x_wconf 87' lang='lat' dir='ltr'>potest</span> <span class='ocrx_word' id='word_1_42' title='bbox 885 921 1062 999; x_wconf 81' lang='lat' dir='ltr'>evaporatio</span> <span class='ocrx_word' id='word_1_43' title='bbox 1086 939 1139 979; x_wconf 91' lang='lat' dir='ltr'>seu</span> <span class='ocrx_word' id='word_1_44' title='bbox 1167 920 1276 1000; x_wconf 80' lang='lat' dir='ltr'>frigida</span> <span class='ocrx_word' id='word_1_45' title='bbox 1299 939 1351 980; x_wconf 90' lang='lat' dir='ltr'>scu</span> <span class='ocrx_word' id='word_1_46' title='bbox 1381 921 1481 983; x_wconf 87' lang='lat' dir='ltr'>calida</span> <span class='ocrx_word' id='word_1_47' title='bbox 1503 925 1686 1000; x_wconf 84' lang='lat' dir='ltr'>(compara-</span> 
     </span>
     <span class='ocr_line' id='line_1_6' title="bbox 326 1009 1685 1091; baseline -0.001 -20"><span class='ocrx_word' id='word_1_48' title='bbox 326 1011 407 1073; x_wconf 89' lang='lat' dir='ltr'>tione</span> <span class='ocrx_word' id='word_1_49' title='bbox 431 1011 470 1073; x_wconf 88' lang='lat' dir='ltr'>ad</span> <span class='ocrx_word' id='word_1_50' title='bbox 495 1013 565 1079; x_wconf 84' lang='lat' dir='ltr'>uos)</span> <span class='ocrx_word' id='word_1_51' title='bbox 590 1010 661 1071; x_wconf 91' lang='lat' dir='ltr'>cieri</span> <span class='ocrx_word' id='word_1_52' title='bbox 685 1011 749 1070; x_wconf 89' lang='lat' dir='ltr'>sinc</span> <span class='ocrx_word' id='word_1_53' title='bbox 773 1011 873 1071; x_wconf 88' lang='lat' dir='ltr'>calore</span> <span class='ocrx_word' id='word_1_54' title='bbox 897 1010 996 1089; x_wconf 90' lang='lat' dir='ltr'>aliquo</span> <span class='ocrx_word' id='word_1_55' title='bbox 1020 1018 1203 1070; x_wconf 88' lang='lat' dir='ltr'>extenuante</span> <span class='ocrx_word' id='word_1_56' title='bbox 1227 1017 1258 1069; x_wconf 91' lang='lat' dir='ltr'>et</span> <span class='ocrx_word' id='word_1_57' title='bbox 1281 1009 1471 1073; x_wconf 86' lang='lat' dir='ltr'>sublimante.</span> <span class='ocrx_word' id='word_1_58' title='bbox 1510 1011 1588 1091; x_wconf 83' lang='lat' dir='ltr'>Apti</span> <span class='ocrx_word' id='word_1_59' title='bbox 1611 1028 1685 1073; x_wconf 85' lang='lat' dir='ltr'>vero</span> 
     </span>
     <span class='ocr_line' id='line_1_7' title="bbox 325 1096 1686 1181; baseline 0.001 -21"><span class='ocrx_word' id='word_1_60' title='bbox 325 1109 397 1163; x_wconf 88' lang='lat' dir='ltr'>sunt</span> <span class='ocrx_word' id='word_1_61' title='bbox 419 1101 561 1181; x_wconf 88' lang='lat' dir='ltr'>planetae</span> <span class='ocrx_word' id='word_1_62' title='bbox 592 1118 694 1159; x_wconf 90' lang='lat' dir='ltr'>omues</span> <span class='ocrx_word' id='word_1_63' title='bbox 719 1100 798 1160; x_wconf 89' lang='lat' dir='ltr'>ciere</span> <span class='ocrx_word' id='word_1_64' title='bbox 822 1117 961 1179; x_wconf 80' lang='lat' dir='ltr'>vapores.</span> <span class='ocrx_word' id='word_1_65' title='bbox 1008 1096 1154 1159; x_wconf 83' lang='lat' dir='ltr'>Omnibus</span> <span class='ocrx_word' id='word_1_66' title='bbox 1187 1098 1279 1177; x_wconf 85' lang='lat' dir='ltr'>igitur</span> <span class='ocrx_word' id='word_1_67' title='bbox 1307 1118 1378 1160; x_wconf 88' lang='lat' dir='ltr'>suus</span> <span class='ocrx_word' id='word_1_68' title='bbox 1401 1099 1512 1161; x_wconf 84' lang='lat' dir='ltr'>caloris</span> <span class='ocrx_word' id='word_1_69' title='bbox 1546 1100 1686 1162; x_wconf 75' lang='lat' dir='ltr'>effertus.</span> 
     </span>
     <span class='ocr_line' id='line_1_8' title="bbox 325 1187 1687 1268; baseline -0.002 -17"><span class='ocrx_word' id='word_1_70' title='bbox 325 1189 371 1251; x_wconf 87' lang='lat' dir='ltr'>Do</span> <span class='ocrx_word' id='word_1_71' title='bbox 404 1190 508 1268; x_wconf 81' lang='lat' dir='ltr'>ignitis</span> <span class='ocrx_word' id='word_1_72' title='bbox 541 1207 657 1249; x_wconf 86' lang='lat' dir='ltr'>rursum</span> <span class='ocrx_word' id='word_1_73' title='bbox 687 1208 735 1249; x_wconf 86' lang='lat' dir='ltr'>res</span> <span class='ocrx_word' id='word_1_74' title='bbox 766 1199 815 1248; x_wconf 88' lang='lat' dir='ltr'>est.</span> <span class='ocrx_word' id='word_1_75' title='bbox 847 1188 980 1248; x_wconf 88' lang='lat' dir='ltr'>evidens.</span> <span class='ocrx_word' id='word_1_76' title='bbox 1030 1187 1074 1247; x_wconf 90' lang='lat' dir='ltr'>De</span> <span class='ocrx_word' id='word_1_77' title='bbox 1104 1187 1339 1249; x_wconf 91' lang='lat' dir='ltr'>cincindularum</span> <span class='ocrx_word' id='word_1_78' title='bbox 1374 1188 1472 1250; x_wconf 91' lang='lat' dir='ltr'>lucula</span> <span class='ocrx_word' id='word_1_79' title='bbox 1505 1188 1687 1250; x_wconf 79' lang='lat' dir='ltr'>tenuissima</span> 
     </span>
     <span class='ocr_line' id='line_1_9' title="bbox 325 1275 1688 1357; baseline -0.002 -18"><span class='ocrx_word' id='word_1_80' title='bbox 325 1297 438 1357; x_wconf 86' lang='lat' dir='ltr'>negare</span> <span class='ocrx_word' id='word_1_81' title='bbox 462 1297 519 1339; x_wconf 95' lang='lat' dir='ltr'>uon</span> <span class='ocrx_word' id='word_1_82' title='bbox 553 1287 657 1356; x_wconf 87' lang='lat' dir='ltr'>potes,</span> <span class='ocrx_word' id='word_1_83' title='bbox 693 1277 761 1356; x_wconf 89' lang='lat' dir='ltr'>quin</span> <span class='ocrx_word' id='word_1_84' title='bbox 795 1297 861 1337; x_wconf 85' lang='lat' dir='ltr'>curn</span> <span class='ocrx_word' id='word_1_85' title='bbox 895 1276 995 1336; x_wconf 87' lang='lat' dir='ltr'>calore</span> <span class='ocrx_word' id='word_1_86' title='bbox 1019 1276 1069 1335; x_wconf 88' lang='lat' dir='ltr'>sit.</span> <span class='ocrx_word' id='word_1_87' title='bbox 1118 1275 1232 1336; x_wconf 82' lang='lat' dir='ltr'>Vivant</span> <span class='ocrx_word' id='word_1_88' title='bbox 1260 1276 1337 1336; x_wconf 91' lang='lat' dir='ltr'>enirn</span> <span class='ocrx_word' id='word_1_89' title='bbox 1362 1286 1394 1339; x_wconf 89' lang='lat' dir='ltr'>et</span> <span class='ocrx_word' id='word_1_90' title='bbox 1416 1285 1595 1350; x_wconf 86' lang='lat' dir='ltr'>moventur,</span> <span class='ocrx_word' id='word_1_91' title='bbox 1628 1277 1688 1339; x_wconf 87' lang='lat' dir='ltr'>lroc</span> 
     </span>
     <span class='ocr_line' id='line_1_10' title="bbox 326 1363 1686 1446; baseline -0.001 -17"><span class='ocrx_word' id='word_1_92' title='bbox 326 1377 426 1429; x_wconf 88' lang='lat' dir='ltr'>autem</span> <span class='ocrx_word' id='word_1_93' title='bbox 452 1386 509 1427; x_wconf 92' lang='lat' dir='ltr'>nou</span> <span class='ocrx_word' id='word_1_94' title='bbox 534 1368 598 1426; x_wconf 91' lang='lat' dir='ltr'>siue</span> <span class='ocrx_word' id='word_1_95' title='bbox 621 1365 821 1426; x_wconf 79' lang='lat' dir='ltr'>calefactione</span> <span class='ocrx_word' id='word_1_96' title='bbox 845 1365 1006 1445; x_wconf 86' lang='lat' dir='ltr'>perficitur.</span> <span class='ocrx_word' id='word_1_97' title='bbox 1053 1363 1114 1425; x_wconf 90' lang='lat' dir='ltr'>Sed</span> <span class='ocrx_word' id='word_1_98' title='bbox 1139 1383 1233 1444; x_wconf 88' lang='lat' dir='ltr'>neque</span> <span class='ocrx_word' id='word_1_99' title='bbox 1264 1366 1499 1443; x_wconf 82' lang='lat' dir='ltr'>putrescentium</span> <span class='ocrx_word' id='word_1_100' title='bbox 1534 1366 1686 1446; x_wconf 83' lang='lat' dir='ltr'>lignorum</span> 
     </span>
     <span class='ocr_line' id='line_1_11' title="bbox 326 1453 1684 1534; baseline 0 -17"><span class='ocrx_word' id='word_1_101' title='bbox 326 1457 376 1518; x_wconf 84' lang='lat' dir='ltr'>lux</span> <span class='ocrx_word' id='word_1_102' title='bbox 410 1475 465 1517; x_wconf 91' lang='lat' dir='ltr'>suo</span> <span class='ocrx_word' id='word_1_103' title='bbox 498 1457 598 1516; x_wconf 92' lang='lat' dir='ltr'>calore</span> <span class='ocrx_word' id='word_1_104' title='bbox 632 1455 826 1527; x_wconf 87' lang='lat' dir='ltr'>destituitur;</span> <span class='ocrx_word' id='word_1_105' title='bbox 866 1474 934 1514; x_wconf 90' lang='lat' dir='ltr'>nam</span> <span class='ocrx_word' id='word_1_106' title='bbox 968 1454 1034 1530; x_wconf 84' lang='lat' dir='ltr'>ipsa</span> <span class='ocrx_word' id='word_1_107' title='bbox 1067 1454 1194 1532; x_wconf 86' lang='lat' dir='ltr'>putredo</span> <span class='ocrx_word' id='word_1_108' title='bbox 1224 1453 1344 1532; x_wconf 89' lang='lat' dir='ltr'>quidam</span> <span class='ocrx_word' id='word_1_109' title='bbox 1378 1455 1477 1516; x_wconf 88' lang='lat' dir='ltr'>lentus</span> <span class='ocrx_word' id='word_1_110' title='bbox 1510 1455 1591 1534; x_wconf 81' lang='lat' dir='ltr'>iguis</span> <span class='ocrx_word' id='word_1_111' title='bbox 1625 1465 1684 1517; x_wconf 87' lang='lat' dir='ltr'>est.</span> 
     </span>
     <span class='ocr_line' id='line_1_12' title="bbox 328 1541 1688 1623; baseline -0.001 -18"><span class='ocrx_word' id='word_1_112' title='bbox 328 1541 476 1616; x_wconf 77' lang='lat' dir='ltr'>Quamuis</span> <span class='ocrx_word' id='word_1_113' title='bbox 500 1543 684 1605; x_wconf 83' lang='lat' dir='ltr'>Aristoteles</span> <span class='ocrx_word' id='word_1_114' title='bbox 717 1543 899 1622; x_wconf 86' lang='lat' dir='ltr'>distinguat,</span> <span class='ocrx_word' id='word_1_115' title='bbox 935 1542 1101 1603; x_wconf 90' lang='lat' dir='ltr'>concedens</span> <span class='ocrx_word' id='word_1_116' title='bbox 1128 1543 1180 1603; x_wconf 90' lang='lat' dir='ltr'>illa</span> <span class='ocrx_word' id='word_1_117' title='bbox 1206 1544 1343 1617; x_wconf 67' lang='lat' dir='ltr'>tauma,</span> <span class='ocrx_word' id='word_1_118' title='bbox 1378 1561 1493 1623; x_wconf 82' lang='lat' dir='ltr'>negans</span> <span class='ocrx_word' id='word_1_119' title='bbox 1517 1561 1591 1604; x_wconf 84' lang='lat' dir='ltr'>vero</span> <span class='ocrx_word' id='word_1_120' title='bbox 1620 1566 1688 1622; x_wconf 64' lang='lat' dir='ltr'>qma</span> 
     </span>
     <span class='ocr_line' id='line_1_13' title="bbox 327 1630 1686 1713; baseline -0.003 -17"><span class='ocrx_word' id='word_1_121' title='bbox 327 1632 476 1710; x_wconf 77' lang='lat' dir='ltr'>e&#39;paorerr:</span> <span class='ocrx_word' id='word_1_122' title='bbox 501 1632 625 1713; x_wconf 81' lang='lat' dir='ltr'>quodsi</span> <span class='ocrx_word' id='word_1_123' title='bbox 649 1632 808 1692; x_wconf 81' lang='lat' dir='ltr'>sanissime</span> <span class='ocrx_word' id='word_1_124' title='bbox 833 1632 997 1709; x_wconf 83' lang='lat' dir='ltr'>intelligas,</span> <span class='ocrx_word' id='word_1_125' title='bbox 1022 1638 1142 1691; x_wconf 91' lang='lat' dir='ltr'>nonest</span> <span class='ocrx_word' id='word_1_126' title='bbox 1166 1630 1248 1691; x_wconf 88' lang='lat' dir='ltr'>aliud</span> <span class='ocrx_word' id='word_1_127' title='bbox 1272 1650 1359 1711; x_wconf 91' lang='lat' dir='ltr'>quam</span> <span class='ocrx_word' id='word_1_128' title='bbox 1374 1631 1431 1694; x_wconf 89' lang='lat' dir='ltr'>hoc</span> <span class='ocrx_word' id='word_1_129' title='bbox 1450 1633 1560 1706; x_wconf 88' lang='lat' dir='ltr'>dicere,</span> <span class='ocrx_word' id='word_1_130' title='bbox 1587 1633 1686 1694; x_wconf 81' lang='lat' dir='ltr'>iucem</span> 
     </span>
     <span class='ocr_line' id='line_1_14' title="bbox 327 1718 1682 1800; baseline -0.001 -16"><span class='ocrx_word' id='word_1_131' title='bbox 327 1724 408 1784; x_wconf 90' lang='lat' dir='ltr'>illam</span> <span class='ocrx_word' id='word_1_132' title='bbox 432 1724 461 1783; x_wconf 89' lang='lat' dir='ltr'>in</span> <span class='ocrx_word' id='word_1_133' title='bbox 486 1721 696 1783; x_wconf 87' lang='lat' dir='ltr'>remississimo</span> <span class='ocrx_word' id='word_1_134' title='bbox 718 1720 812 1799; x_wconf 85' lang='lat' dir='ltr'>gradu</span> <span class='ocrx_word' id='word_1_135' title='bbox 836 1741 912 1782; x_wconf 86' lang='lat' dir='ltr'>esse.</span> <span class='ocrx_word' id='word_1_136' title='bbox 952 1718 1080 1789; x_wconf 73' lang='lat' dir='ltr'>Quodsi</span> <span class='ocrx_word' id='word_1_137' title='bbox 1097 1738 1198 1780; x_wconf 84' lang='lat' dir='ltr'>verum</span> <span class='ocrx_word' id='word_1_138' title='bbox 1218 1731 1266 1781; x_wconf 86' lang='lat' dir='ltr'>est</span> <span class='ocrx_word' id='word_1_139' title='bbox 1290 1739 1322 1780; x_wconf 89' lang='lat' dir='ltr'>se</span> <span class='ocrx_word' id='word_1_140' title='bbox 1342 1722 1407 1800; x_wconf 94' lang='lat' dir='ltr'>ipso</span> <span class='ocrx_word' id='word_1_141' title='bbox 1427 1722 1527 1784; x_wconf 85' lang='lat' dir='ltr'>lucere</span> <span class='ocrx_word' id='word_1_142' title='bbox 1546 1721 1682 1783; x_wconf 84' lang='lat' dir='ltr'>carbun-</span> 
     </span>
     <span class='ocr_line' id='line_1_15' title="bbox 326 1808 1686 1891; baseline -0.001 -19"><span class='ocrx_word' id='word_1_143' title='bbox 326 1812 433 1885; x_wconf 90' lang='lat' dir='ltr'>culum,</span> <span class='ocrx_word' id='word_1_144' title='bbox 460 1811 595 1889; x_wconf 91' lang='lat' dir='ltr'>equidem</span> <span class='ocrx_word' id='word_1_145' title='bbox 619 1819 651 1871; x_wconf 84' lang='lat' dir='ltr'>et</span> <span class='ocrx_word' id='word_1_146' title='bbox 674 1810 701 1870; x_wconf 94' lang='lat' dir='ltr'>ei</span> <span class='ocrx_word' id='word_1_147' title='bbox 725 1819 757 1869; x_wconf 88' lang='lat' dir='ltr'>et</span> <span class='ocrx_word' id='word_1_148' title='bbox 780 1810 916 1870; x_wconf 88' lang='lat' dir='ltr'>omnibus</span> <span class='ocrx_word' id='word_1_149' title='bbox 945 1808 1070 1887; x_wconf 85' lang='lat' dir='ltr'>gemmis</span> <span class='ocrx_word' id='word_1_150' title='bbox 1103 1808 1237 1869; x_wconf 90' lang='lat' dir='ltr'>tribuunt</span> <span class='ocrx_word' id='word_1_151' title='bbox 1268 1808 1414 1882; x_wconf 89' lang='lat' dir='ltr'>virtutes,</span> <span class='ocrx_word' id='word_1_152' title='bbox 1450 1829 1577 1891; x_wconf 89' lang='lat' dir='ltr'>quarum</span> <span class='ocrx_word' id='word_1_153' title='bbox 1607 1829 1686 1891; x_wconf 85' lang='lat' dir='ltr'>quae</span> 
     </span>
     <span class='ocr_line' id='line_1_16' title="bbox 326 1897 1683 1977; baseline -0.001 -16"><span class='ocrx_word' id='word_1_154' title='bbox 326 1901 439 1963; x_wconf 88' lang='lat' dir='ltr'>suntin</span> <span class='ocrx_word' id='word_1_155' title='bbox 455 1899 645 1972; x_wconf 90' lang='lat' dir='ltr'>carbunculo,</span> <span class='ocrx_word' id='word_1_156' title='bbox 660 1898 812 1960; x_wconf 89' lang='lat' dir='ltr'>mediante</span> <span class='ocrx_word' id='word_1_157' title='bbox 828 1899 936 1959; x_wconf 87' lang='lat' dir='ltr'>caloris</span> <span class='ocrx_word' id='word_1_158' title='bbox 952 1898 1081 1977; x_wconf 89' lang='lat' dir='ltr'>quadam</span> <span class='ocrx_word' id='word_1_159' title='bbox 1095 1897 1211 1958; x_wconf 89' lang='lat' dir='ltr'>ratione</span> <span class='ocrx_word' id='word_1_160' title='bbox 1225 1897 1346 1976; x_wconf 86' lang='lat' dir='ltr'>prodire</span> <span class='ocrx_word' id='word_1_161' title='bbox 1361 1909 1599 1961; x_wconf 86' lang='lat' dir='ltr'>consentaneum</span> <span class='ocrx_word' id='word_1_162' title='bbox 1613 1900 1683 1960; x_wconf 70' lang='lat' dir='ltr'>erit.</span> 
     </span>
    </p>

    <p class='ocr_par' dir='ltr' id='par_1_3' title="bbox 324 1986 1691 5079">
     <span class='ocr_line' id='line_1_17' title="bbox 415 1986 1686 2067; baseline -0.002 -17"><span class='ocrx_word' id='word_1_163' title='bbox 415 1990 484 2050; x_wconf 88' lang='lat' dir='ltr'>Jam</span> <span class='ocrx_word' id='word_1_164' title='bbox 514 1997 545 2048; x_wconf 89' lang='lat' dir='ltr'>et</span> <span class='ocrx_word' id='word_1_165' title='bbox 576 1995 698 2048; x_wconf 89' lang='lat' dir='ltr'>econtra</span> <span class='ocrx_word' id='word_1_166' title='bbox 730 1987 916 2067; x_wconf 89' lang='lat' dir='ltr'>probandum</span> <span class='ocrx_word' id='word_1_167' title='bbox 950 1996 1015 2059; x_wconf 90' lang='lat' dir='ltr'>cst,</span> <span class='ocrx_word' id='word_1_168' title='bbox 1049 1986 1179 2047; x_wconf 89' lang='lat' dir='ltr'>calorem</span> <span class='ocrx_word' id='word_1_169' title='bbox 1210 1986 1238 2046; x_wconf 93' lang='lat' dir='ltr'>in</span> <span class='ocrx_word' id='word_1_170' title='bbox 1267 1987 1356 2048; x_wconf 88' lang='lat' dir='ltr'>rebus</span> <span class='ocrx_word' id='word_1_171' title='bbox 1389 1988 1500 2049; x_wconf 87' lang='lat' dir='ltr'>ceteris</span> <span class='ocrx_word' id='word_1_172' title='bbox 1533 1988 1686 2050; x_wconf 85' lang='lat' dir='ltr'>universis</span> 
     </span>
     <span class='ocr_line' id='line_1_18' title="bbox 327 2075 1687 2156; baseline -0.001 -15"><span class='ocrx_word' id='word_1_173' title='bbox 327 2078 524 2141; x_wconf 87' lang='lat' dir='ltr'>adventitium</span> <span class='ocrx_word' id='word_1_174' title='bbox 549 2096 616 2137; x_wconf 90' lang='lat' dir='ltr'>esse</span> <span class='ocrx_word' id='word_1_175' title='bbox 641 2086 671 2137; x_wconf 91' lang='lat' dir='ltr'>et</span> <span class='ocrx_word' id='word_1_176' title='bbox 695 2096 713 2136; x_wconf 89' lang='lat' dir='ltr'>a</span> <span class='ocrx_word' id='word_1_177' title='bbox 737 2076 811 2137; x_wconf 90' lang='lat' dir='ltr'>lucis</span> <span class='ocrx_word' id='word_1_178' title='bbox 841 2076 941 2136; x_wconf 85' lang='lat' dir='ltr'>calore</span> <span class='ocrx_word' id='word_1_179' title='bbox 972 2075 1122 2154; x_wconf 88' lang='lat' dir='ltr'>pendere,</span> <span class='ocrx_word' id='word_1_180' title='bbox 1155 2075 1280 2154; x_wconf 92' lang='lat' dir='ltr'>ideoque</span> <span class='ocrx_word' id='word_1_181' title='bbox 1313 2076 1467 2156; x_wconf 89' lang='lat' dir='ltr'>passivum</span> <span class='ocrx_word' id='word_1_182' title='bbox 1501 2086 1586 2139; x_wconf 85' lang='lat' dir='ltr'>recte</span> <span class='ocrx_word' id='word_1_183' title='bbox 1615 2076 1687 2139; x_wconf 89' lang='lat' dir='ltr'>dici.</span> 
     </span>
     <span class='ocr_line' id='line_1_19' title="bbox 325 2164 1688 2247; baseline -0.003 -17"><span class='ocrx_word' id='word_1_184' title='bbox 325 2168 429 2242; x_wconf 87' lang='lat' dir='ltr'>Patet,</span> <span class='ocrx_word' id='word_1_185' title='bbox 455 2167 525 2247; x_wconf 90' lang='lat' dir='ltr'>quia</span> <span class='ocrx_word' id='word_1_186' title='bbox 549 2166 621 2227; x_wconf 90' lang='lat' dir='ltr'>nihil</span> <span class='ocrx_word' id='word_1_187' title='bbox 646 2173 702 2239; x_wconf 90' lang='lat' dir='ltr'>est,</span> <span class='ocrx_word' id='word_1_188' title='bbox 727 2165 806 2245; x_wconf 90' lang='lat' dir='ltr'>qnod</span> <span class='ocrx_word' id='word_1_189' title='bbox 830 2185 848 2224; x_wconf 93' lang='lat' dir='ltr'>a</span> <span class='ocrx_word' id='word_1_190' title='bbox 872 2185 905 2226; x_wconf 90' lang='lat' dir='ltr'>se</span> <span class='ocrx_word' id='word_1_191' title='bbox 928 2165 993 2244; x_wconf 87' lang='lat' dir='ltr'>ipso</span> <span class='ocrx_word' id='word_1_192' title='bbox 1017 2165 1147 2225; x_wconf 88' lang='lat' dir='ltr'>calorem</span> <span class='ocrx_word' id='word_1_193' title='bbox 1172 2166 1301 2239; x_wconf 87' lang='lat' dir='ltr'>habeat,</span> <span class='ocrx_word' id='word_1_194' title='bbox 1326 2164 1518 2227; x_wconf 89' lang='lat' dir='ltr'>materiatum</span> <span class='ocrx_word' id='word_1_195' title='bbox 1543 2166 1688 2228; x_wconf 86' lang='lat' dir='ltr'>comsit.</span> 
     </span>
     <span class='ocr_line' id='line_1_20' title="bbox 326 2253 1687 2336; baseline -0.002 -17"><span class='ocrx_word' id='word_1_196' title='bbox 326 2257 360 2319; x_wconf 90' lang='lat' dir='ltr'>ld</span> <span class='ocrx_word' id='word_1_197' title='bbox 384 2258 412 2317; x_wconf 90' lang='lat' dir='ltr'>iu</span> <span class='ocrx_word' id='word_1_198' title='bbox 438 2258 484 2327; x_wconf 92' lang='lat' dir='ltr'>iis,</span> <span class='ocrx_word' id='word_1_199' title='bbox 508 2275 585 2336; x_wconf 90' lang='lat' dir='ltr'>quae</span> <span class='ocrx_word' id='word_1_200' title='bbox 611 2275 630 2315; x_wconf 87' lang='lat' dir='ltr'>a</span> <span class='ocrx_word' id='word_1_201' title='bbox 653 2253 725 2316; x_wconf 87' lang='lat' dir='ltr'>Sole</span> <span class='ocrx_word' id='word_1_202' title='bbox 749 2255 796 2314; x_wconf 91' lang='lat' dir='ltr'>vel</span> <span class='ocrx_word' id='word_1_203' title='bbox 826 2254 886 2332; x_wconf 79' lang='lat' dir='ltr'>igni</span> <span class='ocrx_word' id='word_1_204' title='bbox 919 2253 1072 2326; x_wconf 86' lang='lat' dir='ltr'>calefiunt,</span> <span class='ocrx_word' id='word_1_205' title='bbox 1106 2255 1295 2315; x_wconf 87' lang='lat' dir='ltr'>manifestum</span> <span class='ocrx_word' id='word_1_206' title='bbox 1323 2263 1381 2316; x_wconf 87' lang='lat' dir='ltr'>est.</span> <span class='ocrx_word' id='word_1_207' title='bbox 1430 2255 1578 2316; x_wconf 87' lang='lat' dir='ltr'>Liberata</span> <span class='ocrx_word' id='word_1_208' title='bbox 1607 2256 1687 2316; x_wconf 89' lang='lat' dir='ltr'>cuim</span> 
     </span>
     <span class='ocr_line' id='line_1_21' title="bbox 325 2341 1690 2425; baseline -0.001 -18"><span class='ocrx_word' id='word_1_209' title='bbox 325 2345 500 2425; x_wconf 87' lang='lat' dir='ltr'>praeseutia</span> <span class='ocrx_word' id='word_1_210' title='bbox 523 2344 632 2405; x_wconf 91' lang='lat' dir='ltr'>caloris</span> <span class='ocrx_word' id='word_1_211' title='bbox 657 2344 704 2403; x_wconf 87' lang='lat' dir='ltr'>vel</span> <span class='ocrx_word' id='word_1_212' title='bbox 726 2342 805 2421; x_wconf 89' lang='lat' dir='ltr'>iguis</span> <span class='ocrx_word' id='word_1_213' title='bbox 830 2362 945 2403; x_wconf 86' lang='lat' dir='ltr'>rursum</span> <span class='ocrx_word' id='word_1_214' title='bbox 970 2341 1144 2421; x_wconf 88' lang='lat' dir='ltr'>frigescunt.</span> <span class='ocrx_word' id='word_1_215' title='bbox 1181 2341 1241 2412; x_wconf 87' lang='lat' dir='ltr'>Qui</span> <span class='ocrx_word' id='word_1_216' title='bbox 1261 2362 1332 2404; x_wconf 87' lang='lat' dir='ltr'>vero</span> <span class='ocrx_word' id='word_1_217' title='bbox 1354 2344 1384 2404; x_wconf 95' lang='lat' dir='ltr'>in</span> <span class='ocrx_word' id='word_1_218' title='bbox 1410 2344 1616 2406; x_wconf 89' lang='lat' dir='ltr'>animantibus</span> <span class='ocrx_word' id='word_1_219' title='bbox 1639 2353 1690 2405; x_wconf 86' lang='lat' dir='ltr'>est</span> 
     </span>
     <span class='ocr_line' id='line_1_22' title="bbox 325 2430 1691 2513; baseline -0.001 -17"><span class='ocrx_word' id='word_1_220' title='bbox 325 2435 427 2508; x_wconf 88' lang='lat' dir='ltr'>calor,</span> <span class='ocrx_word' id='word_1_221' title='bbox 463 2441 577 2495; x_wconf 83' lang='lat' dir='ltr'>certuru</span> <span class='ocrx_word' id='word_1_222' title='bbox 610 2432 687 2511; x_wconf 92' lang='lat' dir='ltr'>quod</span> <span class='ocrx_word' id='word_1_223' title='bbox 711 2450 748 2491; x_wconf 87' lang='lat' dir='ltr'>ex</span> <span class='ocrx_word' id='word_1_224' title='bbox 782 2430 901 2492; x_wconf 89' lang='lat' dir='ltr'>arteriis</span> <span class='ocrx_word' id='word_1_225' title='bbox 933 2433 961 2491; x_wconf 91' lang='lat' dir='ltr'>in</span> <span class='ocrx_word' id='word_1_226' title='bbox 996 2449 1103 2509; x_wconf 90' lang='lat' dir='ltr'>corpus</span> <span class='ocrx_word' id='word_1_227' title='bbox 1136 2432 1248 2492; x_wconf 90' lang='lat' dir='ltr'>veniat.</span> <span class='ocrx_word' id='word_1_228' title='bbox 1304 2431 1416 2493; x_wconf 81' lang='lat' dir='ltr'>Statim</span> <span class='ocrx_word' id='word_1_229' title='bbox 1447 2434 1525 2494; x_wconf 92' lang='lat' dir='ltr'>enim</span> <span class='ocrx_word' id='word_1_230' title='bbox 1558 2451 1691 2513; x_wconf 83' lang='lat' dir='ltr'>corpora</span> 
     </span>
     <span class='ocr_line' id='line_1_23' title="bbox 327 2519 1689 2602; baseline 0 -18"><span class='ocrx_word' id='word_1_231' title='bbox 327 2523 492 2602; x_wconf 78' lang='lat' dir='ltr'>frigescunt</span> <span class='ocrx_word' id='word_1_232' title='bbox 524 2521 643 2582; x_wconf 87' lang='lat' dir='ltr'>arteriis</span> <span class='ocrx_word' id='word_1_233' title='bbox 676 2519 858 2581; x_wconf 83' lang='lat' dir='ltr'>interclusis.</span> <span class='ocrx_word' id='word_1_234' title='bbox 909 2521 942 2580; x_wconf 97' lang='lat' dir='ltr'>ln</span> <span class='ocrx_word' id='word_1_235' title='bbox 968 2520 1096 2581; x_wconf 83' lang='lat' dir='ltr'>arterias</span> <span class='ocrx_word' id='word_1_236' title='bbox 1120 2539 1157 2580; x_wconf 91' lang='lat' dir='ltr'>ex</span> <span class='ocrx_word' id='word_1_237' title='bbox 1190 2520 1279 2580; x_wconf 90' lang='lat' dir='ltr'>corde</span> <span class='ocrx_word' id='word_1_238' title='bbox 1307 2521 1408 2595; x_wconf 88' lang='lat' dir='ltr'>veuit,</span> <span class='ocrx_word' id='word_1_239' title='bbox 1441 2522 1469 2582; x_wconf 94' lang='lat' dir='ltr'>in</span> <span class='ocrx_word' id='word_1_240' title='bbox 1499 2523 1591 2585; x_wconf 87' lang='lat' dir='ltr'>corde</span> <span class='ocrx_word' id='word_1_241' title='bbox 1615 2540 1689 2584; x_wconf 91' lang='lat' dir='ltr'>vero</span> 
     </span>
     <span class='ocr_line' id='line_1_24' title="bbox 325 2608 1688 2690; baseline 0 -17"><span class='ocrx_word' id='word_1_242' title='bbox 325 2629 384 2673; x_wconf 89' lang='lat' dir='ltr'>non</span> <span class='ocrx_word' id='word_1_243' title='bbox 407 2630 522 2684; x_wconf 89' lang='lat' dir='ltr'>vereor,</span> <span class='ocrx_word' id='word_1_244' title='bbox 549 2610 633 2688; x_wconf 83' lang='lat' dir='ltr'>cujus</span> <span class='ocrx_word' id='word_1_245' title='bbox 657 2610 698 2671; x_wconf 88' lang='lat' dir='ltr'>rei</span> <span class='ocrx_word' id='word_1_246' title='bbox 715 2609 869 2669; x_wconf 79' lang='lat' dir='ltr'>Feruelius</span> <span class='ocrx_word' id='word_1_247' title='bbox 895 2608 1116 2669; x_wconf 88' lang='lat' dir='ltr'>similitudinem</span> <span class='ocrx_word' id='word_1_248' title='bbox 1142 2608 1240 2669; x_wconf 89' lang='lat' dir='ltr'>inesse</span> <span class='ocrx_word' id='word_1_249' title='bbox 1264 2608 1350 2680; x_wconf 83' lang='lat' dir='ltr'>dixit,</span> <span class='ocrx_word' id='word_1_250' title='bbox 1374 2629 1437 2671; x_wconf 88' lang='lat' dir='ltr'>rem</span> <span class='ocrx_word' id='word_1_251' title='bbox 1462 2611 1559 2690; x_wconf 86' lang='lat' dir='ltr'>ipsam</span> <span class='ocrx_word' id='word_1_252' title='bbox 1584 2612 1688 2673; x_wconf 83' lang='lat' dir='ltr'>inesse</span> 
     </span>
     <span class='ocr_line' id='line_1_25' title="bbox 326 2696 1687 2777; baseline -0.003 -15"><span class='ocrx_word' id='word_1_253' title='bbox 326 2701 485 2772; x_wconf 83' lang='lat' dir='ltr'>affirmare,</span> <span class='ocrx_word' id='word_1_254' title='bbox 512 2700 663 2760; x_wconf 88' lang='lat' dir='ltr'>flaunuarn</span> <span class='ocrx_word' id='word_1_255' title='bbox 688 2716 793 2776; x_wconf 89' lang='lat' dir='ltr'>nempe</span> <span class='ocrx_word' id='word_1_256' title='bbox 817 2716 985 2776; x_wconf 88' lang='lat' dir='ltr'>perennem.</span> <span class='ocrx_word' id='word_1_257' title='bbox 1034 2696 1111 2757; x_wconf 77' lang='lat' dir='ltr'>Nam</span> <span class='ocrx_word' id='word_1_258' title='bbox 1136 2697 1181 2757; x_wconf 90' lang='lat' dir='ltr'>cui</span> <span class='ocrx_word' id='word_1_259' title='bbox 1206 2696 1247 2757; x_wconf 88' lang='lat' dir='ltr'>rei</span> <span class='ocrx_word' id='word_1_260' title='bbox 1282 2707 1352 2758; x_wconf 91' lang='lat' dir='ltr'>sunt</span> <span class='ocrx_word' id='word_1_261' title='bbox 1382 2699 1554 2777; x_wconf 91' lang='lat' dir='ltr'>pulmonum</span> <span class='ocrx_word' id='word_1_262' title='bbox 1585 2699 1687 2774; x_wconf 77' lang='lat' dir='ltr'>folles,</span> 
     </span>
     <span class='ocr_line' id='line_1_26' title="bbox 326 2785 1686 2866; baseline 0 -18"><span class='ocrx_word' id='word_1_263' title='bbox 326 2796 426 2851; x_wconf 72' lang='lat' dir='ltr'>aerem</span> <span class='ocrx_word' id='word_1_264' title='bbox 451 2790 603 2860; x_wconf 79' lang='lat' dir='ltr'>afflantes,</span> <span class='ocrx_word' id='word_1_265' title='bbox 629 2807 666 2848; x_wconf 87' lang='lat' dir='ltr'>ne</span> <span class='ocrx_word' id='word_1_266' title='bbox 691 2788 755 2848; x_wconf 86' lang='lat' dir='ltr'>vita</span> <span class='ocrx_word' id='word_1_267' title='bbox 777 2785 994 2847; x_wconf 86' lang='lat' dir='ltr'>intercludatur</span> <span class='ocrx_word' id='word_1_268' title='bbox 1017 2786 1136 2845; x_wconf 86' lang='lat' dir='ltr'>defectu</span> <span class='ocrx_word' id='word_1_269' title='bbox 1161 2786 1248 2857; x_wconf 70' lang='lat' dir='ltr'>atris,</span> <span class='ocrx_word' id='word_1_270' title='bbox 1274 2795 1308 2846; x_wconf 91' lang='lat' dir='ltr'>ut</span> <span class='ocrx_word' id='word_1_271' title='bbox 1331 2787 1411 2847; x_wconf 89' lang='lat' dir='ltr'>solet</span> <span class='ocrx_word' id='word_1_272' title='bbox 1429 2787 1458 2848; x_wconf 94' lang='lat' dir='ltr'>in</span> <span class='ocrx_word' id='word_1_273' title='bbox 1483 2788 1574 2866; x_wconf 70' lang='lat' dir='ltr'>igne3</span> <span class='ocrx_word' id='word_1_274' title='bbox 1599 2797 1686 2850; x_wconf 84' lang='lat' dir='ltr'>arte·</span> 
     </span>
     <span class='ocr_line' id='line_1_27' title="bbox 327 2874 1689 2955; baseline -0.001 -15"><span class='ocrx_word' id='word_1_275' title='bbox 327 2879 436 2940; x_wconf 90' lang='lat' dir='ltr'>riarum</span> <span class='ocrx_word' id='word_1_276' title='bbox 462 2878 590 2938; x_wconf 81' lang='lat' dir='ltr'>surnaria</span> <span class='ocrx_word' id='word_1_277' title='bbox 613 2885 645 2937; x_wconf 86' lang='lat' dir='ltr'>et</span> <span class='ocrx_word' id='word_1_278' title='bbox 666 2877 770 2955; x_wconf 86' lang='lat' dir='ltr'>pulsus</span> <span class='ocrx_word' id='word_1_279' title='bbox 795 2894 848 2935; x_wconf 91' lang='lat' dir='ltr'>seu</span> <span class='ocrx_word' id='word_1_280' title='bbox 872 2875 1014 2953; x_wconf 87' lang='lat' dir='ltr'>expulsus</span> <span class='ocrx_word' id='word_1_281' title='bbox 1039 2874 1125 2945; x_wconf 83' lang='lat' dir='ltr'>sumi,</span> <span class='ocrx_word' id='word_1_282' title='bbox 1153 2894 1188 2933; x_wconf 92' lang='lat' dir='ltr'>ne</span> <span class='ocrx_word' id='word_1_283' title='bbox 1213 2875 1397 2954; x_wconf 89' lang='lat' dir='ltr'>opprimatur</span> <span class='ocrx_word' id='word_1_284' title='bbox 1420 2875 1468 2937; x_wconf 91' lang='lat' dir='ltr'>hic</span> <span class='ocrx_word' id='word_1_285' title='bbox 1493 2876 1644 2954; x_wconf 68' lang='lat' dir='ltr'>igniculus</span> <span class='ocrx_word' id='word_1_286' title='bbox 1669 2899 1689 2938; x_wconf 95' lang='lat' dir='ltr'>a</span> 
     </span>
     <span class='ocr_line' id='line_1_28' title="bbox 328 2963 1687 3042; baseline 0.001 -16"><span class='ocrx_word' id='word_1_287' title='bbox 328 2985 381 3028; x_wconf 86' lang='lat' dir='ltr'>suo</span> <span class='ocrx_word' id='word_1_288' title='bbox 407 2974 609 3038; x_wconf 88' lang='lat' dir='ltr'>excremento,</span> <span class='ocrx_word' id='word_1_289' title='bbox 634 2964 732 3025; x_wconf 83' lang='lat' dir='ltr'>cordis</span> <span class='ocrx_word' id='word_1_290' title='bbox 758 2964 912 3024; x_wconf 86' lang='lat' dir='ltr'>latebrosa</span> <span class='ocrx_word' id='word_1_291' title='bbox 938 2964 1063 3041; x_wconf 90' lang='lat' dir='ltr'>lampas,</span> <span class='ocrx_word' id='word_1_292' title='bbox 1088 2963 1210 3041; x_wconf 83' lang='lat' dir='ltr'>sanguis</span> <span class='ocrx_word' id='word_1_293' title='bbox 1229 2982 1265 3023; x_wconf 87' lang='lat' dir='ltr'>ex</span> <span class='ocrx_word' id='word_1_294' title='bbox 1281 2964 1347 3042; x_wconf 87' lang='lat' dir='ltr'>ipso</span> <span class='ocrx_word' id='word_1_295' title='bbox 1371 2982 1465 3025; x_wconf 88' lang='lat' dir='ltr'>cavae</span> <span class='ocrx_word' id='word_1_296' title='bbox 1489 2985 1587 3027; x_wconf 87' lang='lat' dir='ltr'>venae</span> <span class='ocrx_word' id='word_1_297' title='bbox 1611 2986 1687 3028; x_wconf 88' lang='lat' dir='ltr'>cau-</span> 
     </span>
     <span class='ocr_line' id='line_1_29' title="bbox 328 3052 1690 3135; baseline -0.001 -18"><span class='ocrx_word' id='word_1_298' title='bbox 328 3056 394 3117; x_wconf 85' lang='lat' dir='ltr'>dice</span> <span class='ocrx_word' id='word_1_299' title='bbox 418 3073 471 3135; x_wconf 89' lang='lat' dir='ltr'>per</span> <span class='ocrx_word' id='word_1_300' title='bbox 505 3055 641 3115; x_wconf 87' lang='lat' dir='ltr'>canalem</span> <span class='ocrx_word' id='word_1_301' title='bbox 673 3053 852 3131; x_wconf 87' lang='lat' dir='ltr'>peculiarem</span> <span class='ocrx_word' id='word_1_302' title='bbox 878 3052 905 3111; x_wconf 94' lang='lat' dir='ltr'>iu</span> <span class='ocrx_word' id='word_1_303' title='bbox 930 3070 981 3111; x_wconf 92' lang='lat' dir='ltr'>cor</span> <span class='ocrx_word' id='word_1_304' title='bbox 1012 3052 1169 3113; x_wconf 84' lang='lat' dir='ltr'>traductus</span> <span class='ocrx_word' id='word_1_305' title='bbox 1194 3052 1231 3112; x_wconf 92' lang='lat' dir='ltr'>ad</span> <span class='ocrx_word' id='word_1_306' title='bbox 1255 3052 1352 3113; x_wconf 90' lang='lat' dir='ltr'>instar</span> <span class='ocrx_word' id='word_1_307' title='bbox 1385 3052 1461 3126; x_wconf 89' lang='lat' dir='ltr'>olei,</span> <span class='ocrx_word' id='word_1_308' title='bbox 1497 3055 1576 3115; x_wconf 90' lang='lat' dir='ltr'>unde</span> <span class='ocrx_word' id='word_1_309' title='bbox 1601 3057 1690 3116; x_wconf 74' lang='lat' dir='ltr'>vivat</span> 
     </span>
     <span class='ocr_line' id='line_1_30' title="bbox 325 3141 1688 3219; baseline 0 -14"><span class='ocrx_word' id='word_1_310' title='bbox 325 3145 400 3206; x_wconf 87' lang='lat' dir='ltr'>haec</span> <span class='ocrx_word' id='word_1_311' title='bbox 432 3143 576 3204; x_wconf 88' lang='lat' dir='ltr'>flamma?</span> <span class='ocrx_word' id='word_1_312' title='bbox 614 3143 681 3203; x_wconf 78' lang='lat' dir='ltr'>Non</span> <span class='ocrx_word' id='word_1_313' title='bbox 716 3143 771 3202; x_wconf 83' lang='lat' dir='ltr'>lroc</span> <span class='ocrx_word' id='word_1_314' title='bbox 801 3141 968 3209; x_wconf 90' lang='lat' dir='ltr'>contendo,</span> <span class='ocrx_word' id='word_1_315' title='bbox 1002 3141 1172 3219; x_wconf 91' lang='lat' dir='ltr'>pulmonum</span> <span class='ocrx_word' id='word_1_316' title='bbox 1203 3148 1303 3201; x_wconf 68' lang='lat' dir='ltr'>adrem</span> <span class='ocrx_word' id='word_1_317' title='bbox 1336 3150 1368 3202; x_wconf 89' lang='lat' dir='ltr'>et</span> <span class='ocrx_word' id='word_1_318' title='bbox 1401 3161 1495 3203; x_wconf 90' lang='lat' dir='ltr'>venae</span> <span class='ocrx_word' id='word_1_319' title='bbox 1529 3144 1688 3205; x_wconf 85' lang='lat' dir='ltr'>arterialis</span> 
     </span>
     <span class='ocr_line' id='line_1_31' title="bbox 330 3228 1687 3311; baseline -0.001 -17"><span class='ocrx_word' id='word_1_320' title='bbox 330 3234 506 3311; x_wconf 81' lang='lat' dir='ltr'>sauguinem</span> <span class='ocrx_word' id='word_1_321' title='bbox 532 3232 603 3292; x_wconf 86' lang='lat' dir='ltr'>nilril</span> <span class='ocrx_word' id='word_1_322' title='bbox 628 3250 696 3292; x_wconf 89' lang='lat' dir='ltr'>esse</span> <span class='ocrx_word' id='word_1_323' title='bbox 721 3231 775 3291; x_wconf 80' lang='lat' dir='ltr'>nisi</span> <span class='ocrx_word' id='word_1_324' title='bbox 802 3249 914 3290; x_wconf 88' lang='lat' dir='ltr'>merum</span> <span class='ocrx_word' id='word_1_325' title='bbox 938 3228 1112 3288; x_wconf 87' lang='lat' dir='ltr'>alimentum</span> <span class='ocrx_word' id='word_1_326' title='bbox 1133 3228 1219 3307; x_wconf 87' lang='lat' dir='ltr'>hujus</span> <span class='ocrx_word' id='word_1_327' title='bbox 1244 3230 1401 3304; x_wconf 73' lang='lat' dir='ltr'>flammae,</span> <span class='ocrx_word' id='word_1_328' title='bbox 1426 3251 1480 3293; x_wconf 94' lang='lat' dir='ltr'>nec</span> <span class='ocrx_word' id='word_1_329' title='bbox 1501 3232 1587 3308; x_wconf 92' lang='lat' dir='ltr'>illud,</span> <span class='ocrx_word' id='word_1_330' title='bbox 1613 3233 1687 3294; x_wconf 84' lang='lat' dir='ltr'>nihil</span> 
     </span>
     <span class='ocr_line' id='line_1_32' title="bbox 326 3318 1689 3396; baseline 0 -13"><span class='ocrx_word' id='word_1_331' title='bbox 326 3323 355 3383; x_wconf 93' lang='lat' dir='ltr'>iu</span> <span class='ocrx_word' id='word_1_332' title='bbox 379 3321 509 3383; x_wconf 84' lang='lat' dir='ltr'>arterias</span> <span class='ocrx_word' id='word_1_333' title='bbox 543 3320 672 3380; x_wconf 88' lang='lat' dir='ltr'>transire</span> <span class='ocrx_word' id='word_1_334' title='bbox 706 3320 761 3379; x_wconf 84' lang='lat' dir='ltr'>uisi</span> <span class='ocrx_word' id='word_1_335' title='bbox 791 3338 872 3379; x_wconf 90' lang='lat' dir='ltr'>mera</span> <span class='ocrx_word' id='word_1_336' title='bbox 905 3325 1097 3378; x_wconf 86' lang='lat' dir='ltr'>excrementa</span> <span class='ocrx_word' id='word_1_337' title='bbox 1125 3318 1211 3396; x_wconf 77' lang='lat' dir='ltr'>liujus</span> <span class='ocrx_word' id='word_1_338' title='bbox 1244 3320 1433 3394; x_wconf 85' lang='lat' dir='ltr'>flammulae,</span> <span class='ocrx_word' id='word_1_339' title='bbox 1458 3322 1501 3382; x_wconf 91' lang='lat' dir='ltr'>sic</span> <span class='ocrx_word' id='word_1_340' title='bbox 1526 3329 1561 3382; x_wconf 90' lang='lat' dir='ltr'>ut</span> <span class='ocrx_word' id='word_1_341' title='bbox 1585 3322 1689 3382; x_wconf 89' lang='lat' dir='ltr'>omnia</span> 
     </span>
     <span class='ocr_line' id='line_1_33' title="bbox 327 3404 1688 3488; baseline -0.002 -16"><span class='ocrx_word' id='word_1_342' title='bbox 327 3411 375 3472; x_wconf 90' lang='lat' dir='ltr'>uni</span> <span class='ocrx_word' id='word_1_343' title='bbox 400 3411 482 3472; x_wconf 87' lang='lat' dir='ltr'>cordi</span> <span class='ocrx_word' id='word_1_344' title='bbox 506 3429 560 3471; x_wconf 90' lang='lat' dir='ltr'>ceu</span> <span class='ocrx_word' id='word_1_345' title='bbox 586 3409 710 3488; x_wconf 89' lang='lat' dir='ltr'>principi</span> <span class='ocrx_word' id='word_1_346' title='bbox 735 3408 879 3469; x_wconf 73' lang='lat' dir='ltr'>serviant.</span> <span class='ocrx_word' id='word_1_347' title='bbox 928 3404 1068 3466; x_wconf 88' lang='lat' dir='ltr'>Concedo</span> <span class='ocrx_word' id='word_1_348' title='bbox 1093 3407 1185 3478; x_wconf 88' lang='lat' dir='ltr'>enirn,</span> <span class='ocrx_word' id='word_1_349' title='bbox 1218 3426 1268 3468; x_wconf 91' lang='lat' dir='ltr'>cor</span> <span class='ocrx_word' id='word_1_350' title='bbox 1292 3408 1388 3485; x_wconf 89' lang='lat' dir='ltr'>ipsum</span> <span class='ocrx_word' id='word_1_351' title='bbox 1424 3410 1519 3471; x_wconf 88' lang='lat' dir='ltr'>totius</span> <span class='ocrx_word' id='word_1_352' title='bbox 1545 3410 1688 3472; x_wconf 86' lang='lat' dir='ltr'>animalis</span> 
     </span>
     <span class='ocr_line' id='line_1_34' title="bbox 326 3494 1686 3579; baseline -0.001 -18"><span class='ocrx_word' id='word_1_353' title='bbox 326 3499 492 3562; x_wconf 89' lang='lat' dir='ltr'>ministerio</span> <span class='ocrx_word' id='word_1_354' title='bbox 516 3500 701 3578; x_wconf 86' lang='lat' dir='ltr'>deputatum.</span> <span class='ocrx_word' id='word_1_355' title='bbox 750 3495 891 3557; x_wconf 86' lang='lat' dir='ltr'>Concedo</span> <span class='ocrx_word' id='word_1_356' title='bbox 919 3494 973 3554; x_wconf 87' lang='lat' dir='ltr'>hos</span> <span class='ocrx_word' id='word_1_357' title='bbox 1005 3495 1095 3574; x_wconf 84' lang='lat' dir='ltr'>quasi</span> <span class='ocrx_word' id='word_1_358' title='bbox 1124 3496 1237 3556; x_wconf 88' lang='lat' dir='ltr'>reditus</span> <span class='ocrx_word' id='word_1_359' title='bbox 1261 3496 1290 3556; x_wconf 91' lang='lat' dir='ltr'>iu</span> <span class='ocrx_word' id='word_1_360' title='bbox 1314 3515 1366 3558; x_wconf 86' lang='lat' dir='ltr'>cor</span> <span class='ocrx_word' id='word_1_361' title='bbox 1390 3508 1535 3579; x_wconf 89' lang='lat' dir='ltr'>tauquam</span> <span class='ocrx_word' id='word_1_362' title='bbox 1558 3500 1590 3560; x_wconf 92' lang='lat' dir='ltr'>iu</span> <span class='ocrx_word' id='word_1_363' title='bbox 1615 3501 1686 3560; x_wconf 84' lang='lat' dir='ltr'>offi-</span> 
     </span>
     <span class='ocr_line' id='line_1_35' title="bbox 325 3583 1688 3665; baseline -0.003 -14"><span class='ocrx_word' id='word_1_364' title='bbox 325 3590 423 3651; x_wconf 88' lang='lat' dir='ltr'>cinam</span> <span class='ocrx_word' id='word_1_365' title='bbox 457 3588 575 3658; x_wconf 90' lang='lat' dir='ltr'>invelri,</span> <span class='ocrx_word' id='word_1_366' title='bbox 609 3595 640 3647; x_wconf 92' lang='lat' dir='ltr'>ut</span> <span class='ocrx_word' id='word_1_367' title='bbox 664 3587 711 3647; x_wconf 85' lang='lat' dir='ltr'>lric</span> <span class='ocrx_word' id='word_1_368' title='bbox 742 3584 914 3656; x_wconf 89' lang='lat' dir='ltr'>elaborata,</span> <span class='ocrx_word' id='word_1_369' title='bbox 949 3583 1009 3644; x_wconf 87' lang='lat' dir='ltr'>alia</span> <span class='ocrx_word' id='word_1_370' title='bbox 1037 3602 1090 3661; x_wconf 92' lang='lat' dir='ltr'>per</span> <span class='ocrx_word' id='word_1_371' title='bbox 1122 3584 1262 3645; x_wconf 89' lang='lat' dir='ltr'>arteriam</span> <span class='ocrx_word' id='word_1_372' title='bbox 1296 3584 1324 3645; x_wconf 92' lang='lat' dir='ltr'>iu</span> <span class='ocrx_word' id='word_1_373' title='bbox 1358 3605 1467 3665; x_wconf 85' lang='lat' dir='ltr'>eorpus</span> <span class='ocrx_word' id='word_1_374' title='bbox 1501 3587 1688 3660; x_wconf 89' lang='lat' dir='ltr'>universum,</span> 
     </span>
     <span class='ocr_line' id='line_1_36' title="bbox 325 3672 1687 3757; baseline -0.001 -17"><span class='ocrx_word' id='word_1_375' title='bbox 325 3677 509 3740; x_wconf 88' lang='lat' dir='ltr'>inevitabilis</span> <span class='ocrx_word' id='word_1_376' title='bbox 534 3675 675 3738; x_wconf 89' lang='lat' dir='ltr'>utilitatis</span> <span class='ocrx_word' id='word_1_377' title='bbox 700 3693 800 3746; x_wconf 91' lang='lat' dir='ltr'>causa,</span> <span class='ocrx_word' id='word_1_378' title='bbox 826 3672 1006 3733; x_wconf 73' lang='lat' dir='ltr'>dividantur.</span> <span class='ocrx_word' id='word_1_379' title='bbox 1055 3672 1176 3733; x_wconf 87' lang='lat' dir='ltr'>luteriru</span> <span class='ocrx_word' id='word_1_380' title='bbox 1207 3673 1273 3751; x_wconf 86' lang='lat' dir='ltr'>ipsa</span> <span class='ocrx_word' id='word_1_381' title='bbox 1301 3675 1494 3736; x_wconf 80' lang='lat' dir='ltr'>attractionis</span> <span class='ocrx_word' id='word_1_382' title='bbox 1518 3684 1551 3737; x_wconf 87' lang='lat' dir='ltr'>et</span> <span class='ocrx_word' id='word_1_383' title='bbox 1574 3678 1687 3757; x_wconf 86' lang='lat' dir='ltr'>expul-</span> 
     </span>
     <span class='ocr_line' id='line_1_37' title="bbox 324 3761 1684 3844; baseline 0.001 -19"><span class='ocrx_word' id='word_1_384' title='bbox 324 3767 418 3828; x_wconf 82' lang='lat' dir='ltr'>sionis</span> <span class='ocrx_word' id='word_1_385' title='bbox 452 3768 548 3827; x_wconf 86' lang='lat' dir='ltr'>forma</span> <span class='ocrx_word' id='word_1_386' title='bbox 580 3772 764 3844; x_wconf 85' lang='lat' dir='ltr'>naturaeque</span> <span class='ocrx_word' id='word_1_387' title='bbox 796 3761 1067 3822; x_wconf 84' lang='lat' dir='ltr'>machinamentum</span> <span class='ocrx_word' id='word_1_388' title='bbox 1102 3761 1131 3821; x_wconf 93' lang='lat' dir='ltr'>in</span> <span class='ocrx_word' id='word_1_389' title='bbox 1165 3762 1292 3823; x_wconf 90' lang='lat' dir='ltr'>valvulis</span> <span class='ocrx_word' id='word_1_390' title='bbox 1325 3764 1409 3824; x_wconf 91' lang='lat' dir='ltr'>elata</span> <span class='ocrx_word' id='word_1_391' title='bbox 1449 3783 1523 3825; x_wconf 82' lang='lat' dir='ltr'>voce</span> <span class='ocrx_word' id='word_1_392' title='bbox 1558 3766 1684 3840; x_wconf 80' lang='lat' dir='ltr'>clamat,</span> 
     </span>
     <span class='ocr_line' id='line_1_38' title="bbox 326 3849 1685 3932; baseline 0.001 -17"><span class='ocrx_word' id='word_1_393' title='bbox 326 3854 424 3915; x_wconf 85' lang='lat' dir='ltr'>inesse</span> <span class='ocrx_word' id='word_1_394' title='bbox 449 3854 476 3914; x_wconf 92' lang='lat' dir='ltr'>in</span> <span class='ocrx_word' id='word_1_395' title='bbox 491 3855 581 3914; x_wconf 90' lang='lat' dir='ltr'>corde</span> <span class='ocrx_word' id='word_1_396' title='bbox 606 3854 755 3913; x_wconf 89' lang='lat' dir='ltr'>flammam</span> <span class='ocrx_word' id='word_1_397' title='bbox 779 3850 932 3922; x_wconf 83' lang='lat' dir='ltr'>artificem,</span> <span class='ocrx_word' id='word_1_398' title='bbox 958 3868 1033 3929; x_wconf 91' lang='lat' dir='ltr'>quae</span> <span class='ocrx_word' id='word_1_399' title='bbox 1049 3849 1087 3909; x_wconf 91' lang='lat' dir='ltr'>ab</span> <span class='ocrx_word' id='word_1_400' title='bbox 1112 3850 1339 3929; x_wconf 85' lang='lat' dir='ltr'>ingredientium</span> <span class='ocrx_word' id='word_1_401' title='bbox 1365 3853 1567 3932; x_wconf 85' lang='lat' dir='ltr'>vectigalibus</span> <span class='ocrx_word' id='word_1_402' title='bbox 1588 3855 1685 3917; x_wconf 85' lang='lat' dir='ltr'>vitam</span> 
     </span>
     <span class='ocr_line' id='line_1_39' title="bbox 328 3938 1684 4017; baseline 0.003 -16"><span class='ocrx_word' id='word_1_403' title='bbox 328 3943 447 4014; x_wconf 87' lang='lat' dir='ltr'>toleret,</span> <span class='ocrx_word' id='word_1_404' title='bbox 472 3951 753 4003; x_wconf 76' lang='lat' dir='ltr'>excrementorum</span> <span class='ocrx_word' id='word_1_405' title='bbox 779 3940 815 3999; x_wconf 89' lang='lat' dir='ltr'>iis</span> <span class='ocrx_word' id='word_1_406' title='bbox 847 3938 987 4017; x_wconf 89' lang='lat' dir='ltr'>operibus</span> <span class='ocrx_word' id='word_1_407' title='bbox 1011 3938 1089 4010; x_wconf 82' lang='lat' dir='ltr'>suis,</span> <span class='ocrx_word' id='word_1_408' title='bbox 1114 3938 1219 4017; x_wconf 86' lang='lat' dir='ltr'>quibus</span> <span class='ocrx_word' id='word_1_409' title='bbox 1243 3940 1407 4002; x_wconf 81' lang='lat' dir='ltr'>efficiendis</span> <span class='ocrx_word' id='word_1_410' title='bbox 1436 3951 1485 4003; x_wconf 90' lang='lat' dir='ltr'>est</span> <span class='ocrx_word' id='word_1_411' title='bbox 1515 3944 1684 4016; x_wconf 86' lang='lat' dir='ltr'>destinata,</span> 
     </span>
     <span class='ocr_line' id='line_1_40' title="bbox 325 4028 1685 4113; baseline 0.002 -22"><span class='ocrx_word' id='word_1_412' title='bbox 325 4049 391 4092; x_wconf 92' lang='lat' dir='ltr'>cum</span> <span class='ocrx_word' id='word_1_413' title='bbox 415 4030 520 4109; x_wconf 91' lang='lat' dir='ltr'>spiritu</span> <span class='ocrx_word' id='word_1_414' title='bbox 545 4031 662 4091; x_wconf 86' lang='lat' dir='ltr'>scilicet</span> <span class='ocrx_word' id='word_1_415' title='bbox 684 4028 769 4089; x_wconf 91' lang='lat' dir='ltr'>vitali</span> <span class='ocrx_word' id='word_1_416' title='bbox 793 4029 932 4087; x_wconf 78' lang='lat' dir='ltr'>exturbet</span> <span class='ocrx_word' id='word_1_417' title='bbox 957 4045 1010 4104; x_wconf 91' lang='lat' dir='ltr'>per</span> <span class='ocrx_word' id='word_1_418' title='bbox 1033 4028 1158 4087; x_wconf 89' lang='lat' dir='ltr'>eandem</span> <span class='ocrx_word' id='word_1_419' title='bbox 1187 4028 1279 4100; x_wconf 88' lang='lat' dir='ltr'>viam,</span> <span class='ocrx_word' id='word_1_420' title='bbox 1306 4029 1364 4090; x_wconf 91' lang='lat' dir='ltr'>imo</span> <span class='ocrx_word' id='word_1_421' title='bbox 1389 4031 1431 4091; x_wconf 80' lang='lat' dir='ltr'>sic</span> <span class='ocrx_word' id='word_1_422' title='bbox 1461 4049 1530 4092; x_wconf 88' lang='lat' dir='ltr'>esse</span> <span class='ocrx_word' id='word_1_423' title='bbox 1555 4051 1685 4113; x_wconf 81' lang='lat' dir='ltr'>compa-</span> 
     </span>
     <span class='ocr_line' id='line_1_41' title="bbox 326 4115 1686 4193; baseline 0 -13"><span class='ocrx_word' id='word_1_424' title='bbox 326 4127 423 4181; x_wconf 87' lang='lat' dir='ltr'>ratam</span> <span class='ocrx_word' id='word_1_425' title='bbox 447 4127 584 4179; x_wconf 89' lang='lat' dir='ltr'>naturaru</span> <span class='ocrx_word' id='word_1_426' title='bbox 617 4117 748 4179; x_wconf 82' lang='lat' dir='ltr'>rrrrirersi</span> <span class='ocrx_word' id='word_1_427' title='bbox 782 4116 914 4193; x_wconf 82' lang='lat' dir='ltr'>corporis</span> <span class='ocrx_word' id='word_1_428' title='bbox 939 4126 969 4175; x_wconf 89' lang='lat' dir='ltr'>et</span> <span class='ocrx_word' id='word_1_429' title='bbox 993 4115 1021 4174; x_wconf 92' lang='lat' dir='ltr'>in</span> <span class='ocrx_word' id='word_1_430' title='bbox 1046 4134 1081 4174; x_wconf 93' lang='lat' dir='ltr'>eo</span> <span class='ocrx_word' id='word_1_431' title='bbox 1105 4116 1220 4186; x_wconf 88' lang='lat' dir='ltr'>cordis,</span> <span class='ocrx_word' id='word_1_432' title='bbox 1248 4125 1323 4177; x_wconf 88' lang='lat' dir='ltr'>uta</span> <span class='ocrx_word' id='word_1_433' title='bbox 1352 4119 1451 4179; x_wconf 90' lang='lat' dir='ltr'>cordis</span> <span class='ocrx_word' id='word_1_434' title='bbox 1485 4122 1686 4184; x_wconf 84' lang='lat' dir='ltr'>recrementis</span> 
     </span>
     <span class='ocr_line' id='line_1_42' title="bbox 325 4203 1688 4288; baseline 0.001 -19"><span class='ocrx_word' id='word_1_435' title='bbox 325 4226 433 4288; x_wconf 90' lang='lat' dir='ltr'>corpus</span> <span class='ocrx_word' id='word_1_436' title='bbox 458 4207 626 4268; x_wconf 87' lang='lat' dir='ltr'>rectissime</span> <span class='ocrx_word' id='word_1_437' title='bbox 651 4211 848 4266; x_wconf 86' lang='lat' dir='ltr'>sustentetur.</span> <span class='ocrx_word' id='word_1_438' title='bbox 897 4204 975 4263; x_wconf 78' lang='lat' dir='ltr'>Nam</span> <span class='ocrx_word' id='word_1_439' title='bbox 999 4203 1055 4263; x_wconf 81' lang='lat' dir='ltr'>nisi</span> <span class='ocrx_word' id='word_1_440' title='bbox 1080 4214 1217 4264; x_wconf 91' lang='lat' dir='ltr'>naturam</span> <span class='ocrx_word' id='word_1_441' title='bbox 1246 4216 1367 4282; x_wconf 83' lang='lat' dir='ltr'>urgeret</span> <span class='ocrx_word' id='word_1_442' title='bbox 1397 4209 1570 4271; x_wconf 86' lang='lat' dir='ltr'>flammulae</span> <span class='ocrx_word' id='word_1_443' title='bbox 1594 4210 1688 4288; x_wconf 87' lang='lat' dir='ltr'>hujus</span> 
     </span>
     <span class='ocr_line' id='line_1_43' title="bbox 326 4292 1687 4378; baseline 0.004 -21"><span class='ocrx_word' id='word_1_444' title='bbox 326 4296 548 4357; x_wconf 85' lang='lat' dir='ltr'>conservandae</span> <span class='ocrx_word' id='word_1_445' title='bbox 573 4295 760 4362; x_wconf 87' lang='lat' dir='ltr'>necessitas,</span> <span class='ocrx_word' id='word_1_446' title='bbox 782 4300 902 4370; x_wconf 86' lang='lat' dir='ltr'>poterat</span> <span class='ocrx_word' id='word_1_447' title='bbox 932 4292 1026 4352; x_wconf 88' lang='lat' dir='ltr'>levius</span> <span class='ocrx_word' id='word_1_448' title='bbox 1050 4301 1082 4351; x_wconf 91' lang='lat' dir='ltr'>et</span> <span class='ocrx_word' id='word_1_449' title='bbox 1114 4292 1302 4371; x_wconf 87' lang='lat' dir='ltr'>tranquillius</span> <span class='ocrx_word' id='word_1_450' title='bbox 1330 4294 1471 4357; x_wconf 82' lang='lat' dir='ltr'>invehere</span> <span class='ocrx_word' id='word_1_451' title='bbox 1504 4299 1687 4378; x_wconf 76' lang='lat' dir='ltr'>sauguinem</span> 
     </span>
     <span class='ocr_line' id='line_1_44' title="bbox 326 4380 1686 4463; baseline 0.004 -18"><span class='ocrx_word' id='word_1_452' title='bbox 326 4383 356 4444; x_wconf 91' lang='lat' dir='ltr'>in</span> <span class='ocrx_word' id='word_1_453' title='bbox 380 4403 431 4445; x_wconf 90' lang='lat' dir='ltr'>cor</span> <span class='ocrx_word' id='word_1_454' title='bbox 456 4392 487 4443; x_wconf 89' lang='lat' dir='ltr'>et</span> <span class='ocrx_word' id='word_1_455' title='bbox 511 4383 549 4443; x_wconf 85' lang='lat' dir='ltr'>ab</span> <span class='ocrx_word' id='word_1_456' title='bbox 573 4383 677 4442; x_wconf 91' lang='lat' dir='ltr'>codem</span> <span class='ocrx_word' id='word_1_457' title='bbox 702 4381 878 4459; x_wconf 81' lang='lat' dir='ltr'>exprimere,</span> <span class='ocrx_word' id='word_1_458' title='bbox 903 4388 935 4440; x_wconf 95' lang='lat' dir='ltr'>ut</span> <span class='ocrx_word' id='word_1_459' title='bbox 959 4380 988 4440; x_wconf 90' lang='lat' dir='ltr'>in</span> <span class='ocrx_word' id='word_1_460' title='bbox 1013 4389 1110 4459; x_wconf 88' lang='lat' dir='ltr'>epate,</span> <span class='ocrx_word' id='word_1_461' title='bbox 1137 4400 1191 4441; x_wconf 91' lang='lat' dir='ltr'>uec</span> <span class='ocrx_word' id='word_1_462' title='bbox 1215 4392 1297 4443; x_wconf 91' lang='lat' dir='ltr'>motu</span> <span class='ocrx_word' id='word_1_463' title='bbox 1322 4385 1455 4463; x_wconf 81' lang='lat' dir='ltr'>systoles</span> <span class='ocrx_word' id='word_1_464' title='bbox 1479 4395 1511 4448; x_wconf 90' lang='lat' dir='ltr'>et</span> <span class='ocrx_word' id='word_1_465' title='bbox 1534 4387 1686 4450; x_wconf 65' lang='lat' dir='ltr'>diastolen</span> 
     </span>
     <span class='ocr_line' id='line_1_45' title="bbox 326 4469 1686 4551; baseline 0.005 -18"><span class='ocrx_word' id='word_1_466' title='bbox 326 4471 383 4533; x_wconf 82' lang='lat' dir='ltr'>tuit</span> <span class='ocrx_word' id='word_1_467' title='bbox 406 4491 490 4551; x_wconf 87' lang='lat' dir='ltr'>opus.</span> <span class='ocrx_word' id='word_1_468' title='bbox 539 4469 653 4531; x_wconf 80' lang='lat' dir='ltr'>Contra</span> <span class='ocrx_word' id='word_1_469' title='bbox 678 4470 703 4530; x_wconf 83' lang='lat' dir='ltr'>si</span> <span class='ocrx_word' id='word_1_470' title='bbox 728 4487 872 4548; x_wconf 86' lang='lat' dir='ltr'>quaeras,</span> <span class='ocrx_word' id='word_1_471' title='bbox 908 4487 1035 4547; x_wconf 89' lang='lat' dir='ltr'>quonam</span> <span class='ocrx_word' id='word_1_472' title='bbox 1061 4469 1147 4530; x_wconf 91' lang='lat' dir='ltr'>modo</span> <span class='ocrx_word' id='word_1_473' title='bbox 1172 4469 1248 4547; x_wconf 80' lang='lat' dir='ltr'>ignis</span> <span class='ocrx_word' id='word_1_474' title='bbox 1282 4472 1392 4551; x_wconf 84' lang='lat' dir='ltr'>aliquis</span> <span class='ocrx_word' id='word_1_475' title='bbox 1422 4492 1475 4535; x_wconf 91' lang='lat' dir='ltr'>seu</span> <span class='ocrx_word' id='word_1_476' title='bbox 1506 4476 1631 4538; x_wconf 84' lang='lat' dir='ltr'>flamma</span> <span class='ocrx_word' id='word_1_477' title='bbox 1654 4477 1686 4540; x_wconf 92' lang='lat' dir='ltr'>iu</span> 
     </span>
     <span class='ocr_line' id='line_1_46' title="bbox 326 4556 1687 4636; baseline 0.004 -16"><span class='ocrx_word' id='word_1_478' title='bbox 326 4561 429 4622; x_wconf 86' lang='lat' dir='ltr'>clauso</span> <span class='ocrx_word' id='word_1_479' title='bbox 453 4579 525 4620; x_wconf 88' lang='lat' dir='ltr'>vase</span> <span class='ocrx_word' id='word_1_480' title='bbox 549 4556 716 4619; x_wconf 86' lang='lat' dir='ltr'>rectissime</span> <span class='ocrx_word' id='word_1_481' title='bbox 741 4558 912 4618; x_wconf 87' lang='lat' dir='ltr'>conservari</span> <span class='ocrx_word' id='word_1_482' title='bbox 937 4557 1042 4636; x_wconf 87' lang='lat' dir='ltr'>possit.</span> <span class='ocrx_word' id='word_1_483' title='bbox 1076 4557 1163 4636; x_wconf 86' lang='lat' dir='ltr'>quale</span> <span class='ocrx_word' id='word_1_484' title='bbox 1187 4577 1238 4619; x_wconf 86' lang='lat' dir='ltr'>cor</span> <span class='ocrx_word' id='word_1_485' title='bbox 1262 4578 1330 4622; x_wconf 83' lang='lat' dir='ltr'>esse</span> <span class='ocrx_word' id='word_1_486' title='bbox 1362 4564 1567 4626; x_wconf 87' lang='lat' dir='ltr'>necessarium</span> <span class='ocrx_word' id='word_1_487' title='bbox 1591 4565 1687 4628; x_wconf 82' lang='lat' dir='ltr'>erat?</span> 
     </span>
     <span class='ocr_line' id='line_1_47' title="bbox 326 4646 1688 4734; baseline 0.004 -24"><span class='ocrx_word' id='word_1_488' title='bbox 326 4647 518 4729; x_wconf 78' lang='lat' dir='ltr'>Respondeo,</span> <span class='ocrx_word' id='word_1_489' title='bbox 544 4665 601 4706; x_wconf 92' lang='lat' dir='ltr'>nou</span> <span class='ocrx_word' id='word_1_490' title='bbox 626 4646 685 4706; x_wconf 93' lang='lat' dir='ltr'>alio</span> <span class='ocrx_word' id='word_1_491' title='bbox 710 4646 812 4717; x_wconf 91' lang='lat' dir='ltr'>modo,</span> <span class='ocrx_word' id='word_1_492' title='bbox 846 4664 935 4725; x_wconf 90' lang='lat' dir='ltr'>quarn</span> <span class='ocrx_word' id='word_1_493' title='bbox 959 4665 1016 4725; x_wconf 91' lang='lat' dir='ltr'>quo</span> <span class='ocrx_word' id='word_1_494' title='bbox 1040 4664 1091 4707; x_wconf 92' lang='lat' dir='ltr'>cor</span> <span class='ocrx_word' id='word_1_495' title='bbox 1113 4655 1145 4706; x_wconf 88' lang='lat' dir='ltr'>et</span> <span class='ocrx_word' id='word_1_496' title='bbox 1176 4648 1394 4712; x_wconf 87' lang='lat' dir='ltr'>conformatum</span> <span class='ocrx_word' id='word_1_497' title='bbox 1419 4660 1524 4715; x_wconf 88' lang='lat' dir='ltr'>estet</span> <span class='ocrx_word' id='word_1_498' title='bbox 1548 4655 1688 4734; x_wconf 88' lang='lat' dir='ltr'>aperitur</span> 
     </span>
     <span class='ocr_line' id='line_1_48' title="bbox 326 4732 1688 4822; baseline 0.005 -26"><span class='ocrx_word' id='word_1_499' title='bbox 326 4747 418 4816; x_wconf 82' lang='lat' dir='ltr'>atque</span> <span class='ocrx_word' id='word_1_500' title='bbox 442 4735 601 4797; x_wconf 86' lang='lat' dir='ltr'>clauditur.</span> <span class='ocrx_word' id='word_1_501' title='bbox 641 4732 742 4803; x_wconf 86' lang='lat' dir='ltr'>Quare</span> <span class='ocrx_word' id='word_1_502' title='bbox 767 4752 824 4794; x_wconf 92' lang='lat' dir='ltr'>nou</span> <span class='ocrx_word' id='word_1_503' title='bbox 849 4735 962 4804; x_wconf 80' lang='lat' dir='ltr'>dubito,</span> <span class='ocrx_word' id='word_1_504' title='bbox 987 4735 1055 4813; x_wconf 92' lang='lat' dir='ltr'>quin</span> <span class='ocrx_word' id='word_1_505' title='bbox 1072 4735 1148 4795; x_wconf 88' lang='lat' dir='ltr'>hanc</span> <span class='ocrx_word' id='word_1_506' title='bbox 1172 4735 1300 4797; x_wconf 84' lang='lat' dir='ltr'>luculum</span> <span class='ocrx_word' id='word_1_507' title='bbox 1324 4740 1420 4801; x_wconf 92' lang='lat' dir='ltr'>oculis</span> <span class='ocrx_word' id='word_1_508' title='bbox 1444 4760 1564 4822; x_wconf 87' lang='lat' dir='ltr'>quoque</span> <span class='ocrx_word' id='word_1_509' title='bbox 1589 4745 1688 4805; x_wconf 88' lang='lat' dir='ltr'>simus</span> 
     </span>
     <span class='ocr_line' id='line_1_49' title="bbox 328 4823 1687 4902; baseline 0.006 -18"><span class='ocrx_word' id='word_1_510' title='bbox 328 4825 499 4902; x_wconf 81' lang='lat' dir='ltr'>excepturi;</span> <span class='ocrx_word' id='word_1_511' title='bbox 533 4823 556 4882; x_wconf 73' lang='lat' dir='ltr'>si</span> <span class='ocrx_word' id='word_1_512' title='bbox 582 4823 666 4882; x_wconf 87' lang='lat' dir='ltr'>nobis</span> <span class='ocrx_word' id='word_1_513' title='bbox 701 4823 856 4899; x_wconf 75' lang='lat' dir='ltr'>contingat</span> <span class='ocrx_word' id='word_1_514' title='bbox 889 4823 1012 4882; x_wconf 86' lang='lat' dir='ltr'>exclusa</span> <span class='ocrx_word' id='word_1_515' title='bbox 1044 4824 1102 4883; x_wconf 88' lang='lat' dir='ltr'>diei</span> <span class='ocrx_word' id='word_1_516' title='bbox 1128 4824 1191 4884; x_wconf 89' lang='lat' dir='ltr'>lucc</span> <span class='ocrx_word' id='word_1_517' title='bbox 1217 4825 1244 4884; x_wconf 92' lang='lat' dir='ltr'>in</span> <span class='ocrx_word' id='word_1_518' title='bbox 1270 4827 1369 4889; x_wconf 90' lang='lat' dir='ltr'>cordis</span> <span class='ocrx_word' id='word_1_519' title='bbox 1404 4830 1541 4892; x_wconf 85' lang='lat' dir='ltr'>latebras</span> <span class='ocrx_word' id='word_1_520' title='bbox 1576 4833 1687 4894; x_wconf 80' lang='lat' dir='ltr'>illaesa</span> 
     </span>
     <span class='ocr_line' id='line_1_50' title="bbox 329 4910 1686 4994; baseline 0.01 -22"><span class='ocrx_word' id='word_1_521' title='bbox 329 4911 451 4972; x_wconf 79' lang='lat' dir='ltr'>flamma</span> <span class='ocrx_word' id='word_1_522' title='bbox 478 4912 534 4971; x_wconf 85' lang='lat' dir='ltr'>lrac</span> <span class='ocrx_word' id='word_1_523' title='bbox 567 4911 771 4988; x_wconf 86' lang='lat' dir='ltr'>introspicere.</span> <span class='ocrx_word' id='word_1_524' title='bbox 820 4911 867 4970; x_wconf 93' lang='lat' dir='ltr'>lta</span> <span class='ocrx_word' id='word_1_525' title='bbox 890 4911 972 4970; x_wconf 89' lang='lat' dir='ltr'>calor</span> <span class='ocrx_word' id='word_1_526' title='bbox 995 4910 1134 4972; x_wconf 89' lang='lat' dir='ltr'>animalis</span> <span class='ocrx_word' id='word_1_527' title='bbox 1158 4932 1177 4973; x_wconf 90' lang='lat' dir='ltr'>a</span> <span class='ocrx_word' id='word_1_528' title='bbox 1200 4913 1266 4974; x_wconf 85' lang='lat' dir='ltr'>luce</span> <span class='ocrx_word' id='word_1_529' title='bbox 1289 4914 1451 4994; x_wconf 87' lang='lat' dir='ltr'>dependet.</span> <span class='ocrx_word' id='word_1_530' title='bbox 1490 4919 1534 4981; x_wconf 71' lang='lat' dir='ltr'>Ut</span> <span class='ocrx_word' id='word_1_531' title='bbox 1553 4933 1686 4992; x_wconf 81' lang='lat' dir='ltr'>taceam,</span> 
     </span>
     <span class='ocr_line' id='line_1_51' title="bbox 329 4997 1686 5079; baseline 0.011 -19"><span class='ocrx_word' id='word_1_532' title='bbox 329 4999 406 5079; x_wconf 88' lang='lat' dir='ltr'>quod</span> <span class='ocrx_word' id='word_1_533' title='bbox 430 4999 559 5062; x_wconf 77' lang='lat' dir='ltr'>animam</span> <span class='ocrx_word' id='word_1_534' title='bbox 581 5017 636 5078; x_wconf 87' lang='lat' dir='ltr'>por</span> <span class='ocrx_word' id='word_1_535' title='bbox 658 5015 690 5059; x_wconf 84' lang='lat' dir='ltr'>se</span> <span class='ocrx_word' id='word_1_536' title='bbox 724 4997 902 5058; x_wconf 75' lang='lat' dir='ltr'>invisibilem</span> <span class='ocrx_word' id='word_1_537' title='bbox 933 4998 989 5058; x_wconf 87' lang='lat' dir='ltr'>luci</span> <span class='ocrx_word' id='word_1_538' title='bbox 1021 5009 1180 5078; x_wconf 81' lang='lat' dir='ltr'>cognatam</span> <span class='ocrx_word' id='word_1_539' title='bbox 1213 5004 1376 5067; x_wconf 82' lang='lat' dir='ltr'>essentiam</span> <span class='ocrx_word' id='word_1_540' title='bbox 1405 5006 1519 5070; x_wconf 84' lang='lat' dir='ltr'>habere</span> <span class='ocrx_word' id='word_1_541' title='bbox 1552 5029 1686 5075; x_wconf 80' lang='lat' dir='ltr'>cousen-</span> 
     </span>
    </p>
   </div>
   <div class='ocr_carea' id='block_1_3' title="bbox 0 0 1852 5842">
    <p class='ocr_par' dir='ltr' id='par_1_4' title="bbox 0 0 1852 5842">
     <span class='ocr_line' id='line_1_52' title="bbox 0 0 1852 5842; baseline 0 0"><span class='ocrx_word' id='word_1_542' title='bbox 0 0 1852 5842; x_wconf 95' lang='lat' dir='ltr'> </span> 
     </span>
    </p>
   </div>
  </div>
 </body>
</html>
