3692 5842
760 439 841 505 capue
862 441 893 488 v.
914 440 939 491 1.
1162 470 1171 495 .
1460 446 1521 516 231

167 614 313 678 tunicam.
359 612 442 676 Nam
465 632 524 694 qua
547 616 703 678 choroides
739 618 928 720 appellatur,
963 620 1105 681 adhaesit
1136 621 1217 682 fibris
1241 622 1355 701 passim
1379 625 1524 705 dispersis

165 702 306 776 sclerodi‚
332 701 487 782 eidemque
511 705 621 766 circulo
645 695 845 780 connascitur,
871 727 929 785 qna
953 709 1136 770 seler'odes
1128 730 1157 770 rn
1184 729 1324 773 corneam
1349 713 1423 777 abit.
1449 717 1524 778 lnde

165 811 237 853 vero
261 800 371 852 exorta
391 798 478 874 pvea,
499 793 564 871 jaru
588 813 645 853 non
670 795 860 856 connascitur
884 797 1021 857 residuae
1037 798 1115 877 parti
1132 800 1286 872 sclerodis,
1313 820 1388 879 quae
1413 822 1523 866 cornea

165 880 285 953 dicitur,
311 880 366 941 sed
390 869 428 942 ab
452 900 489 941 ea
512 900 617 944 versus
643 882 787 944 interiore
802 885 878 945 oculi
900 886 1046 964 devergit,
1070 887 1185 947 hiatum
1210 889 1350 966 oppleute
1374 890 1524 954 humore

165 988 292 1050 aqueo.
332 967 467 1071 Cumque
492 971 645 1033 sclerodes
669 991 734 1032 eum
758 993 813 1034 sua
837 993 946 1033 cornea
970 976 1201 1036 constituissent
1216 976 1364 1054 integram
1381 980 1522 1056 tunicam,

165 1057 274 1120 haec
260 1077 326 1136 Jarn
351 1078 429 1119 uvea
459 1058 488 1119 in
522 1060 620 1121 medio
653 1069 701 1120 est
728 1062 901 1139 perforata,
936 1063 1057 1123 humore
1090 1083 1185 1143 aqueo
1220 1065 1353 1126 foramen
1382 1069 1524 1146 opplente

164 1147 353 1225 eandemque
377 1147 458 1208 intus
483 1148 574 1209 etiam
599 1149 747 1210 alluente:
773 1151 906 1228 adeoque
932 1160 998 1212 tota
1014 1153 1087 1212 haec
1103 1172 1183 1231 pars,
1209 1172 1284 1231 quae
1309 1174 1386 1214 uvea
1405 1156 1521 1231 dicitur,

165 1238 194 1298 in
218 1235 345 1297 humore
370 1256 464 1316 aquen
489 1236 620 1312 innatat,
655 1239 719 1298 solo
745 1258 779 1298 eo
804 1239 914 1299 circulo
940 1249 1081 1317 excepto,
1118 1260 1174 1320 quo
1199 1241 1333 1303 dixeram
1358 1244 1522 1306 revinctam

165 1343 234 1387 esse
265 1324 304 1385 ad
338 1325 494 1386 sclerodeu
533 1335 564 1387 et
595 1336 713 1405 partem
749 1346 833 1388 suam
861 1329 1073 1406 posteriorem,
1110 1348 1185 1408 quae
1215 1330 1370 1392 ehoroides
1405 1333 1522 1395 dicitur.

163 1415 241 1476 Pars
266 1412 425 1498 choroides
449 1414 529 1475 intus
544 1414 784 1493 nigratraditur‚
808 1435 865 1476 nou
890 1425 989 1477 tamen
1015 1418 1058 1477 ita
1073 1418 1167 1496 nigra,
1194 1428 1227 1478 ut
1242 1438 1327 1491 uvea,
1353 1420 1407 1481 sed
1428 1421 1523 1501 magis

163 1501 325 1565 caerulea:
358 1521 429 1582 pars
452 1522 530 1564 uvea
562 1504 641 1565 intus
675 1523 784 1582 aspera
808 1512 839 1564 et
863 1505 1035 1584 nigerrima,
1067 1506 1155 1580 foris,
1184 1527 1244 1587 qua
1267 1509 1361 1567 solem
1386 1510 1413 1569 iu
1439 1510 1523 1571 oeulo

163 1591 278 1653 dictum
302 1609 357 1669 per
380 1609 517 1652 corneam
542 1594 776 1653 translucentem
799 1603 1019 1673 repraesentat,
1045 1595 1139 1654 laevis
1164 1604 1195 1655 et
1219 1616 1277 1656 uua
1292 1615 1358 1657 cum
1373 1598 1523 1660 chornidis

163 1679 308 1741 exteriori
332 1679 487 1758 superficie
512 1681 660 1742 variorum
685 1682 816 1743 colorum
841 1692 897 1755 est,
919 1683 984 1760 jam
1009 1684 1102 1756 fusca,
1124 1684 1188 1762 jam
1213 1685 1323 1758 caesia,
1345 1687 1409 1764 jam
1429 1688 1521 1761 fulva,

158 1771 223 1848 jam
249 1768 419 1847 splendida.
466 1770 516 1829 Ita
540 1770 633 1831 latum
657 1771 798 1831 circulum
832 1780 1064 1850 repraesentans
1099 1773 1142 1843 (in
1167 1773 1250 1850 cujus
1282 1775 1379 1834 medio
1404 1776 1523 1854 nigrum

163 1857 242 1919 oculi
266 1877 320 1918 seu
345 1857 494 1930 foramen)
520 1858 598 1919 iris
622 1859 704 1920 dicta
728 1868 784 1920 est.
823 1861 918 1940 Hujus
944 1861 1059 1933 attritu,
1085 1880 1151 1921 cum
1176 1862 1270 1921 laevis
1294 1862 1336 1922 sit
1359 1873 1390 1924 et
1413 1864 1520 1942 rigida,

162 1947 305 2008 videntur
328 1946 454 2007 excitari
478 1946 710 2008 scintillationes
737 1948 816 2023 illae,
851 1968 924 2029 quas
955 1948 1103 2009 interdum
1135 1950 1314 2028 percipimus
1346 1951 1374 2010 in
1404 1953 1520 2013 oculis:

162 2036 255 2115 plane
279 2042 313 2095 ut
337 2035 438 2095 felium
462 2035 579 2096 hirsuta
611 2045 699 2116 terga
731 2046 819 2117 atque
858 2039 947 2099 etiem
985 2038 1135 2098 homiuum
1173 2038 1273 2117 capilli
1307 2058 1412 2101 recens
1445 2039 1521 2101 secti

164 2123 264 2185 attriti
288 2122 465 2184 scintillant.
513 2125 547 2184 ln
571 2124 645 2203 ipsis
669 2145 740 2186 vero
765 2128 936 2188 humoribus
970 2127 1068 2187 lumen
1097 2127 1197 2186 inesse
1228 2146 1284 2188 nou
1313 2134 1431 2206 potest,
1464 2128 1522 2190 nisi

163 2212 254 2275 simul
277 2211 354 2272 visio
379 2211 509 2274 vitietur.

256 2298 342 2371 Quae
366 2302 490 2361 veroin
515 2302 616 2363 lelium
640 2303 733 2363 oculis
758 2305 931 2364 constantia
958 2312 1029 2364 sunt
1060 2304 1184 2376 lumina,
1215 2324 1271 2364 non
1306 2312 1341 2365 ut
1368 2303 1520 2365 scintilla-

164 2392 265 2454 tiones
289 2389 477 2460 trausitoria,
495 2390 652 2452 Jessenius
677 2392 831 2453 existimat
855 2393 883 2452 iu
910 2394 966 2454 hac
991 2393 1063 2454 iride
1087 2393 1192 2454 itidem
1217 2393 1357 2454 residere.

254 2478 361 2540 Tertia
391 2479 477 2558 quasi
510 2478 611 2540 tunica
634 2502 652 2539 a
676 2500 766 2542 nervo
800 2501 867 2540 sese
898 2481 927 2541 iu
957 2501 1062 2543 cavum
1090 2482 1340 2559 hemisphaerium
1373 2481 1521 2543 dilatante

164 2578 244 2642 orta;
269 2568 327 2629 reti
351 2568 381 2628 in
406 2586 526 2628 saccum
550 2568 700 2630 desinenti
724 2589 776 2629 seu
801 2571 898 2648 magis
923 2571 1109 2632 infundibulo
1133 2571 1330 2638 assimilatur,
1365 2589 1422 2631 uon
1448 2570 1521 2631 snb-

165 2656 299 2721 stantiae
324 2657 379 2716 sed
403 2656 515 2734 figurae
539 2658 766 2729 conformitate,
797 2666 830 2719 ut
853 2659 976 2720 Platero
1009 2661 1126 2737 placet:
1160 2660 1237 2719 uude
1271 2677 1377 2719 nomen
1411 2658 1522 2719 reti·

164 2744 316 2809 formis
343 2744 470 2823 accepit.
510 2746 652 2806 Traditur
675 2747 876 2808 substantiam
900 2757 1129 2826 repraesentare
1150 2748 1273 2821 cerebri,
1300 2747 1397 2826 magis
1422 2750 1522 2808 tamen

165 2854 320 2898 mucosam
346 2842 378 2894 et
400 2834 554 2895 subrufam
579 2836 821 2906 (subcaeruleam
846 2837 1036 2908 aJesseuio)
1062 2855 1144 2909 esse;
1170 2837 1247 2896 unde
1271 2836 1397 2914 colligis,
1422 2836 1523 2914 potis-

164 2925 272 2985 simum
297 2923 400 2984 elbam
424 2922 549 2984 dilutam
574 2924 667 2985 videri
701 2926 813 2985 sull'uso
847 2925 953 2986 rubore
982 2926 1030 2986 vel
1061 2926 1191 2985 caerulo.
1238 2925 1395 2986 Jessenius
1430 2925 1522 2986 etiam

165 3012 334 3075 subdividit
357 3012 434 3071 hanc
457 3012 487 3072 iu
511 3012 594 3072 uervi
618 3013 820 3074 substantium
845 3023 876 3075 et
900 3015 1027 3076 tunicas.

252 3101 362 3163 Hicin
388 3100 509 3161 diversa
532 3120 597 3161 curu
622 3101 788 3163 Vitellione
812 3102 969 3163 Jessenius
993 3112 1024 3163 et
1047 3103 1187 3163 Platerus
1212 3100 1332 3161 abeunt.
1366 3099 1523 3162 Jessenius

144 3199 203 3254 'ex
227 3190 396 3251 Vitellione
421 3190 604 3250 retilormem
629 3191 687 3264 ait,
714 3191 763 3251 ubi
787 3192 915 3252 vitreum
938 3193 1091 3252 humorem
1115 3200 1163 3250 est
1182 3190 1355 3268 complexa,
1379 3208 1523 3267 progres-

164 3300 230 3343 sam
259 3280 290 3340 in
320 3277 490 3359 crystallini
519 3278 664 3353 humoris,
691 3280 739 3358 qui
768 3280 921 3340 humorum
953 3288 1001 3341 est
1033 3279 1162 3352 medius,
1193 3280 1353 3338 maximum
1382 3277 1524 3340 circulum
1566 3341 1571 3352 ,

167 3369 277 3431 inseri:
304 3367 427 3445 fierique
451 3366 538 3443 hujus
559 3367 719 3441 beneficio,
745 3376 778 3427 ut
797 3370 989 3449 crystallinus
1013 3369 1128 3429 medius
1148 3367 1177 3427 iu
1201 3367 1295 3427 vitreo
1311 3367 1522 3427 constituatur.

165 3459 307 3520 Platerns
333 3455 433 3527 aliter,
459 3456 514 3515 sub
538 3475 574 3515 eo
598 3457 707 3517 circulo
733 3458 898 3535 superficiei
923 3477 1025 3524 cavae,
1051 3476 1108 3535 quo
1132 3455 1241 3515 circulo
1266 3455 1398 3515 secunda
1421 3455 1540 3514 tunica·

165 3547 280 3628 primae
306 3544 438 3606 nectitur
461 3553 493 3604 et
517 3563 593 3604 uvea
616 3546 673 3606 dici
699 3546 811 3623 incipit,
838 3566 874 3606 ex
898 3565 975 3607 uvea
990 3564 1105 3622 nempe,
1130 3543 1249 3603 minime
1273 3562 1343 3601 vero
1369 3562 1405 3602 ex
1425 3542 1524 3602 retina

166 3637 235 3697 oriri
265 3652 430 3716 processus
462 3634 607 3712 quosdam
639 3635 844 3708 circumcirca,
881 3635 929 3714 qui
959 3656 977 3694 a
1006 3632 1198 3693 similitudine
1232 3631 1351 3691 eiliares
1385 3630 1522 3691 dicantur

166 3725 253 3806 inque
289 3722 433 3783 circulum
465 3722 625 3784 maximum
660 3724 827 3804 crystallini
860 3723 1015 3794 desinant,
1055 3723 1155 3800 itaque
1190 3719 1396 3799 crystallinum
1429 3737 1522 3779 uveao

167 3833 223 3876 nou
247 3810 398 3874 retilormi
428 3820 628 3872 connectant:
663 3832 822 3891 processus
855 3812 922 3873 illos
957 3812 1057 3890 nigros
1089 3820 1120 3870 et
1151 3808 1329 3887 pectinatim
1362 3807 1522 3868 distinctos

166 3922 244 3965 esse.
283 3899 427 3961 Retinam
452 3918 522 3961 vero
547 3900 625 3960 inlra
648 3901 703 3961 hos
727 3901 845 3962 cilinres
870 3920 1028 3979 processus
1053 3898 1199 3971 desinere,
1226 3917 1319 3977 neque
1338 3897 1427 3976 plane
1448 3915 1522 3957 eon-

168 3999 273 4052 natam
297 3989 346 4049 vel
371 3989 504 4049 choroidi
530 3990 578 4050 vel
602 3990 697 4051 vitreo
721 3990 845 4064 humori,
871 4009 957 4068 quem
982 3987 1204 4067 complectitur,
1229 3988 1277 4046 vel
1297 3986 1343 4045 his
1368 3985 1522 4046 ciliaribus

165 4078 379 4160 processibus:
405 4078 481 4138 adeo
506 4079 634 4157 quidem,
660 4087 692 4139 ut
707 4080 800 4139 effuso
825 4079 920 4139 vitreo
942 4079 1040 4180 (eujus
1065 4078 1157 4137 solius
1182 4076 1310 4136 iularctu
1335 4074 1521 4135 retinacho-

166 4169 281 4230 roidem
300 4167 448 4242 attingat)
473 4167 572 4227 retina
587 4168 754 4239 convoluta,
782 4168 916 4268 nuspiam
942 4168 997 4227 nisi
1013 4186 1065 4226 suo
1083 4185 1172 4225 nervo
1189 4165 1396 4224 adhaerescat
1421 4160 1522 4238 Magis

165 4257 319 4321 assentior
351 4256 489 4327 Platero‚
529 4263 561 4316 ut
594 4257 642 4336 qui
681 4255 851 4317 distinctius
893 4255 984 4316 etiam
1022 4255 1081 4315 ista
1116 4253 1249 4314 tradidit.
1296 4252 1337 4311 Et
1366 4248 1522 4310 Jessenius

166 4347 230 4426 ipse
268 4346 328 4406 huc
365 4344 535 4405 inclinat
528 4364 556 4405 m
596 4351 745 4422 διυτιραις
782 4366 938 4422 qporuorr.
998 4344 1078 4404 Nam
1116 4350 1258 4420 quantum
1296 4347 1435 4417 apparet,
1462 4335 1521 4396 Vi-

166 4436 249 4498 tellio
273 4433 406 4494 visibilia
429 4434 629 4512 cognoscendi
664 4434 838 4495 facultatem
866 4433 1042 4513 crystallino
1073 4429 1186 4491 humori
1210 4426 1399 4488 transcribit.
1430 4442 1521 4506 quare

167 4532 369 4587 commeatum
406 4522 474 4583 huic
517 4523 654 4583 facultati
645 4522 848 4602 rquaesivit
884 4542 921 4582 ex
958 4539 1049 4582 nervo
1088 4518 1150 4591 (vel
1190 4517 1289 4577 retina
1326 4514 1407 4577 nervi
1449 4532 1521 4594 pro-

165 4610 328 4695 pagine)
318 4630 350 4672 m
364 4612 572 4713 crystallinum
596 4630 650 4688 per
672 4612 727 4671 hos
747 4611 866 4671 eiliares
884 4628 1054 4711 processus
1079 4608 1218 4666 Platerus
1236 4623 1306 4665 vero
1322 4601 1522 4683 cognoscendi

167 4700 380 4766 facultatem
372 4720 401 4760 m
426 4701 523 4761 retina
546 4700 695 4778 relinquit,
723 4700 800 4778 quod
824 4699 921 4776 magis
946 4705 995 4758 est
1018 4714 1087 4755 vero
1112 4701 1363 4754 consentaneum:
1388 4691 1520 4773 crystal-

167 4792 259 4853 linum
282 4789 408 4851 veroin
432 4788 697 4849 instrumentorum
721 4806 811 4848 censu
835 4787 943 4861 habet,
969 4786 1005 4845 de
1030 4801 1087 4861 quo
1111 4782 1199 4842 iufra
1246 4781 1305 4841 Pro
1329 4787 1442 4859 quoet
1429 4780 1521 4840 thoc

166 4880 294 4953 militat,
326 4878 405 4959 quod
428 4878 548 4939 ciliares
572 4896 746 4957 processus,
775 4876 881 4956 quibus
905 4870 1074 4956 crystallini
1097 4869 1224 4930 circulus
1248 4868 1395 4929 maximus
1419 4866 1520 4928 revin-

166 4970 255 5042 citur,
279 4968 400 5049 nigrore
424 4986 477 5030 sno
500 4986 560 5028 non
583 4965 711 5027 retinam
734 4964 789 5025 sed
813 4982 919 5025 uveam
942 4965 1182 5042 repraesentant.
