3692 5842
240 484 306 551 708
720 481 759 530 De
778 479 857 530 Stella
874 476 1116 541 KaraSaepeatarii

166 677 173 686 “
243 666 273 728 in
292 660 523 744 praesupposito
543 657 594 732 sit,
618 667 715 721 totum
733 658 811 719 lrunc
832 656 972 718 mundum
991 654 1093 716 divina
1108 654 1300 733 prouidentia
1316 653 1479 728 continui,
1503 673 1598 735 neque

240 762 358 817 tantum
383 761 511 812 naturae
534 748 668 809 ordinem
691 746 879 820 conservari,
911 744 1079 807 sedetiam
1101 745 1248 806 miracula
1273 744 1458 827 quaudoque
1478 755 1600 824 praeter

240 851 365 905 naturae
389 858 507 900 cursum
532 835 626 900 Coelo
649 838 801 916 Terraque
823 835 886 896 lieri
910 837 1048 916 (quorum
1071 853 1089 893 e
1110 852 1234 895 numero
1256 836 1351 896 efis-
1373 833 1455 894 haue
1478 833 1600 894 stellata

241 932 388 1003 bahent),
421 927 524 988 divina
553 925 690 987 bonitate
725 925 860 986 homines
892 925 932 985 ad
961 923 1177 1002 poenitentiam
1207 933 1356 996 s·oeaute;
1390 921 1454 983 etsi
1483 921 1601 1002 quiden

242 1020 463 1097 astrologorum
482 1015 609 1093 primam
628 1015 709 1075 illam
725 1013 916 1086 seutentiam,
939 1012 1050 1092 partim
1071 1021 1106 1074 ut
1119 1011 1240 1078 nudam.
1257 1013 1397 1092 jejuna·
1426 1019 1460 1071 et
1479 1011 1601 1072 nimium

244 1108 411 1188 simplicem
443 1113 651 1177 contemnunt,
682 1104 791 1183 partim
820 1121 892 1162 vero
915 1113 949 1162 et
970 1101 1136 1181 impietatis
1164 1111 1340 1181 suspectam
1372 1100 1515 1162 bahent:
1547 1119 1601 1161 unu

245 1209 344 1260 tanren
369 1202 496 1272 negant,
524 1192 595 1272 quin
618 1192 656 1252 ob
680 1193 736 1253 has
759 1193 843 1271 ipsas
871 1191 1090 1270 astrologorum
1112 1191 1234 1270 regulas
1261 1209 1372 1252 norum
1395 1189 1455 1252 boc
1484 1189 1602 1250 divinae

241 1283 477 1365 omnipotentiae
509 1282 683 1342 miraculum
708 1289 739 1341 et
766 1281 796 1341 in
829 1289 949 1360 tempus
975 1289 1008 1341 et
1030 1280 1060 1342 in
1092 1279 1190 1340 locmn
1217 1279 1445 1359 conjunctionis
1476 1297 1602 1358 maguae

243 1375 346 1437 divina
373 1370 571 1450 dispositione
604 1370 693 1430 luerit
724 1370 915 1431 collocatum.
960 1369 1029 1432 Non
1056 1368 1136 1450 quod
1159 1388 1197 1429 ex
1225 1368 1422 1448 dogmatibus
1452 1368 1603 1428 baninu

242 1464 329 1525 ranis
358 1463 395 1522 de
428 1458 605 1539 triplicitate
639 1456 727 1536 ignea
757 1467 897 1519 naturam
926 1457 978 1518 ille
1007 1458 1221 1530 transformet,
1251 1469 1284 1518 et
1311 1455 1512 1536 Sagittarius
1538 1457 1603 1518 ideo

243 1553 364 1633 igneam
392 1570 411 1609 a
434 1548 500 1609 Deo
532 1547 710 1625 qualitatem
742 1547 887 1627 accipiat,
919 1546 990 1627 quia
1020 1546 1187 1608 bominibus
1217 1546 1333 1627 placuit
1362 1565 1436 1607 eum
1464 1546 1508 1607 ab
1539 1546 1603 1624 igue

247 1639 459 1708 denominare;
487 1637 540 1697 sed
565 1635 717 1715 quianon
742 1636 904 1697 absurdum
932 1634 1120 1710 existimant,
1143 1634 1241 1697 Deuru
1269 1636 1456 1714 temporario
1480 1635 1603 1698 condito

246 1730 290 1791 uti
314 1726 510 1805 conceptibus
534 1724 684 1786 bominum
712 1725 920 1805 popularibus,
946 1724 985 1784 ad
1007 1724 1227 1786 multitudinem
1254 1724 1411 1786 hominnm
1433 1743 1494 1804 per
1517 1725 1603 1786 istan

246 1817 393 1879 rationem
418 1823 505 1875 tanto
529 1814 698 1876 evidentius
720 1813 1056 1875 commonefaciendum.
1101 1812 1250 1894 Exempla
1272 1811 1360 1874 nobis
1378 1814 1444 1875 ista
1469 1825 1603 1874 statuunt

246 1907 286 1968 oh
299 1904 414 1967 oculos.
452 1903 571 1966 Pharao
584 1902 653 1964 Rex
668 1903 802 1985 Aegypti
821 1903 1036 1964 consuetudine
1054 1903 1187 1964 nationis
1202 1902 1323 1964 deditus
1336 1913 1407 1966 erat
1422 1904 1604 1964 somniorum

246 1992 565 2074 interpretationibus:
604 1990 631 2052 ei
661 1993 745 2054 Deus
781 1991 894 2071 objecit
930 1992 1096 2066 somnium,
1133 2009 1199 2053 cunr
1226 1990 1356 2070 Josepbi
1393 1992 1605 2054 liberationem

246 2081 455 2160 ecclesiaeque
479 2081 741 2161 propagationem·
751 2089 784 2141 et
807 2080 1042 2159 hospitationem
1060 2081 1090 2142 in
1104 2082 1246 2163 Aegypto
1269 2082 1439 2144 moliretur.
1473 2079 1605 2162 Cumque

245 2170 392 2254 Aegyptii
410 2171 507 2232 Deum
526 2169 608 2250 Apin
632 2169 776 2239 colerent.
799 2170 906 2231 bovem
930 2189 1046 2250 nempe,
1071 2171 1150 2250 quod
1167 2181 1288 2233 ceterae
1311 2181 1423 2249 gentes
1446 2171 1549 2232 bobus
1571 2171 1605 2232 ad

248 2261 393 2323 arandum
407 2267 573 2333 uterentur,
597 2259 673 2338 ipsis
688 2259 765 2320 citra
779 2258 927 2320 arationis
950 2258 1084 2320 lahorem
1103 2269 1187 2320 esset
1207 2269 1402 2340 prospectum
1422 2260 1463 2320 de
1478 2279 1605 2332 annona,

243 2350 316 2413 Nilo
340 2366 431 2426 agros
458 2348 591 2428 ipsorum
619 2348 784 2427 irrigante:
815 2347 872 2408 bac
901 2367 973 2409 usus
996 2347 1080 2409 Dens
1102 2347 1198 2426 Regis
1226 2367 1280 2410 seu
1309 2349 1535 2429 imaginatione
1558 2370 1606 2410 seu

246 2438 390 2509 scientia,
422 2445 539 2516 septem
569 2456 706 2498 annonas
737 2436 862 2497 totidem
887 2436 976 2497 bourn
999 2436 1101 2516 specie
1133 2437 1253 2516 objecta
1274 2438 1333 2517 ipsi
1355 2438 1513 2519 depinxit.
1559 2437 1606 2501 Sic

246 2526 526 2592 Nabuchodonosor
553 2524 623 2587 Rex
650 2524 871 2588 Chaldaeorum
902 2537 1067 2605 occupatus
1097 2526 1125 2587 in
1154 2535 1259 2588 statua
1280 2527 1385 2602 Betis,
1417 2527 1471 2607 qui
1505 2539 1606 2589 auctor

247 2625 315 2678 erat
337 2615 423 2696 regui
445 2614 602 2697 Assyriaci
627 2615 819 2693 ejusdemque
842 2625 1039 2676 conservator
1061 2614 1248 2690 credebatur,
1272 2636 1327 2696 per
1344 2617 1503 2680 somnium
1528 2617 1605 2678 sidet

246 2714 383 2770 statuam
413 2706 579 2766 luturomm
613 2704 826 2782 interpretem,
858 2703 1005 2764 divinitus
1037 2703 1093 2783 ipsi
1125 2704 1260 2767 oblatam
1292 2706 1425 2768 Daniele
1459 2708 1607 2790 propbeta

247 2795 429 2856 affirmante.
460 2794 646 2866 Abrabam,
667 2793 705 2853 ad
720 2812 808 2872 quem
823 2793 1027 2854 astronomiae
1045 2793 1193 2873 principia
1210 2795 1353 2869 referunt,
1370 2796 1458 2858 Dens
1473 2797 1606 2858 ostendit

248 2884 366 2952 stellas,
391 2882 551 2944 edocturus
575 2882 672 2964 ipsum
696 2882 734 2942 de
752 2880 1002 2961 multiplicatione
1024 2881 1216 2962 posteritatis
1230 2904 1314 2946 suae.
1352 2885 1441 2963 Magi
1457 2883 1606 2948 Chaldaei

248 2971 444 3049 astrologiam
467 2972 632 3043 coluerunt,
657 2970 739 3031 soliti
753 2989 790 3031 ex
805 2989 950 3030 concursu
973 2969 1105 3033 siderum
1119 2981 1152 3033 et
1166 2974 1291 3035 cometis
1314 2974 1490 3036 orientibus
1510 2977 1607 3036 lutura

247 3060 426 3138 conjectare.
473 3060 538 3119 llos
562 3059 646 3120 Deus
679 3060 717 3120 ad
749 3057 903 3122 Christum
937 3058 1097 3121 Dominum
1128 3061 1326 3140 perducturus
1354 3063 1487 3125 incensa
1520 3065 1606 3125 stella

248 3151 401 3211 admonet.
447 3148 489 3208 Et
518 3158 648 3226 arguunt
678 3148 922 3210 circumstantiae
955 3150 1018 3209 lere
1050 3169 1170 3224 omum,
1201 3154 1353 3228 negotium
1383 3153 1468 3213 illius
1501 3155 1604 3214 stellae

248 3238 431 3299 simillimum
456 3236 549 3298 luisse
572 3238 729 3310 moderno,
756 3237 859 3298 demta
883 3238 991 3298 stellae
1014 3238 1103 3317 hujus
1130 3239 1341 3302 immobilitate
1365 3253 1399 3301 et
1423 3241 1603 3304 altitudine:

248 3326 384 3388 nimirum
408 3336 440 3386 et
463 3326 559 3405 ipsam
585 3327 612 3386 in
638 3327 795 3388 articulum
822 3328 979 3388 revolutae
1011 3328 1198 3407 triplicitatis
1227 3331 1334 3410 igneae
1367 3330 1460 3411 inque
1491 3342 1604 3412 tempus

337 3501 425 3574 Quod
458 3505 573 3566 medios
606 3513 705 3565 motus
738 3502 868 3576 attinet,
902 3499 1053 3566 Saturnus
1083 3513 1115 3566 et
1140 3506 1261 3587 Jupiter
1293 3525 1374 3566 auno
1405 3507 1535 3568 Juliano
1557 3505 1606 3571 to.

249 3594 369 3655 luerunt
391 3593 542 3671 conjuncti
566 3594 639 3654 solis
662 3588 716 3656 34‘
740 3602 811 3654 ante
835 3591 1010 3671 principium
1030 3594 1146 3656 Arietis
1169 3595 1217 3656 die
1237 3591 1457 3658 22Januarii.
1498 3597 1607 3658 Statim

251 3683 301 3743 die
326 3679 379 3744 25.
404 3682 493 3743 Febr.
527 3683 657 3743 accessit
689 3681 788 3743 media
817 3682 988 3759 conjunctio
1011 3680 1136 3744 Saturni
1163 3693 1195 3742 et
1222 3683 1334 3745 Martis
1364 3686 1395 3747 in
1426 3682 1470 3748 3·
1492 3686 1548 3762 “J‘;
1578 3701 1607 3746 et

249 3770 420 3849 conjunctio
442 3769 530 3832 Jovis
553 3782 584 3830 et
603 3772 713 3832 lllartis
735 3770 783 3831 die
811 3770 838 3829 l.
854 3770 958 3830 lllartii
981 3770 1011 3831 in
1032 3768 1130 3847 δὟ.
1168 3773 1271 3833 lllotus
1294 3782 1397 3836 autern
1421 3787 1606 3854 apparentes

249 3859 292 3919 sic
316 3878 349 3918 se
373 3857 516 3920 habuere.
554 3860 644 3920 Anno
666 3860 788 3921 Juliano
808 3855 861 3921 39.
885 3859 966 3919 circa
988 3857 1041 3921 22.
1056 3860 1148 3935 Junii,
1173 3860 1246 3923 Sole
1270 3862 1299 3922 iu
1319 3860 1429 3936 27011
1453 3879 1605 3936 versante,

251 3947 307 4008 luit
337 3947 507 4023 conjunctio
540 3946 661 4010 Saturni
694 3957 725 4009 et
754 3947 841 4009 Joris
873 3946 903 4007 in
935 3945 997 4011 23⁰
1018 3955 1064 4020 ll:
1098 3969 1220 4029 quorum
1252 3960 1381 4031 uterque
1414 3954 1510 4033 parrlo
1542 3969 1605 4034 post

250 4036 349 4096 lactus
374 4044 422 4095 est
446 4037 659 4111 stationarius,
691 4037 733 4098 ita
756 4046 789 4098 nt
812 4055 869 4098 oon
902 4038 1028 4099 multum
1049 4037 1170 4119 Jupiter
1192 4061 1211 4100 a
1233 4038 1367 4102 Saturno
1399 4057 1604 4122 separaretur.

249 4123 307 4195 Qui
332 4136 490 4203 postquam
513 4144 630 4187 cursum
655 4126 774 4205 etipse
798 4126 826 4186 in
852 4126 1005 4187 anteriora
1027 4127 1134 4201 vertit,
1163 4128 1269 4191 statim
1292 4130 1436 4206 Augusto
1461 4145 1604 4212 sequente

250 4212 412 4274 Saturnum
437 4222 517 4276 motu
542 4217 717 4295 retrogrado
742 4234 857 4277 mrsum
882 4215 938 4275 luit
961 4224 1067 4277 nactus
1096 4217 1176 4278 circa
1199 4213 1261 4279 21ο
1282 4226 1328 4292 )(;
1363 4238 1603 4301 procurrensque

249 4302 278 4362 in
303 4301 454 4378 anteriora
479 4303 624 4384 usquein
648 4304 857 4378 Nouembrem,
883 4305 1004 4366 tandem
1027 4305 1188 4370 Decembri
1211 4309 1301 4369 tertio
1321 4306 1491 4372 Saturnum
1517 4331 1603 4372 occu-

249 4391 333 4470 pavit
368 4392 396 4452 in
432 4387 492 4454 17⁰
519 4400 558 4464 Ji.
605 4390 689 4462 Quos
717 4394 801 4454 Mars
834 4413 910 4454 anno
938 4390 991 4457 lo.
1015 4393 1179 4457 Februario
1209 4405 1240 4457 et
1267 4397 1382 4459 Martio
1415 4415 1603 4471 consecutus,

250 4479 330 4539 illum
361 4480 390 4539 in
423 4480 479 4540 tine
511 4480 660 4557 Piscium,
694 4483 770 4544 hunc.
795 4482 822 4543 in
846 4482 990 4563 principio
1013 4483 1145 4552 Arietis,
1179 4485 1318 4566 implerit
1348 4489 1603 4567 conjunctionem.

250 4567 319 4627 Fuit
344 4567 435 4645 igitur
463 4569 515 4629 illa
542 4589 653 4649 magna
685 4572 853 4651 conjunctio
882 4573 982 4652 potior
1004 4572 1060 4633 hac
1085 4583 1207 4647 nostra,
1238 4576 1316 4655 quod
1345 4596 1403 4657 pro
1434 4580 1603 4640 conditione

250 4665 383 4716 motuum
415 4664 483 4717 tunc
517 4660 661 4738 temporis
690 4661 915 4739 conjunctiones
939 4660 1061 4724 Saturni
1086 4671 1117 4722 et
1139 4662 1227 4723 loris
1260 4675 1427 4743 potuerunt
1455 4687 1526 4729 esse
1551 4688 1603 4727 una

251 4743 314 4803 vice
339 4753 419 4817 tres,
451 4745 526 4807 sicut
550 4747 638 4809 hodie
670 4751 791 4810 duorum
823 4750 941 4812 illorum
971 4751 1176 4831 oppositiones
1208 4763 1336 4832 possunt
1360 4774 1432 4817 esse
1464 4759 1601 4837 quinque,

251 4832 418 4932 conjunctio
441 4840 556 4895 tanturn
581 4855 648 4897 una.
696 4838 852 4914 l'icissim,
877 4841 935 4901 etsi
958 4841 1057 4902 media
1081 4841 1248 4942 conjunctio
1278 4857 1425 4921 punctum
1450 4847 1600 4908 cardinale

251 4920 450 5015 praecipuum,
475 4923 590 4983 scilicet
615 4926 813 5005 principium
803 4929 915 4988 lrietis
940 4948 1027 5008 qnam
1052 4930 1185 5010 proxime
1206 4931 1320 5010 attigit,
1345 4953 1491 5013 quorsum
1516 4939 1601 4996 etiarn

252 5005 462 5082 ipsumverum
482 5029 607 5087 magnae
627 5017 841 5092 conjunctionis¹
864 5018 1125 5097 complementum,
1149 5020 1215 5082 scil.
1236 5039 1309 5082 vera
1327 5023 1600 5102 conjunctioloris
