3692 5842
367 483 433 556 802
843 527 852 554 ‚
877 491 1070 544 Phaenomsnon
1087 491 1211 558 domtus

366 667 580 749 proferuntqne
604 668 702 729 locum
725 686 764 729 ex
791 668 953 731 canonibus
978 669 1142 733 Clementis
1165 668 1312 741 Romani,
1345 685 1478 748 quorum
1514 663 1637 746 aliquos
1657 665 1721 746 Epi-

366 757 495 838 phanius
518 764 676 836 suspectos
699 757 793 819 habet
816 759 969 820 novitatis.
1007 762 1070 823 Alii
1095 779 1132 822 ex
1155 759 1288 821 oratione
1311 757 1350 820 D.
1376 755 1605 838 Chrysoatomi
1627 755 1664 816 ds
1683 757 1723 818 die

367 846 473 911 Natali
497 847 694 908 recentiorem
721 847 836 909 faciunt
867 848 1011 927 originem
1045 848 1222 911 festivitatis
1244 847 1278 910 iu·
1297 843 1351 911 25.
1375 845 1537 908 Decemb.
1585 843 1637 908 Sic
1657 846 1723 908 enh

367 934 551 1008 existimant,
576 937 688 998 sitam
712 936 835 1018 antiqua
858 940 1042 1001 consuetudo
1066 938 1182 1012 fuisset,
1206 956 1264 1000 nou
1289 935 1443 997 dicturum
1469 935 1575 997 fuisse
1599 932 1722 1016 Chryso-

369 1026 670 1100 stomnm,seillam
695 1026 821 1087 nonita
849 1027 984 1106 pridem,
1020 1037 1090 1090 ante
1114 1045 1208 1088 annos
1232 1026 1335 1104 decem
1367 1024 1515 1101 scilicet,
1548 1043 1569 1084 a
1592 1023 1723 1086 Romair

367 1114 847 1196 acceptamConstantinopolim
879 1115 1050 1178 invexisse:
1090 1134 1185 1196 neque
1218 1133 1357 1177 ausurum
1393 1114 1498 1175 fnisse
1534 1111 1724 1194 Epiphania

371 1203 521 1267 affirmare
541 1206 642 1288 ¹adhuc
666 1225 719 1266 suo
743 1224 827 1279 aevo,
854 1204 1008 1268 Christum
1032 1215 1135 1268 natum
1158 1201 1188 1268 6.
1212 1204 1360 1268 Jannarii.
1399 1203 1482 1265 Turn
1509 1210 1620 1265 autern
1641 1221 1723 1283 appa-

348 1313 433 1372 ,rero
465 1294 568 1364 facile,
601 1294 708 1373 quibus
740 1295 923 1374 argumentis
949 1293 1113 1376 Conceptio
1137 1293 1252 1358 Christi
1279 1294 1309 1354 in
1333 1292 1486 1355 Martium
1519 1291 1680 1367 inciderit,
1699 1305 1724 1354 rt

367 1384 412 1445 ita
434 1384 472 1444 de
496 1383 726 1445 auctoritatibus
750 1391 781 1445 et
799 1384 960 1445 traditione
983 1386 1102 1446 nonsit
1124 1403 1198 1464 opus
1222 1382 1366 1462 cogitare.
1401 1379 1487 1461 Cum
1514 1382 1603 1444 enim
1625 1383 1723 1462 legeret

368 1472 477 1552 aliquis
491 1473 521 1533 in
535 1472 719 1551 strangetio:
740 1491 861 1535 mense
885 1482 1002 1536 antem
1022 1482 1127 1536 sexto
1150 1473 1285 1536 missus
1308 1478 1368 1532 est
1390 1471 1561 1550 angelus
1581 1468 1722 1534 Gabriel

320 1565 323 1570 '
369 1562 413 1623 ad
437 1561 643 1641 Virginem,
666 1580 723 1622 non
747 1562 882 1642 respexit
904 1564 942 1624 ad
966 1564 1198 1643 praecedentia:
1231 1559 1432 1622 Elisabeth
1467 1561 1677 1624 abscondit
1692 1579 1722 1623 rr

369 1648 511 1712 menses
535 1650 705 1732 quinque,
729 1653 783 1711 sed
811 1653 929 1731 accepit
952 1654 1006 1714 hoc
1029 1653 1142 1714 dictum
1165 1651 1202 1712 de
1225 1650 1355 1714 Judaioa
1381 1650 1466 1711 serie
1492 1650 1657 1722 mensium,
1677 1669 1720 1712 nor

347 1759 349 1766 ·
371 1741 505 1806 aNisan
530 1741 583 1802 sed
603 1740 726 1808 alieri,
750 1742 828 1821 quod
850 1742 926 1803 illud
950 1742 1039 1804 fuerit
1061 1739 1349 1803 initium-vetustius
1365 1739 1440 1800 anni
1453 1739 1601 1801 Judaici.
1634 1741 1720 1820 ltaqrt

354 1849 438 1914 cunr
460 1830 547 1892 Adar
570 1830 610 1890 sit
633 1837 737 1891 sextus
761 1850 780 1890 a
802 1830 894 1901 listi,
918 1831 1092 1893 convenerit
1114 1849 1184 1910 vero
1213 1847 1278 1891 cnm
1300 1828 1417 1890 Martio
1441 1827 1605 1903 Romano,
1628 1830 1720 1890 hlartio

371 1931 474 1982 meuse
507 1918 635 1982 credidit
664 1918 789 1982 missurn
821 1920 958 1997 angelum
989 1921 1026 1982 ad
1059 1920 1214 1999 Virginem
1247 1936 1336 1998 super
1369 1917 1584 1997 conceptione
1615 1917 1719 1981 curso

355 2008 468 2095 jaddit
491 2006 725 2089 Chrysostomus
755 2008 863 2088 aliique
892 2010 982 2070 etiam
1014 2009 1114 2089 plures
1146 2006 1394 2069 ratiocinationes
1420 2025 1462 2067 ex
1486 2007 1578 2069 dicto
1601 2008 1718 2078 Jmunis

369 2097 418 2178 qui
434 2095 587 2170 Cliristum
611 2096 772 2158 affirmavit
794 2105 933 2177 oportere
958 2117 1103 2174 crescere,
1127 2117 1160 2158 se
1180 2116 1250 2158 vero
1265 2096 1374 2169 minni;
1398 2096 1485 2175 quod
1511 2097 1719 2158 transtulerunt

298 2237 302 2246 .
370 2187 408 2247 ad
433 2186 657 2265 conceptionem
685 2186 775 2248 etiam
799 2194 831 2248 et
854 2196 951 2248 ortum
982 2207 1098 2256 eorum.
1134 2187 1231 2265 adque
1261 2193 1400 2247 naturam
1430 2205 1546 2247 cursus
1572 2185 1669 2248 Solis:
1695 2199 1719 2245 ur

370 2273 512 2344 Christus
545 2275 751 2354 conciperetur
779 2275 810 2336 in
843 2276 981 2338 maximis
1014 2277 1073 2337 diei
1109 2275 1320 2348 incrementis,
1354 2274 1499 2336 Joannes
1535 2274 1567 2336 in
1598 2274 1719 2337 maximis

370 2363 570 2444 decrementis
578 2383 585 2424 :
611 2372 643 2423 et
665 2364 715 2425 ille
740 2374 914 2426 nasceretur
938 2365 966 2426 in
989 2366 1086 2445 primo
1110 2365 1194 2426 initio
1218 2364 1393 2437 crescentis,
1417 2362 1566 2426 Joannes
1590 2364 1619 2426 in
1641 2365 1718 2444 prino

370 2454 457 2516 initio
482 2453 687 2515 decrescentis
710 2452 778 2527 diei,
804 2455 853 2518 ille
878 2464 1019 2535 surgente
1043 2454 1126 2528 Sole,
1150 2454 1197 2515 hic
1220 2454 1357 2515 cadente.

430 2575 432 2582 ·
459 2544 544 2604 Haec
567 2552 716 2621 utcunque
741 2544 809 2620 sint,
835 2553 917 2605 certe
941 2545 1042 2608 seculo
1065 2543 1203 2624 Dionysii
1222 2544 1285 2622 jam
1310 2543 1337 2602 in
1355 2541 1539 2604 uuiversum
1564 2543 1718 2605 obtinuerat

371 2631 480 2715 opinio,
507 2629 659 2694 Christum
683 2641 858 2713 conceptum
883 2634 912 2694 in
937 2632 1124 2713 aequinoctio
1147 2651 1238 2692 verno
1261 2641 1294 2692 et
1312 2629 1531 2692 sicJoannenr
1558 2633 1589 2693 in
1614 2647 1717 2694 antan-

368 2722 439 2784 nali.
477 2719 649 2802 Sequuntur
671 2741 748 2782 nunc
772 2722 896 2802 reliqua.
936 2721 1012 2784 Cum
1036 2723 1113 2784 enim
1136 2729 1224 2803 pater
1237 2719 1365 2781 Joannis
1385 2719 1566 2783 Zacharias
1589 2722 1718 2783 obtulisse

369 2812 522 2873 incensum
545 2810 664 2872 dicatur
686 2811 715 2871 in
733 2813 854 2889 templo,
879 2812 1025 2874 creditum
1046 2811 1111 2884 fuit,
1135 2820 1169 2871 ut
1183 2818 1311 2890 apparet
1334 2829 1372 2870 ex
1389 2807 1630 2891 Chrysostomo,
1652 2811 1719 2872 illru

361 2893 462 2963 'fuisse
486 2917 632 2961 summurn
656 2899 844 2973 Pontificem,
875 2909 905 2961 et
929 2900 1112 2962 oblationem
1142 2901 1218 2961 hanc
1241 2899 1279 2960 ab
1304 2917 1339 2958 eo
1364 2899 1479 2960 factam
1507 2901 1539 2961 in
1566 2902 1646 2963 festa
1667 2901 1719 2962 [1-

347 2988 520 3069 ·piationis,
545 2988 665 3066 quando
688 2988 744 3048 soli
768 3007 881 3049 summo
905 2990 1044 3051 Pontifici
1075 2989 1187 3051 licebat
1218 2988 1335 3068 ingredi
1359 2987 1512 3049 Sanctum
1539 2988 1717 3052 Sanctorum.

368 3077 458 3139 Vidit
480 3076 557 3138 enim
582 3076 720 3155 angeium
744 3097 809 3138 cum
842 3078 996 3157 ingressus
1030 3088 1112 3140 esset
1135 3080 1163 3139 in
1189 3080 1349 3156 templum,
1374 3077 1488 3156 populo
1522 3078 1600 3141 foris
1633 3091 1717 3140 stante

330 3183 332 3188 ·
369 3167 433 3245 ipse
467 3166 549 3227 solus
582 3165 714 3244 vlictus.
767 3167 850 3227 Haec
882 3169 1012 3230 solitudo
1046 3169 1198 3230 offerentis
1228 3168 1386 3228 videbatur
1417 3185 1553 3245 arguere
1588 3168 1719 3231 Sanctum

370 3256 559 3319 Sanctorum.
606 3256 701 3334 Atqui
726 3275 820 3335 neque
848 3258 954 3318 summi
979 3258 1131 3318 Pontificis
1155 3266 1203 3318 est
1228 3258 1379 3317 incensum
1403 3274 1532 3335 ponere,
1560 3260 1611 3320 rel
1635 3259 1718 3320 sortiri

370 3365 474 3407 munus
499 3345 686 3425 expiationis,
713 3346 790 3425 quod
815 3345 872 3406 soli
895 3347 1043 3418 convenit,
1063 3353 1194 3424 (Carolus
1209 3357 1336 3430 Sigonius
1356 3359 1390 3409 de
1404 3359 1506 3426 repub.
1524 3359 1719 3414 Hebraeum!

371 3454 467 3514 neque
501 3434 664 3494 Zacharias
699 3454 831 3497 summus
861 3437 997 3514 pontifex
1031 3437 1101 3507 fuit,
1134 3437 1241 3514 quippe
1273 3436 1391 3496 tribulis
1424 3437 1548 3509 Abiae,
1584 3440 1670 3517 enjus
1692 3455 1720 3496 er

372 3524 479 3602 viginti
513 3532 639 3603 quatuor
666 3524 748 3585 vices
781 3534 868 3585 erant
900 3535 1045 3586 octar-ae:
1079 3535 1111 3585 et
1143 3526 1248 3586 summi
1278 3524 1442 3586 Pontifices
1482 3526 1556 3604 ejus
1590 3529 1720 3607 temporis

371 3615 521 3676 referente
550 3611 684 3690 Joseplro
715 3623 803 3674 erant
833 3612 935 3674 Simon
972 3614 1097 3688 Boethi,
1134 3633 1221 3675 socer
1253 3615 1382 3675 Herodis
1413 3632 1494 3675 anno
1530 3615 1657 3678 Juliano
1679 3613 1712 3677 23

372 3720 464 3781 usque
487 3701 518 3762 in
541 3700 693 3762 Julianum
717 3699 778 3776 ll,
803 3703 952 3765 Matthias
976 3703 1132 3781 Theophili
1154 3703 1420 3784 ierosolymitani.
1455 3722 1512 3783 per
1544 3726 1657 3768 annum
1678 3704 1720 3768 tt.

372 3792 427 3853 snb
460 3791 516 3852 hoc
543 3790 694 3869 Josephus
724 3790 832 3853 Ellemi
866 3801 1012 3872 cognatus
1044 3792 1124 3852 illius
1156 3794 1241 3853 unius
1274 3793 1331 3853 diei
1361 3792 1514 3871 pontifex.
1567 3796 1720 3875 Theophila

372 3889 486 3941 remoto
510 3878 548 3940 ob
572 3880 751 3941 seditionem
783 3881 965 3943 concitatam
997 3882 1143 3942 successit
1165 3881 1310 3943 Joasarus
1335 3881 1469 3942 Simonis
1498 3885 1606 3957 tilius,
1636 3884 1721 3946 affinis

373 3970 515 4043 Herodis,
551 3987 628 4028 auno
651 3968 772 4031 Juliano
795 3966 848 4031 112.
880 3972 1055 4050 functusque
1086 3979 1134 4031 est
1165 3971 1262 4032 officio
1286 3990 1378 4050 nsque
1408 3972 1720 4036 adstruentium

372 4058 533 4119 motionem
556 4057 658 4119 multis
682 4059 767 4119 annis
791 4067 861 4139 post
885 4069 1009 4121 mortem
1033 4060 1161 4121 Herodis
1185 4060 1289 4140 Regis.

462 4145 524 4208 Sed
548 4165 708 4226 pergamus
732 4150 760 4208 in
786 4150 842 4210 hac
866 4150 1141 4228 argumentatione3
1165 4150 1206 4210 sit
1229 4151 1312 4211 facta
1335 4150 1535 4211 annunciatio
1551 4151 1719 4214 Joannisiu

375 4238 452 4298 festo
475 4235 676 4313 Expiationis.
714 4238 791 4300 lllnd
809 4257 879 4300 vero
904 4240 1049 4300 celebrari
1070 4239 1200 4317 oportuit
1219 4239 1305 4301 Luna
1318 4240 1379 4304 X..
1398 4233 1610 4306 Quaerendns
1634 4243 1720 4320 iraque

375 4327 431 4386 fnit
454 4325 599 4405 Dionysio
624 4346 735 4399 annus,
769 4329 798 4389 in
823 4348 879 4409 quo
904 4327 991 4390 Luna
1014 4331 1053 4390 X.
1080 4337 1162 4390 esset
1184 4330 1318 4408 proxime
1350 4327 1581 4406 aequinoctium
1613 4347 1720 4391 aurun-

376 4416 452 4486 nale,
479 4416 556 4493 quod
580 4415 615 4487 is,
641 4417 688 4495 qui
714 4418 834 4479 vernale
858 4418 886 4479 iu
911 4415 1084 4479 tartarei
1107 4418 1191 4496 ponit
1215 4419 1321 4497 quique
1345 4424 1497 4478 aestatem
1524 4420 1644 4483 dierum
1662 4417 1713 4481 riu·

377 4504 458 4574 facit,
484 4512 518 4562 nt
541 4503 665 4578 Plinius,
690 4508 859 4568 necessario
884 4508 911 4568 iu
937 4506 989 4568 27.
1016 4508 1201 4587 Septembris
1226 4508 1348 4568 confert.
1396 4507 1494 4587 :ltqui
1526 4513 1616 4571 solus
1640 4529 1721 4571 annus

374 4590 512 4653 Julianus
536 4589 588 4653 aa.
613 4604 662 4654 est
685 4596 765 4668 talia,
790 4598 817 4656 in
843 4617 898 4675 quo
924 4599 1009 4658 Luna
1027 4599 1067 4658 X.
1094 4598 1174 4657 cadit
1198 4597 1331 4676 proxime
1355 4594 1407 4657 27.
1430 4595 1641 4675 Septembris.
1677 4598 1719 4659 tle

375 4683 452 4742 enim
476 4701 511 4741 eo
537 4701 614 4741 nuno
639 4704 745 4744 aureus
769 4705 907 4746 numerus
933 4688 955 4745 l.
980 4688 1069 4747 index
1094 4687 1248 4756 novilunii,
1273 4686 1322 4765 qui
1350 4685 1475 4764 ponitur
1499 4689 1541 4748 ad
1574 4685 1624 4750 rb.
1649 4687 1712 4766 sep

376 4781 508 4848 tempore
531 4772 662 4844 Niceno;
695 4774 793 4851 itaque
818 4790 950 4853 tempore
976 4776 1088 4836 Christi
1114 4776 1308 4838 pariturium.
1338 4785 1372 4835 ut
1396 4776 1519 4853 quidem
1547 4791 1579 4838 et
1605 4781 1719 4839 calculus

377 4860 523 4931 ostendit,
560 4861 606 4920 die
636 4861 681 4921 li.
707 4862 792 4940 Sept.
827 4884 912 4923 triane
944 4866 1017 4924 hora
1050 4877 1131 4924 ortus
1156 4865 1244 4925 Solis
1293 4863 1332 4923 Et
1357 4863 1499 4942 Scaliger
1524 4885 1566 4927 ex
1596 4883 1719 4946 camp-atr

377 4949 503 5008 Judaico
527 4950 626 5027 prodit
651 4953 830 5012 novilunium
856 4954 932 5013 Tisri
963 4952 1008 5015 18.
1035 4952 1120 5031 Sept.
1159 4954 1263 5032 ltaque
1288 4950 1339 5012 27.
1365 4952 1452 5031 Sept.
1480 4956 1550 5017 dies
1577 4957 1655 5019 idern
1677 4959 1718 5015 frtt

378 5049 409 5095 et
433 5038 611 5116 aequinoctii
636 5041 762 5100 Rotnani
789 5052 819 5101 et
843 5043 945 5103 Lunae
977 5044 1164 5103 decimae.et
1186 5043 1230 5103 sic
1258 5042 1327 5102 festi
1360 5043 1561 5123 expiationis.
1609 5047 1655 5110 Ex
1676 5048 1718 5106 bct
