3692 5842
241 485 307 551 490
843 490 992 542 ammana

335 662 424 733 Quod
457 664 550 742 igitur
582 664 656 724 haec
691 667 888 743 perpendenti
921 665 1093 739 incidebat,
1131 665 1275 727 curriculo
1308 667 1349 727 ad
1381 667 1589 730 Wackheriuur

242 753 344 827 detuli,
369 753 521 813 nimirum:
547 754 589 813 uti
609 754 703 813 Terra
719 773 793 815 unus
814 776 849 815 ex
874 756 1005 833 planetis
1029 753 1227 833 (Ceperuico)
1243 756 1361 816 Lunam
1374 776 1462 819 suam
1485 756 1591 818 habeat

242 849 328 903 extra
352 842 485 902 ordinem
510 862 576 902 sese
602 843 930 917 circumcursitantem,
965 845 1007 904 sic
1040 845 1102 905 fieri
1126 862 1199 905 sane
1228 863 1330 924 posse,
1355 853 1389 907 ut
1412 843 1552 907 Galilaea
1565 841 1590 908 ,4

243 930 321 991 aliae
336 930 441 991 Lunae
466 931 684 991 minutissimae
700 934 921 1010 augustissimis
946 933 1095 994 meatibus
1111 934 1191 994 circa
1205 931 1341 1006 Saturni,
1364 934 1462 1006 Jovis,
1488 933 1589 994 Martis

203 1095 210 1104 .
241 1028 273 1079 et
286 1020 415 1079 Veneris
440 1021 617 1098 corpuscula
640 1020 831 1082 circumvolvi
855 1023 1033 1083 videantur:
1058 1023 1237 1083 Mercurium
1257 1041 1328 1083 vero
1343 1021 1589 1085 circumsoiarinnr

241 1108 375 1168 ultimum
401 1118 462 1168 tam
487 1129 554 1168 esse
579 1110 750 1169 immersum
774 1110 802 1170 in
828 1110 909 1172 Solis
929 1112 1047 1184 radios,
1081 1121 1116 1172 ut
1139 1112 1167 1172 iu
1201 1131 1236 1172 eo
1270 1111 1345 1173 nihil
1377 1111 1476 1174 adhuc
1499 1110 1588 1173 simile

240 1197 372 1276 potuerit
395 1219 413 1257 a
438 1197 578 1258 Galilaea
603 1198 796 1276 deprehendi.

331 1286 512 1346 ll'ackherio
537 1296 643 1347 contra
667 1287 776 1360 visum,
810 1289 1003 1349 hauddubie
1036 1288 1116 1349 circa
1147 1288 1271 1348 fixarum
1294 1287 1416 1368 aliquas
1440 1289 1587 1350 circumire

242 1393 335 1435 novos
360 1376 414 1434 hos
438 1376 577 1453 planetas
601 1377 703 1455 (quale
729 1377 797 1454 quid
828 1379 892 1455 jam
926 1399 944 1436 a
976 1378 1069 1436 multo
1103 1385 1236 1455 tempore
1261 1377 1333 1437 mihi
1357 1398 1397 1438 err
1422 1375 1585 1440 Cardinalis

241 1463 353 1524 Cusani
379 1472 410 1523 et
425 1464 550 1524 Jordani
565 1465 658 1525 Bruni
683 1467 937 1542 speculationibus
962 1466 1140 1542 objecerat),
1166 1484 1202 1525 ac
1226 1466 1252 1526 si
1276 1475 1406 1547 quatuor
1430 1466 1471 1528 ibi
1495 1467 1584 1529 latue-

240 1553 300 1613 rint
323 1553 468 1613 hactenus
491 1554 651 1630 planetae,
682 1553 750 1631 quid
775 1554 866 1632 igitur
890 1554 1033 1632 impedire
1057 1555 1126 1633 quin
1150 1553 1324 1627 credamus,
1360 1555 1584 1618 innumerabiles

241 1660 329 1719 porro
354 1642 429 1702 alios
455 1643 561 1702 ibidem
588 1644 642 1701 hoc
666 1642 750 1702 initio
776 1644 857 1704 facto
882 1644 1033 1703 detectum
1058 1643 1113 1703 iri:
1138 1643 1272 1720 adeoque
1287 1644 1334 1703 vel
1351 1645 1494 1707 muudum
1515 1645 1583 1706 bunc

240 1730 336 1807 ipsum
361 1730 519 1803 infinitum,
550 1739 582 1790 ut
606 1731 731 1790 hielisso
756 1742 786 1791 et
808 1733 1017 1810 philosophiae
1048 1733 1236 1810 maguntinae
1269 1733 1386 1794 auctori
1412 1731 1497 1796 Guil.
1523 1731 1583 1796 Gil-

242 1819 327 1879 berto
351 1820 452 1897 Anglo
476 1816 499 1891 ¹)
523 1820 656 1898 placuit:
695 1822 742 1881 vel
767 1831 799 1881 ut
822 1821 996 1881 Democrito
1020 1829 1051 1880 et
1075 1820 1226 1899 Leucippo
1255 1828 1286 1881 et
1315 1841 1353 1882 ex
1377 1823 1583 1888 recentioribus

239 1909 340 1968 Bruuo
360 1902 385 1980 ²)
410 1916 441 1969 et
464 1909 569 1968 Brutia
592 1905 633 1982 ³),
659 1918 718 1982 tuo,
746 1909 895 1981 Galilaee,
930 1918 960 1970 et
993 1928 1058 1969 meo
1084 1910 1179 1970 amico
1212 1910 1325 1983 visum,
1359 1911 1493 1973 inlinitoa
1519 1913 1583 1974 alins

242 1998 367 2057 mundos
393 1997 457 2070 (vel
481 2007 514 2057 ut
538 1998 654 2058 Bruuus
679 1999 804 2072 Terras)
829 1999 915 2078 hujus
939 1999 1034 2060 nostri
1059 1999 1171 2059 similes
1196 2018 1273 2059 esse.

332 2085 383 2147 Sic
399 2086 470 2146 mihi
494 2086 537 2146 sic
562 2088 605 2147 illi
629 2087 733 2161 visum,
759 2087 877 2148 interim
902 2088 971 2149 dum
987 2088 1091 2148 librum
1109 2086 1250 2162 Galilaei,
1275 2095 1309 2149 ut
1329 2099 1398 2150 erat
1411 2107 1483 2167 spes
1502 2089 1582 2160 iactr,

241 2175 378 2253 cupidine
403 2175 478 2235 mira
502 2176 620 2253 legendi
644 2187 847 2255 expectamus.

329 2263 462 2325 Primum
485 2266 652 2343 exemplum
676 2284 820 2326 concessu
840 2265 983 2327 Caesaris
1007 2263 1077 2324 mihi
1100 2263 1229 2341 contigit
1251 2264 1402 2343 inspicere
1426 2266 1581 2345 cursimque

241 2353 431 2430 pecualitate.
480 2354 578 2413 Video
616 2373 745 2431 magna
780 2355 963 2434 longeque
996 2352 1332 2413 admirabilissima
1365 2354 1583 2432 spectacula

241 2442 441 2522 proposita
465 2442 703 2520 philosophis
729 2452 764 2502 et
797 2443 1050 2514 astronomis,
1085 2441 1119 2500 ui
1153 2440 1268 2502 fallor
1298 2450 1336 2503 et
1368 2442 1476 2516 urihi;
1508 2442 1582 2503 rideo

243 2531 285 2589 ad
310 2550 522 2610 magnarum
545 2532 906 2608 contemplationum
936 2530 1090 2591 exordia
1118 2547 1244 2589 omnes
1275 2550 1392 2592 verae
1424 2532 1582 2611 philoso-

241 2619 347 2697 phiae
372 2621 526 2698 cupidos
551 2622 762 2681 convocari.
810 2620 878 2680 Jam
903 2629 965 2680 tum
989 2619 1142 2696 gestiebat
1172 2618 1243 2679 mihi
1275 2620 1393 2680 anirnus
1427 2639 1473 2680 me
1507 2621 1582 2681 rebat

241 2709 360 2782 inferre,
387 2710 494 2788 quippe
517 2720 731 2787 provocatum,
762 2717 794 2769 et
818 2710 865 2789 qui
891 2710 996 2769 eadem
1021 2708 1057 2767 de
1082 2707 1210 2767 materia
1233 2718 1304 2768 ante
1330 2697 1427 2768 annos
1451 2705 1472 2770 6
1496 2710 1581 2786 scrip·

242 2796 358 2871 sissem,
389 2808 497 2871 tecum,
524 2797 662 2858 Galilaee
694 2798 906 2870 solertissime,
948 2799 984 2857 de
1008 2806 1071 2857 tam
1097 2796 1283 2856 inexhaustis
1308 2798 1406 2858 Jovae
1431 2797 1581 2860 condiunt

241 2886 411 2958 thesauris,
452 2905 573 2965 quorum
599 2888 674 2947 alios
698 2895 768 2965 post
791 2887 866 2947 alios
900 2886 987 2946 uobis
1021 2885 1138 2964 aperit,
1168 2885 1388 2964 jucundissimo
1423 2884 1582 2967 scriptionis

240 2994 349 3053 genere
374 2976 517 3035 conferre.
566 2974 661 3045 Quem
687 2976 762 3035 enim
787 2986 887 3036 tacere
912 2976 1013 3035 sinunt
1037 2982 1189 3035 tantarum
1213 2994 1311 3036 rerum
1337 2977 1458 3037 nuncii?
1499 2973 1582 3046 Quen

241 3083 298 3123 nou
325 3064 427 3141 impiet
451 3064 541 3124 divini
566 3065 675 3125 amoris
700 3063 884 3124 abundantia
907 3083 961 3142 per
986 3063 1117 3142 linguam
1149 3073 1180 3123 et
1203 3064 1352 3126 calamum
1376 3084 1446 3126 sese
1470 3065 1581 3145 prolun-

241 3153 315 3212 dens
340 3154 553 3213 ubertissime?

331 3242 495 3303 Addebant
509 3245 637 3303 animum
653 3241 869 3319 Angustissimi
890 3239 1067 3301 Caesaris
1087 3240 1257 3318 lludophi
1278 3242 1414 3320 imperia,
1436 3243 1484 3323 qui
1499 3259 1582 3302 meum

241 3331 351 3390 dehac
372 3332 497 3391 materia
517 3333 660 3409 judicium
686 3330 857 3412 expetebat.
891 3330 937 3389 De
958 3329 1183 3389 tt'aotrtrerio
1209 3332 1370 3410 veroquid
1395 3333 1513 3392 dicam?
1543 3327 1581 3390 ald

242 3439 328 3499 quem
354 3429 386 3480 ut
409 3422 475 3480 veni
501 3421 565 3480 sine
600 3421 688 3490 libro,
721 3420 877 3481 lectivmem
910 3428 1010 3477 tamen
1044 3419 1109 3494 ejus
1142 3419 1318 3496 professus,
1353 3421 1482 3482 invisum
1514 3417 1583 3486 mihi,

241 3511 368 3569 rixatum
403 3510 493 3569 etiarn
520 3511 592 3582 fuit,
624 3510 750 3588 denique
774 3509 861 3585 plane
885 3507 1069 3578 conclusum,
1095 3518 1126 3567 ut
1151 3508 1180 3570 in
1201 3507 1256 3567 hac
1272 3510 1403 3570 materia
1422 3530 1480 3570 non
1495 3509 1582 3569 differ·

241 3618 303 3657 reru
327 3598 389 3660 fieri
415 3618 501 3677 quarn
532 3597 757 3657 disertissiurns.
805 3597 882 3656 Ilum
915 3596 1026 3674 aliquid
1060 3597 1206 3664 meditor,
1241 3599 1461 3674 superveniunt
1493 3599 1582 3658 literae

242 3696 312 3747 tuae
339 3688 376 3747 ad
404 3689 448 3747 ΙΙΙ.
474 3688 578 3765 Magni
603 3686 761 3745 lietruriae
786 3685 877 3744 Ducis
902 3685 1053 3762 legatum,
1078 3677 1185 3764 [uenae
1211 3686 1253 3745 tui
1278 3686 1306 3745 iu
1332 3706 1379 3747 me
1405 3688 1531 3754 amoris,
1558 3695 1581 3742 ur

241 3777 290 3855 qui
312 3777 368 3836 hoc
397 3777 467 3836 mihi
492 3775 611 3835 honoris
637 3775 805 3852 impertitus
830 3774 890 3844 sis,
926 3784 958 3832 ut
982 3793 1034 3852 per·
1067 3784 1183 3833 tanturn
1218 3774 1312 3834 virum
1337 3776 1525 3853 potissimum
1546 3791 1581 3832 rne

242 3873 273 3923 et
297 3864 473 3924 transmisso
503 3863 665 3942 exemplavi
690 3873 720 3922 ct
744 3862 848 3921 addita
878 3863 1163 3922 couuuouelactione
1196 3864 1422 3940 provocandum
1451 3866 1489 3925 ad
1517 3860 1581 3924 scri·

240 3953 366 4012 bendum
391 3954 558 4013 censueris:
585 3952 662 4031 (prod
694 3961 724 4010 et
748 3951 904 4028 praestitit
928 3951 955 4010 iu
981 3951 1022 4011 tui
1047 3952 1177 4028 gratiam
1206 3970 1349 4030 perquam
1375 3953 1540 4016 humaniter
1559 3959 1583 4010 el

241 4059 287 4100 me
312 4041 339 4100 in
366 4041 535 4101 clientelam
560 4062 643 4100 suam
669 4040 799 4117 suscepit
825 4040 1120 4100 benevolentissime.

330 4129 417 4197 Quod
444 4130 533 4208 igitur
558 4130 628 4190 mihi
652 4129 771 4206 propria
796 4128 885 4188 animi
909 4127 1117 4205 propensione,
1144 4128 1221 4207 quod
1247 4130 1353 4190 amicis
1377 4131 1494 4208 placet,
1517 4123 1582 4209 quoi

241 4216 401 4296 diligenter
425 4219 489 4297 ipse
514 4239 620 4297 repas,
650 4218 677 4276 id
704 4217 811 4276 taciam
837 4218 1001 4276 nonnulla
1033 4237 1086 4294 spo
1121 4218 1276 4292 inductus,
1312 4239 1358 4279 me
1384 4220 1441 4280 bac
1467 4215 1582 4298 epistola

238 4307 269 4365 id
294 4306 348 4366 tibi
368 4309 565 4384 profuturum,
591 4309 615 4366 si
640 4326 705 4365 caru
732 4307 882 4366 censueris
908 4307 1134 4380 ostendendam,
1160 4317 1192 4365 ut
1216 4319 1323 4367 contra
1348 4327 1486 4369 morosos
1508 4305 1581 4367 nuvi-

240 4402 336 4453 tatum
362 4415 511 4468 censores,
538 4396 641 4473 quibus
667 4395 838 4454 incredibile
864 4395 1003 4473 quidquid
1029 4395 1222 4472 incognitum,
1250 4399 1409 4474 protanam
1435 4413 1466 4456 et
1489 4395 1580 4456 nesan-

241 4482 317 4555 dum,
344 4484 485 4562 ‹prielquid
512 4485 589 4543 ultra
613 4493 773 4542 consuetas
798 4483 1014 4543 Aristotelicae
1039 4484 1198 4561 augustiae
1223 4501 1332 4558 metas,
1359 4504 1417 4546 uuo
1442 4481 1580 4564 prosapie

240 4570 281 4630 sis
305 4589 498 4648 processurus
523 4572 703 4632 instructior.

329 4660 517 4720 Temerarius
543 4661 618 4719 forte
643 4661 735 4720 videri
768 4661 900 4738 possim,
940 4659 986 4737 qui
1020 4660 1080 4720 tuis
1114 4659 1334 4721 assertionibus
1371 4662 1456 4723 nulla
1477 4657 1582 4740 propria

241 4746 426 4824 experientia
451 4748 588 4808 sutl'ultus
613 4759 675 4808 tarn
701 4751 788 4809 facile
813 4749 943 4809 errulum.
991 4751 1033 4808 rit
1068 4749 1116 4828 qui
1150 4768 1207 4809 uon
1234 4750 1356 4811 credam
1380 4747 1580 4812 mathematico

240 4833 424 4908 doctissimo,
449 4837 531 4913 cujus
548 4836 594 4895 vet
618 4838 706 4896 stilus
726 4838 832 4913 judicii
858 4837 1065 4897 rectitudinem
1090 4839 1205 4916 arguit,
1231 4838 1279 4916 qui
1307 4847 1427 4902 tautum
1451 4839 1535 4900 abest
1554 4843 1580 4894 nt

240 4940 308 4980 sese
334 4922 461 4983 vanitati
486 4924 577 4983 dedat
601 4944 726 5003 seseque
753 4925 863 4983 vidisse
888 4927 1024 4999 dictitet,
1056 4947 1131 5005 cquae
1164 4947 1221 4987 nou
1252 4926 1382 5002 viderit,
1421 4927 1581 5008 popularem

241 5027 344 5070 auram
368 5019 505 5090 captans,
530 5021 563 5071 ut
586 5012 634 5072 vel
658 5011 873 5090 receptissimis
893 5014 1081 5091 opinionibus
1101 5014 1243 5077 veritatis
1267 5034 1371 5078 amore
1396 5035 1456 5080 nou
1479 5013 1581 5078 dubitet
