3692 5842
355 465 418 535 132
827 463 1018 532 Paralipomuua
1035 469 1061 518 lu
1080 465 1246 517 waltonem.

239 639 243 645 ¹
355 649 382 710 in
407 647 532 709 nihilum
557 646 638 708 abire
663 645 790 724 poterit:
816 646 970 725 quantitas
995 646 1072 705 enim
1096 653 1128 706 et
1150 647 1194 707 sic
1219 645 1355 706 densitas
1379 644 1529 706 dirisionc
1554 643 1584 705 in
1609 643 1710 703 inh'ni-

355 748 416 799 tum
441 736 517 799 abit.
556 737 640 796 Haec
665 734 701 795 de
727 735 869 796 essentia.
909 733 970 795 Sed
997 745 1026 794 et
1051 736 1095 796 ris
1113 733 1309 814 ejaculatoria
1333 733 1447 794 infinita
1470 741 1534 807 est,
1560 730 1631 812 quia
1655 732 1712 792 luci

352 825 489 897 materia,
515 825 640 903 pondus,
667 843 719 884 seu
743 823 917 885 resistentia
942 823 1023 884 nulla
1047 832 1096 885 cst
1118 842 1171 902 per
1195 823 1360 902 superiora.
1403 823 1525 884 Infinita
1547 840 1623 900 ergo
1647 821 1710 881 rir-

354 914 429 976 tutis
453 914 491 974 ad
516 913 632 992 pondus
656 913 818 991 proportio.

441 1003 533 1081 Prop.
560 1002 616 1062 lV.
664 1001 807 1061 Lineae
841 1001 971 1061 harum
1005 1001 1311 1078 ejaculationum
1348 1010 1479 1061 rectae
1517 1008 1622 1073 suut,
1648 997 1711 1082 'di-

335 1100 495 1154 'cautur
518 1090 627 1151 radii.
675 1089 754 1150 Nam
778 1089 907 1151 diximus
932 1090 1068 1151 affectari
1093 1111 1112 1151 a
1135 1091 1199 1151 luce
1224 1090 1430 1166 figurationem
1446 1087 1606 1168 sphaerici.
1639 1085 1712 1164 Ejus

354 1199 425 1243 rero
450 1180 570 1259 genesis
595 1198 665 1239 rere
690 1180 873 1257 geometrica
888 1179 1028 1240 consistit
1053 1180 1281 1259 inaequalitate
1302 1178 1542 1251 intervallorum,
1566 1196 1621 1257 per
1635 1195 1712 1255 quae

354 1279 496 1349 punctum
520 1268 647 1329 medium
668 1268 696 1328 in
717 1269 903 1347 superficiem
929 1268 1053 1329 diditur:
1080 1269 1150 1329 illae
1170 1288 1240 1329 rero
1261 1276 1332 1329 sunt
1355 1277 1458 1329 rectae
1478 1266 1585 1327 lineae.
1623 1264 1712 1335 Quod

354 1358 380 1419 si
404 1357 503 1420 curvis
528 1358 577 1419 lux
602 1366 748 1430 uteretur,
775 1358 857 1419 nulla
881 1367 965 1418 esset
989 1356 1017 1417 iu
1033 1356 1163 1418 didendo
1186 1356 1373 1437 aequalitas,
1399 1356 1471 1418 nihil
1496 1356 1588 1434 igitur
1612 1353 1709 1415 simile

353 1446 520 1527 sphaerico.

444 1536 527 1597 ldem
552 1534 644 1596 otiam
668 1533 724 1594 hoc
749 1535 837 1595 modo
866 1534 1011 1613 probatur
1034 1554 1086 1596 sen
1116 1536 1216 1616 potius
1241 1535 1422 1596 declaratur.
1469 1534 1574 1594 Motus
1599 1530 1712 1592 diversi

354 1635 425 1686 sunt
447 1624 532 1686 lines.
580 1625 644 1683 Aut
667 1624 747 1684 enim
780 1634 888 1684 natura
921 1625 1046 1685 affectat
1070 1626 1215 1685 unitatem
1245 1624 1374 1702 partium
1399 1632 1452 1684 aut
1475 1620 1713 1702 separationem.

355 1724 511 1793 utrumque
537 1713 570 1773 lit
592 1731 647 1792 per
676 1722 789 1773 motum
813 1722 928 1774 rectum
951 1714 1257 1791 compendiosissime.
1305 1712 1383 1773 h'arn
1417 1712 1567 1791 quisquo
1591 1710 1713 1771 brevius

355 1821 492 1884 quaeque
516 1801 634 1862 distant
656 1801 712 1862 hoc
736 1800 831 1879 magis
855 1802 939 1862 uuita
963 1801 1185 1879 intelliguntur,
1211 1810 1243 1862 et
1266 1810 1367 1863 rectae
1383 1811 1453 1862 sunt
1469 1799 1600 1861 omnium
1615 1797 1713 1860 linea·

357 1891 421 1954 rum
446 1893 525 1952 inter
549 1891 654 1951 eadem
685 1901 797 1969 puncta
821 1890 1029 1964 brevissimae,
1055 1900 1166 1953 motum
1191 1910 1262 1970 ergo
1286 1890 1335 1970 qui
1358 1890 1423 1951 uuit
1447 1908 1509 1963 res,
1541 1897 1575 1949 ut
1599 1899 1712 1949 motum

357 1981 522 2062 ponderum
547 1980 585 2040 ad
610 1980 749 2054 Terram,
781 1978 916 2060 chalybis
942 1981 979 2040 ad
1005 1991 1194 2060 magnetem,
1229 1980 1258 2041 iu
1289 1979 1368 2041 linea
1392 1988 1476 2040 recta
1498 1978 1561 2039 lieri
1587 1995 1712 2039 necesse

356 2077 420 2142 est;
446 2067 523 2130 alias
546 2087 604 2128 nou
629 2087 732 2129 omnes
756 2080 859 2148 partes
883 2077 983 2130 motus
1007 2071 1045 2129 ad
1066 2070 1190 2131 eundem
1214 2069 1301 2130 finem
1320 2067 1492 2140 tenderent,
1517 2066 1571 2127 sed
1596 2066 1626 2127 in
1645 2085 1711 2127 me·

356 2157 405 2220 dio
431 2157 536 2218 itinere
562 2156 687 2226 alicubi,
723 2157 800 2236 quod
831 2165 898 2218 erat
928 2159 1086 2219 uniendum
1110 2158 1212 2232 alteri,
1245 2157 1421 2219 deflecteret
1450 2157 1488 2217 ab
1512 2157 1569 2216 hac
1594 2155 1713 2216 unionis

353 2246 560 2310 affectatione.
608 2246 725 2306 Eadem
750 2247 785 2306 de
810 2245 961 2307 contrario
986 2259 1067 2308 motu
1092 2246 1309 2326 separationis,
1342 2246 1390 2325 qui
1416 2246 1444 2307 iu
1468 2243 1559 2307 rebus
1583 2253 1712 2305 natura-

355 2335 431 2398 libus
455 2336 605 2398 violentus
629 2334 755 2409 dicitur,
792 2334 989 2412 intelligenda
1019 2345 1099 2397 sunt.
1146 2336 1225 2396 Nam
1250 2336 1278 2395 ei
1301 2336 1393 2396 etiam
1418 2332 1588 2396 contrarius
1613 2345 1712 2394 motus

354 2424 497 2487 unitionis
529 2423 622 2485 motui
655 2425 817 2503 competit:
852 2431 952 2485 rectus
986 2425 1090 2504 igitur,
1125 2424 1195 2504 quia
1226 2435 1308 2485 recto
1342 2443 1399 2485 non
1425 2423 1482 2484 uisi
1507 2434 1609 2484 rectus
1637 2441 1712 2483 cou-

353 2514 475 2576 trarius.

442 2601 517 2663 Luci
540 2619 597 2660 nou
623 2599 717 2661 unitio
742 2600 794 2660 sed
819 2601 1021 2679 separationis
1054 2602 1166 2681 aliquid
1200 2602 1296 2662 simile
1326 2601 1470 2680 competit
1494 2610 1526 2661 et
1550 2598 1713 2678 ejaculatio

353 2690 573 2753 violentissima
598 2707 650 2749 seu
675 2690 804 2751 efllurns
834 2688 963 2769 quidam.
1010 2690 1092 2770 Ergo
1117 2699 1148 2752 et
1180 2702 1279 2752 motus
1313 2698 1422 2753 rectus.
1471 2690 1536 2751 Aut
1559 2689 1584 2749 si
1611 2688 1713 2768 placet

353 2780 402 2842 dic
428 2779 589 2842 unitionem
613 2778 678 2857 ejus
708 2779 801 2851 lucis,
836 2799 912 2858 quae
947 2790 994 2840 est
1027 2780 1055 2841 in
1091 2780 1203 2852 lucido,
1238 2800 1303 2841 cnm
1336 2800 1366 2841 re
1391 2779 1581 2841 illustranda.
1632 2777 1714 2838 ldern

355 2889 482 2949 namque
506 2877 658 2948 sequetur.

443 2956 506 3018 Sed
530 2975 624 3035 neque
649 2975 686 3016 er
712 2955 785 3016 lucis
811 2964 918 3017 natura
942 2965 990 3016 est
1013 2975 1105 3017 curra
1130 2956 1217 3019 linea.
1256 2957 1334 3018 Nam
1359 2977 1412 3036 per
1435 2953 1465 3018 3.
1491 2975 1524 3016 se
1549 2957 1618 3036 ipsa
1640 2965 1715 3035 apta

353 3055 401 3108 est
426 3046 454 3108 in
480 3043 624 3106 inlinitum
647 3044 818 3123 prorogari:
851 3045 946 3106 lineae
971 3064 1040 3106 rero
1065 3064 1189 3118 cumae,
1214 3055 1361 3124 quatenus
1385 3064 1495 3106 cnrrae
1519 3045 1548 3106 in
1574 3065 1607 3107 se
1631 3046 1714 3125 ipsas

356 3136 483 3197 redeunt
506 3143 537 3193 et
561 3133 766 3194 terminantur.

443 3225 531 3304 Prop.
559 3223 597 3285 V.
651 3223 762 3283 Lucis
786 3234 905 3283 motus
930 3241 996 3282 nnn
1020 3230 1079 3283 est
1103 3222 1135 3282 in
1162 3230 1342 3302 tempore,
1368 3223 1432 3282 sed
1457 3222 1490 3283 in
1515 3233 1712 3284 momento.

355 3315 433 3376 h'am
470 3327 503 3374 ut
537 3313 564 3372 in
598 3311 682 3374 libris
707 3313 743 3372 de
775 3320 855 3372 motu
891 3311 1127 3371 demonstratam
1158 3320 1206 3372 est
1239 3313 1277 3372 ah
1306 3312 1493 3383 Aristotele,
1524 3331 1714 3373 commensus

354 3403 475 3483 quidam
491 3413 538 3462 est
558 3401 701 3480 temporis
722 3401 759 3460 ad
780 3420 846 3462 eam
867 3400 1099 3478 proportionem,
1125 3409 1264 3478 quaeest
1284 3402 1361 3461 inter
1381 3403 1520 3462 rirtntem
1542 3413 1713 3462 moreuteur

354 3503 387 3553 et
410 3492 526 3571 pondus
560 3510 611 3550 sen
646 3491 754 3549 molem
788 3488 946 3561 mobilem,
979 3488 1040 3548 sire
1071 3489 1211 3566 ponderis
1240 3491 1277 3549 ad
1312 3491 1450 3550 medium.
1498 3489 1561 3551 Sed
1590 3490 1640 3551 hic
1668 3489 1727 3550 ris'

354 3600 477 3644 movens
501 3580 539 3639 ad
565 3579 659 3638 lucem
684 3578 860 3638 movendam
886 3577 1030 3638 infinitam
1060 3577 1152 3637 hahet
1181 3580 1423 3656 proportionem:
1455 3580 1525 3658 quia
1549 3579 1606 3640 luci
1632 3579 1714 3640 nulla

356 3669 501 3739 materia,
537 3687 627 3745 qnare
659 3686 753 3747 neque
786 3667 912 3745 pondus.
967 3666 1012 3725 lta
1045 3667 1173 3727 medium
1207 3667 1264 3727 luci
1297 3668 1368 3728 nihil
1399 3668 1527 3741 resistit,
1564 3668 1636 3748 quia
1662 3667 1714 3728 lux

357 3759 484 3818 materia
508 3764 592 3817 caret
615 3775 669 3834 per
700 3774 787 3835 quarn
812 3757 865 3816 liat
896 3755 1080 3815 resistentia.
1129 3754 1209 3832 Ergo
1239 3755 1313 3815 lucis
1343 3757 1459 3818 infinita
1486 3757 1629 3818 celeritas
1653 3765 1711 3818 est.

446 3846 537 3923 Prop.
565 3845 617 3905 Vl.
667 3845 754 3905 Luci
787 3863 862 3905 curn
894 3843 1059 3903 discessu
1084 3865 1102 3902 a
1126 3852 1256 3904 centro
1287 3845 1428 3905 accidit
1458 3846 1585 3923 aliqua
1615 3854 1716 3906 atte-

358 3934 487 3996 nuatio
512 3934 547 3993 in
573 3934 694 3994 latum.
742 3934 821 3994 h'arn
846 3934 895 3993 lux
918 3952 972 4012 per
995 3928 1024 3992 2.
1052 3941 1080 3991 et
1106 3928 1136 3993 4.
1163 3933 1285 3994 intinitis
1316 3934 1407 3994 rectis
1439 3935 1614 4013 egreditur:
1645 3934 1716 3996 illae

358 4042 428 4084 rero
457 4023 624 4101 junctiores
658 4022 788 4082 suntad
823 4030 974 4091 centrum,
1009 4022 1079 4099 quia
1112 4021 1237 4082 totidem
1267 4023 1295 4082 in
1329 4034 1458 4100 angusto
1492 4024 1558 4085 loco
1589 4034 1664 4103 quot
1687 4023 1716 4083 in

358 4113 459 4192 spatio
483 4112 600 4189 majori.
648 4110 709 4172 Sed
734 4111 809 4171 haec
833 4119 881 4171 est
904 4110 1037 4170 delinitio
1066 4110 1223 4170 tenuitatis
1247 4122 1279 4171 et
1308 4111 1478 4173 densitatis.
1526 4112 1608 4188 Ergo
1633 4121 1716 4173 atte-

361 4211 469 4263 nuatur
493 4202 522 4261 in
548 4202 650 4261 latnrn.

449 4292 536 4368 Prop.
564 4289 633 4348 l'll.
681 4288 793 4349 Lucis
818 4287 924 4348 radio
949 4306 1025 4348 cnm
1050 4287 1224 4347 discessu
1249 4308 1268 4349 a
1291 4299 1419 4349 centro
1449 4289 1552 4351 nulla
1576 4289 1717 4351 accidit

359 4378 578 4440 attenuatio
613 4377 644 4436 in
679 4377 840 4455 longum:
876 4376 942 4436 lroc
976 4384 1035 4437 est
1067 4395 1138 4435 non
1169 4396 1242 4454 qno
1277 4378 1442 4456 longior
1475 4378 1622 4439 radius
1651 4378 1717 4439 hoc

360 4470 481 4530 rarior
504 4485 567 4526 seu
591 4466 776 4544 sparsior,
802 4475 955 4544 propter
978 4465 1126 4542 quidem
1152 4465 1246 4527 hanc
1275 4467 1395 4544 ipsam
1428 4466 1717 4544 longitudinem.

361 4558 393 4619 lu
418 4556 671 4636 genesi'namque
695 4554 879 4633 geometrica
902 4554 1051 4631 sphaerici
1076 4554 1147 4615 nihil
1168 4555 1230 4614 tale
1254 4556 1382 4633 cogitari
1407 4566 1519 4636 potest.
1560 4557 1627 4618 Lux
1647 4575 1718 4617 reto

360 4647 443 4708 illam
467 4644 592 4705 affectat
615 4663 670 4703 sua
693 4643 738 4703 sui
763 4642 855 4721 ipsius
887 4642 1165 4703 communicatione.
1212 4642 1377 4705 Praeterea
1408 4645 1562 4723 proportio
1594 4644 1716 4705 virtutis

362 4733 539 4813 ejaculantis
572 4731 610 4792 ad
637 4731 666 4791 id
700 4732 777 4812 qnod
809 4730 905 4791 eftlnit
940 4729 1054 4789 intinita
1084 4743 1150 4804 est,
1190 4751 1255 4792 cunr
1287 4742 1390 4794 careat
1420 4734 1547 4794 materia
1571 4743 1718 4812 utsupra

362 4823 493 4896 dictum;
527 4828 559 4880 et
581 4839 634 4899 per
658 4818 688 4882 5.
714 4829 811 4880 motus
836 4821 868 4879 tit
894 4820 920 4878 in
947 4830 1115 4879 rnnrnento:
1147 4830 1179 4881 et
1199 4840 1252 4899 per
1277 4822 1305 4882 3.
1332 4822 1361 4883 in
1395 4822 1551 4884 inlinitum.
1600 4819 1716 4902 Ubique

362 4910 453 4989 igitur
475 4911 505 4971 in
529 4909 673 4970 inlinitum
707 4907 842 4987 aequalis
866 4919 915 4966 est
948 4907 1032 4984 rigor
1062 4909 1241 4985 ejaculatis,
1276 4911 1300 4971 is
1326 4912 1389 4990 ipse
1423 4929 1529 4992 nempe
1560 4911 1665 4993 quiet
1689 4911 1717 4972 in

363 4998 488 5082 origiue.
535 4995 637 5067 Quare
661 5007 694 5059 et
716 4996 850 5075 aequalis
874 4994 902 5056 in
928 4997 1047 5074 longum
1071 4997 1215 5059 thrtitudo
1241 5001 1327 5064 radii.
