3692 5842
709 461 837 525 appendix
855 463 888 512 ad
910 460 992 526 capnt
1009 463 1030 515 1.
1485 466 1541 532 151

183 613 299 693 constal
319 643 349 692 et
368 636 450 710 niger
470 645 523 694 est.
563 640 642 711 Ergo
664 642 846 710 corrumpit-ur
867 658 886 695 a
907 642 968 695 luce
990 643 1134 711 paulatim.
1176 643 1248 696 Hinc
1268 645 1346 697 dolor
1364 646 1401 699 ab
1423 644 1546 715 inspecto

184 716 269 772 Sole:
290 717 357 772 hinc
377 718 517 774 oculorum
538 720 643 774 senium
664 739 701 775 ex
723 730 814 791 parte.

275 816 320 869 Aa
349 815 384 870 11.
425 817 469 870 De
498 818 619 871 colorum
650 818 753 872 visione
783 819 904 871 inductio
934 820 1011 873 sacta
1038 828 1089 873 est.
1138 820 1276 873 laetantia
1305 838 1370 874 vero
1401 823 1483 875 datur
1512 824 1546 876 ds

185 896 293 950 visione
320 895 527 950 scintillationis
558 899 715 961 oculorum;
747 902 780 951 do
809 900 911 952 visione
943 900 1045 968 speciei
1076 899 1244 952 inhaerentis
1266 901 1292 952 in
1318 900 1460 970 spiritibus
1481 909 1546 971 post

184 975 367 1029 remotionem
387 975 503 1029 visibilis
527 978 582 1039 rei;
605 981 638 1031 de
653 979 758 1031 visione
780 979 947 1048 impuritatis
970 981 1110 1033 humorum
1126 978 1196 1031 oculi
1218 988 1283 1048 post
1304 981 1403 1049 capitis
1425 982 1544 1036 dolores.

183 1057 263 1126 Ergo
284 1072 340 1109 non
360 1062 455 1125 potest
475 1058 508 1109 de
530 1059 601 1111 omni
631 1059 736 1111 visione
764 1060 905 1112 concludi:
938 1067 1055 1122 nonest
1084 1059 1170 1129 igitur
1201 1061 1339 1113 conclusio
1367 1060 1543 1116 universalis.

183 1135 239 1190 Sed
261 1142 291 1188 et
312 1136 375 1205 plus
396 1143 440 1189 est
461 1136 489 1189 in
509 1138 683 1191 conclusione
705 1156 785 1209 quam
808 1140 834 1192 in
857 1140 1026 1207 praemissis.
1069 1140 1137 1201 Quid
1161 1147 1217 1193 turn
1240 1141 1310 1192 enim
1333 1140 1356 1192 si
1378 1143 1544 1196 concedatur

183 1231 295 1285 semper
315 1215 388 1268 iuter
408 1216 527 1270 colorem
548 1225 577 1271 et
598 1220 684 1271 visum
707 1220 841 1272 interesse
863 1220 973 1289 aliquod
995 1220 1124 1282 medium,
1152 1222 1269 1273 nondum
1296 1227 1389 1273 tamen
1411 1221 1542 1290 sequitur,

184 1295 270 1364 plane
291 1295 395 1365 requiri
416 1297 531 1350 medium
554 1300 588 1350 ad
610 1299 807 1353 informandam
830 1300 960 1352 visionem
982 1318 1030 1353 seu
1053 1302 1086 1353 ad
1108 1301 1267 1353 movendum
1289 1300 1385 1355 visum.

275 1392 346 1445 Nam
368 1409 416 1445 cur
436 1394 523 1447 minus
545 1405 693 1449 cernantur
713 1399 819 1450 colores
841 1398 919 1449 oculo
942 1398 1024 1465 plane
1046 1397 1147 1450 admoti
1163 1413 1264 1449 causae
1286 1399 1437 1451 redduntur
1458 1398 1541 1453 aliae.

189 1470 219 1535 Ι)
239 1471 269 1526 si
290 1472 381 1535 color,
412 1473 465 1526 hoc
495 1483 538 1527 est
574 1476 730 1545 superficies
762 1477 802 1529 rei
839 1476 952 1529 visibilis
983 1485 1116 1547 tangeret
1146 1478 1268 1539 oculum,
1301 1479 1408 1530 doleret
1438 1479 1542 1532 oculus.

185 1547 219 1619 2)
241 1552 326 1605 Unius
348 1554 449 1607 saltem
472 1555 543 1607 oculi
565 1572 630 1608 usus
652 1574 713 1608 esse
735 1565 838 1625 posset.
869 1552 900 1623 3)
916 1558 974 1609 Nec
994 1558 1056 1625 plus
1070 1559 1103 1609 de
1125 1557 1216 1609 colore
1238 1557 1312 1610 cerni
1333 1565 1437 1626 posset,
1462 1573 1543 1627 quam

184 1638 319 1703 quantum
340 1631 414 1686 intra
436 1633 567 1688 circulum
588 1636 711 1704 pupillae
733 1637 871 1689 foraminis
894 1636 994 1689 includi
1015 1644 1117 1706 potest.
1147 1633 1177 1701 4)
1192 1637 1374 1706 Praecipuum
1396 1643 1447 1701 est,
1470 1640 1543 1707 quod

183 1717 414 1781 percontantem
435 1714 550 1767 oculiet
572 1715 705 1769 videndae
727 1716 879 1785 superficiei
901 1717 1058 1771 excluditur
1073 1716 1158 1770 omnis
1180 1716 1330 1770 illustratio
1352 1717 1459 1780 coloris,
1483 1717 1542 1771 siue

182 1808 240 1862 qna
259 1791 357 1862 nequit
377 1793 435 1847 lieri
457 1794 545 1848 visio:
575 1795 626 1849 nisi
648 1805 780 1866 quantum
806 1795 916 1849 luculae
938 1796 1064 1849 obtinent
1091 1798 1257 1866 quorundam
1280 1797 1439 1850 animalium
1460 1795 1541 1851 oculi.

170 1871 215 1934 ¹5)
235 1871 358 1926 Subesse
379 1872 492 1942 insuper
513 1874 595 1928 aliam
617 1892 737 1939 causam,
760 1893 842 1946 quam
862 1876 906 1928 vel
928 1878 1062 1929 hactenus
1084 1876 1184 1929 dictum
1205 1877 1250 1928 rel
1271 1876 1438 1930 Aristoteles
1460 1881 1541 1931 autu·

184 1958 252 2013 mat,
275 1968 390 2006 curres
411 1955 519 2008 oculum
540 1963 661 2026 tangens
677 1975 730 2009 non
751 1957 885 2018 videatur,
909 1965 989 2024 patet
1009 1957 1072 2009 hinc
1094 1959 1163 2025 quod
1185 1956 1269 2009 etiam
1285 1973 1344 2009 cum
1364 1973 1409 2008 res
1431 1955 1542 2011 nimium

182 2031 340 2101 propinqua
360 2032 392 2086 tit
412 2034 507 2098 oculo,
536 2038 711 2105 quantumvis
739 2036 859 2104 supersit
884 2035 986 2105 aliquid
1008 2036 1086 2088 medii
1114 2035 1236 2098 externi,
1264 2043 1357 2088 tamen
1378 2034 1491 2087 confuse
1512 2041 1542 2089 et

182 2128 255 2181 pene
276 2128 332 2164 non
354 2113 486 2175 cernitur,
513 2117 560 2167 sed
583 2116 765 2169 circumdatur
793 2116 875 2169 limbo
895 2115 1047 2169 'indiscreto
1069 2123 1099 2169 ct
1119 2133 1190 2184 pene
1216 2114 1370 2178 umbratili,
1400 2114 1479 2183 cujus
1499 2114 1540 2168 rei

180 2206 268 2244 cansa
288 2191 363 2245 infra
383 2194 476 2262 capite
498 2194 593 2264 quinto
619 2196 785 2265 explicatur.
827 2198 916 2250 Nocet
942 2196 1036 2267 itaque
1057 2198 1131 2248 nuda
1158 2194 1350 2264 propinquitas
1376 2193 1460 2247 etiam
1481 2193 1540 2247 sine

181 2279 312 2340 respectu
334 2273 428 2335 medii,
460 2275 636 2344 quodetiam
663 2293 757 2329 senum
790 2274 860 2328 o'culi
892 2284 1030 2345 arguunt,
1062 2276 1160 2346 quibus
1182 2291 1225 2327 res
1256 2274 1360 2327 eminus
1391 2280 1542 2328 cernuntur

180 2350 285 2404 rectius
307 2368 389 2421 quam
411 2371 426 2405 e
449 2355 612 2425 propinquo.

272 2431 323 2485 His
345 2448 414 2502 ergo
436 2434 527 2487 causis
549 2436 732 2504 experimenti
754 2435 862 2488 adducti
884 2436 1105 2504 suppetentibus,
1127 2434 1263 2488 nonlicet
1282 2432 1483 2487 conclusionem
1503 2434 1540 2488 ul

181 2527 265 2564 unam
287 2509 417 2581 aliquam,
439 2514 634 2568 multominus
657 2518 690 2569 ad
713 2516 796 2569 aliam
818 2526 931 2583 praeter
951 2516 1003 2567 has
1025 2515 1209 2586 restringere,
1222 2514 1312 2585 idque
1338 2520 1418 2567 tanto
1438 2511 1538 2585 magis,

181 2593 253 2661 quod
275 2590 321 2643 hic
342 2593 523 2647 fundamenta
544 2595 656 2648 visionis
678 2596 861 2664 explicandae
883 2602 1038 2648 struuntur.

270 2673 315 2724 Ad
337 2673 382 2725 lIl.
425 2674 478 2727 Est
499 2674 665 2728 insulliciens
687 2675 857 2729 enumeratio
878 2676 905 2727 in
927 2675 1032 2742 majori.
1075 2676 1145 2728 Nam
1167 2691 1254 2743 neque
1281 2690 1379 2743 corpus
1400 2674 1472 2729 Solis
1493 2675 1538 2729 rel

179 2751 282 2804 coloris
305 2769 393 2821 neque
425 2755 540 2807 medium
567 2764 658 2808 moret
688 2757 811 2817 oculum,
844 2758 890 2807 sed
921 2756 1027 2823 species
1050 2772 1098 2807 seu
1128 2753 1230 2807 lumina
1251 2771 1301 2807 seu
1326 2754 1395 2807 radii
1416 2753 1488 2809 Solis
1509 2760 1540 2808 st

179 2832 303 2884 colorum
324 2848 375 2899 per
400 2834 517 2887 medium
544 2838 741 2889 descendentes
763 2844 792 2889 et
817 2835 1009 2888 orbiculariter
1030 2836 1057 2888 in
1078 2834 1307 2902 hemisphaerium
1333 2834 1444 2888 vibrati.
1486 2835 1539 2888 Est

179 2910 253 2963 enim
275 2927 345 2964 unus
369 2920 398 2964 et
419 2914 489 2966 idem
511 2917 604 2968 modus
630 2916 741 2970 visionis
763 2916 861 2977 omnis,
884 2915 941 2967 sive
963 2915 1050 2978 Solis,
1074 2915 1130 2967 sive
1152 2913 1263 2977 coloris,
1286 2914 1343 2966 sive
1365 2914 1452 2986 ignis,
1480 2914 1538 2966 sive

179 3009 235 3047 των
255 2996 437 3063 λαμποντων,
460 2997 530 3063 quod
551 2996 746 3049 alterationem
769 2995 883 3064 parietis
905 2996 977 3048 oculi
999 2996 1107 3048 attinet.
1137 2994 1204 3047 Sola
1224 2995 1294 3047 haec
1309 3001 1353 3047 est
1373 2993 1536 3057 differentia,

178 3072 252 3140 quod
274 3073 381 3124 colores
403 3074 478 3141 prius
505 3075 637 3128 illustrari
660 3084 785 3145 oportet,
808 3075 916 3144 reliqua
942 3093 971 3127 se
993 3076 1058 3144 ipsis
1080 3074 1201 3127 illustria
1221 3081 1293 3129 sunt.
1335 3074 1382 3128 Sol
1403 3075 1488 3129 etiam
1509 3080 1539 3130 et

177 3150 262 3220 ignis¹
277 3152 336 3204 alia
356 3152 478 3207 illustria
498 3157 622 3208 reddunt.

271 3232 374 3284 Verum
395 3234 562 3288 Aristoteles
585 3236 692 3288 videtur
714 3236 764 3287 hoc
785 3250 834 3302 pro
856 3235 981 3287 confesso
1006 3250 1158 3295 assumere,
1184 3237 1254 3304 quod
1277 3236 1383 3304 species
1405 3243 1537 3305 tanquam

178 3312 283 3365 nudum
304 3312 430 3366 accidens
451 3332 505 3368 non
528 3316 616 3383 possit
636 3315 761 3368 excitare
791 3315 910 3383 aliquam
939 3314 1100 3377 rnotioneru,
1132 3314 1183 3366 nisi
1205 3322 1340 3383 quatenus
1362 3315 1389 3368 in
1411 3314 1537 3383 subjecto

178 3397 246 3444 aere
275 3392 414 3460 pellucido
445 3394 581 3448 inhaeret.
626 3398 685 3448 lloc
713 3412 777 3446 vero
806 3395 905 3447 falsum
927 3403 983 3455 est,
1016 3402 1047 3445 ut
1074 3395 1126 3446 hoc
1154 3395 1245 3462 capito
1276 3403 1424 3447 ostensum.
1467 3395 1537 3447 Nam

181 3472 292 3524 luminis
314 3488 364 3524 seu
384 3474 523 3528 radiorum
545 3478 581 3529 ab
602 3475 756 3528 illustribus
778 3475 999 3527 descendentium
1020 3482 1085 3526 sunt
1105 3481 1200 3526 certae
1221 3474 1378 3542 passiones,
1401 3479 1537 3544 quatenus

181 3553 274 3605 lumen
296 3570 350 3605 non
379 3562 514 3623 quatenus
536 3556 563 3608 in
592 3555 728 3624 pellucido
750 3560 816 3608 aire
841 3555 983 3616 inhaeret,
1011 3554 1160 3622 cujusmodi
1189 3561 1254 3606 suut
1279 3554 1386 3607 emissio
1408 3561 1438 3605 et
1458 3558 1537 3605 exte·

182 3631 289 3694 nuatio,
313 3631 400 3702 iisque
421 3636 575 3688 contrariae
596 3635 768 3705 repercussio
790 3644 819 3687 et
839 3635 969 3689 refractio
988 3651 1037 3686 seu
1059 3632 1245 3686 condensatio.
1287 3635 1363 3703 Ergo
1386 3632 1454 3685 nihil
1474 3648 1537 3701 pro-

181 3712 261 3766 hihet
280 3711 406 3780 ejusdem
419 3714 504 3768 etiam
518 3716 640 3769 actiones
662 3718 793 3785 quasdam
808 3732 877 3776 esse,
900 3731 1007 3783 nempe,
1029 3714 1204 3782 experientia
1219 3721 1300 3776 teste,
1323 3712 1537 3767 illustrationem

181 3800 211 3845 et
231 3792 429 3848 alterationem
451 3796 595 3863 parietum,
618 3796 715 3865 quibus
732 3814 783 3848 non
798 3803 905 3848 tantum
928 3796 1105 3847 offunduntur
1127 3794 1232 3848 colores
1247 3812 1296 3848 seu
1311 3796 1369 3857 lux,
1392 3795 1439 3846 sed
1454 3791 1538 3846 etiam

180 3873 375 3942 imprimuntur
396 3882 426 3927 et
447 3876 576 3930 contrarii
599 3878 785 3929 destruuntur.

270 3953 370 4007 Subire
391 3963 484 4010 autem
505 3957 597 4009 lumen
618 3958 738 4009 defluens
766 3956 908 4025 passiones
938 3955 1006 4008 istas
1029 3955 1087 4008 sinc
1114 3954 1245 4009 beneficio
1273 3953 1386 4023 hospitii
1408 3971 1457 4009 seu
1478 3954 1537 4024 pel·

180 4032 272 4097 lucidi,
295 4032 335 4086 sic
356 4036 452 4102 probo.
494 4038 683 4106 Repercussus
704 4039 736 4089 fit
761 4045 888 4105 respectu
911 4035 963 4088 loci
985 4043 1014 4088 et
1035 4035 1093 4088 sine
1119 4033 1256 4105 teinpore,
1284 4043 1315 4088 at
1335 4034 1404 4087 nulli
1430 4032 1538 4104 corpori

180 4114 330 4168 materiato
352 4121 442 4168 motus
465 4116 561 4170 localis
582 4117 640 4170 sinc
662 4123 786 4186 tempore
808 4116 948 4185 competit.

271 4193 343 4255 Quid
365 4193 387 4247 si
410 4213 475 4248 vero
497 4196 570 4249 dicat
592 4196 700 4265 aliquis,
722 4196 889 4249 Aristoteles
915 4202 1016 4249 motum
1041 4196 1114 4248 hunc
1135 4213 1184 4249 seu
1210 4194 1382 4248 affectionem
1407 4190 1538 4261 pellucidi

180 4274 358 4345 analogicnm
379 4292 433 4329 non
460 4277 543 4345 plane
575 4276 719 4345 physicam
750 4276 872 4330 asserit?
903 4277 1081 4345 Respondes,
1112 4292 1209 4330 sensus
1237 4275 1323 4345 igitur
1343 4269 1536 4325 Aristotelicas

179 4354 318 4408 coincidet
338 4372 399 4408 cum
420 4373 502 4409 sensu
524 4357 683 4425 opticorum,
707 4356 835 4409 different
855 4364 948 4410 tamen
968 4357 1064 4409 verba.
1093 4360 1133 4408 at
1153 4373 1201 4409 cur
1222 4373 1276 4407 non
1296 4351 1388 4422 potius
1410 4358 1537 4405 naturam

179 4451 270 4490 rernm
292 4434 415 4489 imitatus
437 4436 465 4489 in
485 4438 546 4489 luce
567 4437 669 4490 statuit
688 4444 789 4490 motum
811 4435 1007 4505 analogicum?
1035 4436 1106 4489 Nam
1127 4438 1199 4506 quod
1220 4433 1301 4488 audio
1321 4433 1357 4485 ab
1379 4430 1458 4485 aliis:
1487 4431 1538 4486 lux

179 4533 230 4570 sen
255 4515 363 4585 species
389 4533 492 4570 merum
521 4518 646 4570 accidens
675 4517 821 4570 motionem
854 4516 959 4569 nullam
987 4515 1123 4569 sustinere
1149 4522 1257 4586 potest,
1287 4528 1386 4581 regere
1419 4528 1473 4583 ego
1500 4527 1539 4566 ex

179 4597 277 4650 eadem
299 4595 488 4665 philosophia,
519 4613 617 4666 corpus
640 4596 666 4649 in
691 4603 827 4651 momento
855 4596 957 4650 moveri
979 4614 1033 4648 non
1054 4602 1157 4665 potest.
1200 4594 1290 4657 Quale
1318 4591 1413 4661 itaque
1439 4607 1537 4662 corpas

178 4675 248 4730 lucis
270 4670 345 4744 (sine
366 4672 499 4744 materia)
521 4677 586 4731 talis
608 4682 637 4728 et
657 4683 746 4730 motus
770 4674 840 4742 (sine
862 4670 1009 4745 tempore),
1031 4682 1177 4747 utrumque
1199 4672 1385 4745 analogicum.

268 4765 399 4821 Summa:
421 4765 529 4820 ridetur
541 4765 708 4819 Aristoteles
730 4767 900 4837 distinguere
916 4767 988 4821 inter
1008 4765 1126 4836 speciem
1147 4764 1267 4817 colorum
1287 4768 1316 4814 et
1335 4782 1368 4817 ro
1388 4780 1458 4835 φως,
1478 4777 1539 4817 curn

179 4853 274 4902 tamen
296 4847 333 4899 ab
354 4844 426 4900 omni
447 4846 547 4910 colore,
570 4863 630 4916 cum
650 4846 767 4909 videtur,
789 4847 881 4900 lumen
903 4855 1063 4918 spargatur.

269 4923 372 4995 Maiori
392 4924 486 4997 itaque
508 4926 645 4980 dasoluta
657 4942 747 4997 neque
767 4926 905 4981 conclusio
928 4926 1061 4997 sequitur.
1090 4923 1182 4985 Quare
1203 4923 1238 4976 ad
1252 4921 1299 4977 IV.
1321 4920 1403 4977 facile
1423 4936 1538 4993 respon·

179 5007 271 5072 asur,
293 5005 373 5076 cujus
393 5006 481 5062 minor
501 5006 555 5062 tuit
574 5006 602 5062 in
622 5007 671 5062 ut
693 5006 831 5061 conclusio
851 5012 882 5061 ot
901 5006 1018 5062 inventa
1037 5012 1082 5060 est
1102 5002 1184 5059 turra
1216 5000 1336 5059 Medium
1356 5002 1429 5058 enirn
1448 5019 1538 5078 nsque
