3692 5842
859 470 943 536 corut
959 469 1003 521 xr.
1543 475 1609 544 aaa

245 646 283 709 ad
307 645 416 709 horam
441 641 473 709 6.
497 643 530 710 δ’
551 647 711 709 Huenuae.
756 647 938 711 Differentia
961 648 1055 728 igitur
1079 650 1310 712 meridianorum
1340 652 1460 715 circiter
1487 653 1537 717 15¹
1562 657 1610 717 vel

245 732 267 799 4
289 735 406 815 gradus
429 735 637 816 probabiliter.

333 825 429 888 Anno
455 821 551 889 1602.
576 822 629 890 25.
645 825 723 888 Maii
747 826 794 886 vel
811 823 952 900 111111,
977 826 1096 906 Pragae
1116 828 1316 891 Bohemorum
1340 830 1499 893 observavi
1523 834 1610 895 finem

246 914 369 994 eclipsis
400 914 531 978 Lnnsris
565 915 595 977 in
627 916 705 977 hunc
738 915 868 977 modum.
921 916 1118 994 Horologium
1150 918 1302 998 'tychonis
1335 920 1373 980 ad
1406 940 1512 983 manus
1545 932 1612 984 erat

245 1004 364 1066 minuta
386 1011 421 1065 et
442 1004 575 1066 secunda
598 1004 743 1066 indicans.
790 1004 887 1077 Illud,
921 1012 1071 1084 utcunque
1103 1006 1188 1068 initio
1213 1026 1318 1068 cursus
1347 1019 1456 1089 capto,
1488 1031 1609 1073 accom-

246 1093 408 1155 modabam
432 1094 472 1155 ad
494 1092 576 1156 Solis
600 1093 766 1156 occidentis
791 1092 982 1154 altitudinem
1005 1088 1064 1177 41,
1095 1097 1253 1176 graduum.

246 1225 324 1289 Tych.
343 1224 499 1293 horologium
518 1224 550 1276 dl
568 1223 620 1276 ta‘.
640 1226 753 1276 Altitudo
773 1224 837 1275 Solis
856 1233 911 1290 post
929 1233 1039 1276 montem
1057 1230 1138 1278 euntis
1158 1225 1190 1276 4⁰
1207 1226 1259 1278 to.
1279 1229 1348 1280 Vera
1366 1244 1425 1295 ergo
1442 1231 1504 1282 hora
1523 1228 1546 1280 7.
1567 1229 1610 1281 24’

413 1332 428 1357 „
519 1295 858 1347 fl.5‘2.hdhucirisrisa
1307 1335 1321 1360 „
1379 1338 1392 1362 „
1468 1301 1609 1363 ,7.33.

412 1405 426 1429 „
517 1367 542 1419 7.
565 1393 600 1405 -
636 1368 776 1434 Vestigium
806 1368 883 1417 iridis.
931 1367 1016 1419 Nubes
1047 1370 1153 1422 colorem
1183 1370 1246 1421 Solis

674 1440 808 1489 occidentis
827 1438 976 1490 exhibebant
1011 1476 1018 1491 .
1057 1479 1062 1491 .
1100 1479 1106 1491 .
1145 1479 1151 1492 .
1190 1479 1197 1492 .
1234 1480 1240 1493 .
1307 1479 1320 1501 „
1379 1480 1391 1503 „
1467 1480 1479 1504 „
1520 1444 1607 1497 111.

380 1535 384 1543 ·
411 1547 424 1571 „
516 1509 541 1561 7.
582 1510 606 1561 1.
636 1512 752 1562 Urbicum
769 1510 922 1576 horologium
941 1509 1014 1560 24¹1.
1052 1545 1060 1563 .
1098 1550 1104 1562 .
1143 1551 1149 1563 .
1188 1549 1194 1563 .
1233 1549 1240 1564 .
1305 1551 1318 1573 „
1376 1551 1389 1575 „
1466 1553 1478 1575 „
1518 1513 1542 1564 7.
1561 1514 1604 1567 12.

411 1618 425 1641 „
517 1580 608 1632 art.
683 1618 696 1642 ,
842 1618 855 1642 ,
959 1580 1237 1635 o.15‘....
1305 1622 1317 1644 „
1376 1623 1388 1646 „
1465 1586 1604 1645 ,7.58.

640 1653 752 1705 Occasus
771 1652 834 1704 Solis
852 1668 896 1717 per
914 1654 1051 1716 calculum,
1071 1664 1099 1704 ut
1118 1658 1194 1706 etiarn
1214 1672 1244 1706 ex
1697 1670 1700 1677 ·

674 1725 849 1789 proportionali
868 1729 1084 1790 argumentatione
1106 1729 1244 1778 altitudinis

675 1803 812 1847 annotatae
839 1798 913 1860 prius.
960 1798 1034 1849 Luna
1066 1805 1121 1849 orta
1152 1806 1191 1850 est
1220 1800 1245 1849 in

676 1868 766 1917 crassis
784 1869 897 1917 nubibus.

414 1974 427 1998 „
518 1936 544 1987 8.
586 1937 610 1987 2.
638 1937 720 1989 Primo
738 1941 816 1988 risum
834 1940 932 1988 luminis
951 1940 1039 1990 Lunae
1058 1941 1187 2007 vestigium
1234 1975 1240 1989 .

412 2046 426 2069 „
517 2007 543 2058 8.
566 2008 607 2059 to.
635 2010 675 2059 De
693 2011 800 2060 rotunda
819 2012 1117 2062 circumferentiaLuuae
1141 2008 1171 2075 Ἰ.
1193 2013 1236 2062 ab·

677 2090 741 2139 erat,
760 2083 849 2132 umbra
867 2083 1000 2146 spectabat
1018 2084 1083 2133 inira
1100 2084 1188 2133 Jorom
1235 2119 1241 2135 .

414 2187 428 2210 „
518 2149 546 2200 8.
572 2149 612 2201 19.
640 2149 757 2203 Nondum
777 2156 855 2202 omnis
875 2155 984 2203 desierat
1015 2191 1020 2201 .
1058 2190 1064 2203 .
1103 2191 1109 2203 .
1148 2191 1154 2203 .
1192 2190 1199 2205 .
1236 2191 1243 2204 .

413 2258 427 2282 „
518 2219 543 2271 8.
567 2220 610 2271 21.
637 2223 700 2274 Visa
718 2226 926 2283 circumferentia,
945 2226 989 2274 sed
1007 2224 1101 2289 pallida
1147 2261 1153 2275 .
1192 2263 1198 2274 .
1237 2261 1243 2275 .

338 2339 477 2402 Desierit
500 2358 573 2402 saue
598 2341 692 2401 omnis
717 2360 775 2402 uno
805 2341 920 2403 minuto
948 2347 1031 2420 post,
1058 2361 1101 2402 sc.
1126 2341 1155 2402 h.
1181 2338 1210 2405 9.
1237 2338 1277 2416 3‘,
1304 2343 1438 2404 calculus
1462 2343 1613 2425 Tychonis

253 2427 389 2491 exhibuit
411 2430 499 2491 finem
523 2429 553 2491 h.
579 2425 608 2492 9.
636 2426 697 2506 19‘,
720 2430 810 2510 idque
833 2449 888 2509 per
910 2430 1072 2503 horarium,
1098 2431 1309 2512 aequationem
1334 2432 1490 2510 temporis,
1516 2435 1611 2495 semi-

252 2519 415 2581 diametros
438 2519 543 2580 Lunae
568 2525 600 2579 et
622 2519 755 2591 umbrae,
779 2528 811 2580 et
833 2520 1064 2581 meridianorum
1079 2520 1243 2600 Pragensis
1263 2529 1294 2582 et
1309 2510 1498 2583 Huenneusis
1524 2522 1611 2584 diffe.

252 2608 380 2670 rentiam
405 2628 425 2670 a
448 2608 590 2690 Tyohone
616 2609 802 2670 constituta:
828 2628 902 2689 quae
928 2610 1038 2671 mutari
1061 2617 1197 2690 possunt,
1223 2611 1310 2671 salva
1333 2611 1503 2693 hypothesi,
1528 2612 1613 2692 ipsos

252 2698 397 2761 articulos
421 2696 643 2777 oppositionum
667 2706 925 2777 repraesentante.

339 2785 536 2849 Problema
566 2786 655 2849 XXI.
709 2786 839 2848 Locum
870 2787 994 2848 Lunae
1024 2785 1210 2848 visibilem
1242 2785 1436 2850 secundum
1467 2788 1609 2868 longum

250 2884 285 2938 et
308 2878 426 2939 latum
450 2877 493 2938 ad
524 2876 622 2937 fixas
653 2894 866 2955 comparare
894 2877 928 2937 in
957 2876 1168 2956 praecipuis
1199 2876 1387 2957 phasibus.
1435 2877 1610 2939 Admonitio

249 2966 352 3047 potins
377 2975 426 3027 est
449 2966 485 3027 de
509 2965 563 3039 iis,
597 2966 726 3045 quaein
759 2966 920 3045 eclipsibus
944 2966 1048 3026 Lunae
1080 2966 1195 3029 utiliter
1227 2966 1442 3042 observantur,
1473 2986 1509 3027 ne
1534 2968 1612 3029 forte

249 3056 462 3136 negligantur,
496 3064 527 3117 et
560 3055 769 3133 cognationem
801 3055 973 3117 nonnullam
1007 3053 1100 3115 habet
1130 3075 1195 3116 cum
1231 3051 1279 3118 19.
1309 3056 1486 3136 praemisso.
1534 3056 1612 3118 Nam

247 3146 334 3207 varie
367 3144 431 3205 fieri
463 3152 577 3224 potest.
625 3142 778 3222 Optimum
803 3144 829 3205 si
855 3144 977 3223 eclipsis
1001 3143 1030 3203 in
1061 3143 1206 3224 principio
1231 3144 1341 3207 Cancri
1365 3146 1413 3206 vel
1438 3145 1613 3225 Capricorni

246 3234 352 3309 luerit,
378 3233 462 3313 cujus
485 3233 614 3294 medium
638 3233 667 3293 in
691 3233 789 3312 ipsum
814 3234 917 3294 Lunae
942 3232 1101 3312 appulsum
1124 3234 1163 3294 ad
1187 3235 1339 3295 meridiem
1364 3235 1530 3296 coincidet:
1563 3236 1610 3296 vel

245 3324 276 3386 in
304 3342 481 3406 quocunque
505 3323 601 3403 signo,
627 3322 696 3383 dum
712 3323 799 3383 Luna
816 3322 896 3383 circa
919 3321 1046 3383 medium
1070 3321 1097 3382 iu
1123 3323 1316 3401 nonagesimo
1334 3324 1429 3403 gradu
1452 3324 1610 3399 consistat,

243 3423 279 3477 et
311 3433 372 3475 non
406 3413 495 3494 longe
527 3413 565 3474 ab
598 3412 700 3490 aliqua
732 3412 791 3471 fixa
821 3412 983 3472 secundnm
1013 3409 1231 3489 longitudinem
1264 3420 1461 3475 removeatur.
1510 3414 1556 3475 m
1586 3414 1610 3474 si

244 3510 339 3565 extra
364 3503 419 3563 hos
448 3501 589 3563 articulos
619 3501 727 3569 fuerit,
762 3501 919 3562 dummodo
945 3500 984 3560 ad
1017 3500 1146 3560 medium
1178 3500 1297 3581 eclipsis
1332 3502 1525 3575 attendatur,
1557 3521 1611 3581 per

241 3592 450 3674 parallaxium
474 3590 636 3653 Lunarinm
660 3589 872 3651 tractationem
896 3588 1125 3651 commoditates
1150 3597 1269 3650 ceterae
1298 3590 1431 3669 suppleri
1455 3600 1606 3670 poterunt.

340 3682 467 3743 Planum
498 3679 645 3742 horizonti
685 3679 933 3759 perpendiculare
967 3678 996 3740 in
1027 3676 1178 3739 meridiem
1211 3680 1257 3739 vel
1298 3681 1523 3758 nonagesimum
1561 3681 1608 3741 rel

242 3772 371 3835 omnino
396 3771 425 3833 iu
449 3771 554 3832 Lunae
578 3770 699 3848 plagam
723 3770 777 3830 sub
801 3768 930 3829 medium
961 3766 1081 3847 eclipsis
1112 3767 1217 3846 dirige.
1256 3768 1330 3829 Inde
1354 3777 1427 3829 nota
1450 3769 1610 3849 diligenter

243 3864 286 3925 ad
312 3861 502 3940 horologium
534 3860 715 3920 minutorum
740 3867 771 3919 et
801 3859 998 3918 secundorum
1031 3855 1176 3930 indicem,
1210 3857 1314 3937 quibus
1347 3858 1481 3919 articulis
1504 3858 1609 3920 Lunae

240 3969 355 4031 margo
379 3950 575 4012 occidentalis
604 3948 817 4026 orientalisque
842 3955 873 4007 et
896 3946 995 4007 vicina
1018 3946 1078 4005 fixa
1100 3946 1129 4006 in
1154 3947 1309 4030 meridiem
1340 3948 1482 4027 appellat.
1530 3949 1608 4010 Nam

244 4062 285 4105 ex
310 4040 472 4102 intervallo
488 4045 654 4117 temporum
679 4036 850 4098 differentia
872 4034 1087 4097 mediationum
1106 4035 1182 4096 coeli
1207 4036 1345 4098 habetur.
1385 4034 1500 4106 Quodsi
1525 4038 1612 4097 Luna

244 4133 276 4195 in
302 4130 371 4211 ipso
395 4127 518 4208 eclipsis
541 4128 639 4188 medio
669 4125 840 4187 constiterit
863 4123 893 4184 in
919 4124 1129 4204 nonagesimo,
1164 4126 1318 4204 negotium
1342 4126 1468 4204 longiori
1503 4126 1611 4186 circui-

243 4223 330 4284 tione
356 4237 414 4281 non
438 4216 554 4296 indiget
577 4217 763 4294 habeturque
784 4222 816 4275 et
830 4215 935 4275 Lunae
960 4222 991 4273 et
1015 4214 1137 4275 umbrae
1161 4222 1330 4276 centrurnm
1355 4215 1492 4275 ascensio
1516 4223 1610 4285 recta,

245 4331 265 4372 a
287 4309 392 4371 vicina
423 4307 485 4368 fixa
516 4313 692 4378 numerata;
725 4322 815 4384 quare
849 4309 881 4364 et
912 4302 1039 4364 remotio
1072 4303 1149 4363 fixae
1184 4324 1202 4363 a
1233 4312 1334 4364 centro
1366 4302 1455 4364 Solis.
1506 4303 1611 4384 Neque

244 4410 350 4462 tamen
375 4396 547 4476 spernenda
571 4402 642 4456 sunt
666 4393 726 4454 alia
750 4391 931 4452 adminicula
955 4392 1002 4452 his
1027 4392 1290 4452 commoditatibus
1314 4392 1459 4452 carentia.

337 4486 442 4570 Tycha
466 4504 519 4565 per
545 4491 642 4545 totam
674 4482 862 4543 durationem
897 4489 968 4540 ante
993 4489 1117 4560 etpost
1140 4480 1269 4541 medium
1299 4482 1469 4560 frequenter
1493 4481 1610 4560 accepit

247 4597 304 4659 per
327 4583 488 4637 sextantes
512 4582 544 4635 et
568 4572 703 4634 armillas
727 4570 889 4632 distantias
913 4570 1058 4648 marginis
1081 4568 1180 4629 illaesi
1205 4590 1223 4629 a
1246 4568 1352 4630 vicinis
1376 4568 1453 4629 fixis.

336 4663 480 4728 Proderit
508 4671 542 4724 et
574 4662 719 4723 linearum
753 4668 869 4720 tractus
903 4667 1068 4732 annotare,
1102 4666 1136 4717 ut
1167 4657 1349 4720 Maestlinns
1383 4658 1411 4718 in
1443 4667 1608 4721 ceterorum

250 4757 383 4819 siderum
406 4750 667 4815 observationibus
692 4758 741 4810 est
764 4748 882 4809 solitus.

335 4846 452 4909 Horum
484 4843 584 4922 aliquo
618 4840 705 4903 modo
739 4837 880 4899 credibile
911 4842 960 4896 est
987 4833 1190 4914 Hipparchum
1224 4853 1325 4907 usum;
1360 4836 1427 4914 qui,
1460 4836 1607 4898 referente

251 4936 423 4999 Ptolemaeo
447 4932 500 4994 lib.
525 4932 582 4994 III.
607 4950 674 5011 cap.
695 4928 725 5001 2,
751 4946 817 4988 cum
842 4942 919 4986 auno
945 4920 995 4984 32.
1021 4923 1129 4984 tertiae
1150 4922 1324 5003 Calippicae
1349 4924 1605 5003 deprehendisset,

252 5022 470 5107 aequinoctium
493 5020 615 5083 vernale
641 5020 688 5080 die
713 5015 766 5081 27.
792 5014 904 5077 mensis
928 5012 1045 5073 Mechir
1075 5020 1209 5092 tempore
1242 5012 1390 5100 matutino
1424 5014 1606 5093 contigisse:
