3692 5842
332 493 401 561 316
830 495 1005 549 Δ1111111111111
1021 495 1085 549 Para
1101 496 1202 563 opaea

337 674 513 749 baberetur,
544 693 632 754 quam
661 673 689 735 ei
712 674 814 755 Tycho
843 674 991 754 negabat,
1021 683 1069 737 tot
1096 674 1339 737 antecedentium
1368 674 1602 737 coacervatione
1624 693 1703 754 opus

332 763 398 825 fuit.
437 764 579 824 Viennae
603 763 758 837 Austriae‚
783 764 934 826 referente
954 765 1134 831 Mercatore,
1159 763 1359 825 observarunt
1380 764 1580 827 Tilemanuus
1600 762 1703 827 Stella

331 859 363 913 et
391 852 503 914 Paulus
534 851 691 913 Fabricius
721 853 750 913 h.
780 853 806 915 1.
840 851 895 915 40
925 854 1038 931 digitos
1071 847 1148 936 5¹!-
1196 852 1340 916 Calculus
1372 853 1563 936 Tyohonicus
1596 871 1701 915 reram

333 941 574 1021 conjunctionem
598 941 780 1021 Uraniburgi
805 950 955 1003 monstrat
978 944 1008 1004 h.
1038 943 1064 1004 1.
1090 939 1144 1005 20
1166 960 1196 1022 p.
1221 962 1262 1004 m.

421 1029 580 1092 Cornelius
620 1029 749 1092 Gemma
786 1031 916 1092 Lovanii
954 1031 1071 1093 initium
1106 1032 1226 1094 notavit
1262 1030 1367 1093 statim
1408 1038 1481 1110 post
1520 1028 1572 1094 11.
1610 1031 1700 1093 linem

330 1119 359 1180 h.
389 1119 416 1181 1.
441 1116 496 1182 23‘
521 1119 633 1198 digitos
658 1114 720 1199 7¹1,
750 1114 881 1194 111111)

420 1208 469 1269 Ex
494 1209 540 1269 his
565 1208 683 1287 quidem
708 1210 854 1288 exemplis
875 1208 932 1269 hoc
947 1208 1152 1288 utplurimum
1177 1216 1315 1289 apparet,
1331 1209 1419 1271 Luna
1433 1208 1536 1271 Terris
1559 1208 1700 1288 proxima

330 1305 452 1358 secutas
477 1306 640 1358 nocturnas
663 1299 807 1359 tenebras
827 1317 864 1358 cx
889 1298 988 1358 causis
1013 1298 1122 1377 opticis
1141 1319 1195 1359 seu
1220 1298 1441 1360 astronomicis.
1478 1298 1525 1360 At
1542 1316 1604 1359 nou
1629 1318 1698 1360 esse

330 1387 386 1447 has
412 1387 493 1447 solas
526 1405 651 1458 causas,
687 1387 756 1465 quin
786 1386 932 1447 ab-abris
968 1387 1196 1449 circumstantia
1225 1386 1384 1467 plurimum
1415 1387 1464 1449 vel
1493 1386 1700 1467 impediantur

330 1476 380 1538 vel
404 1476 598 1554 adjuventur,
623 1476 813 1537 demonstrat
841 1476 1009 1555 inaequalis
1034 1477 1166 1539 noctium
1194 1484 1406 1537 consuetarum
1430 1476 1569 1537 claritas.
1618 1478 1699 1540 Nam

329 1563 355 1626 si
379 1565 417 1625 de
441 1584 524 1626 mera
547 1572 634 1626 nocte
660 1571 712 1625 abr
736 1566 912 1645 quandoque
938 1564 975 1624 ob
1006 1566 1188 1629 albicantem
1218 1565 1363 1638 colorem,
1397 1565 1550 1627 crassitiei
1576 1564 1697 1645 signnm

330 1654 424 1733 (quod
448 1654 485 1713 de
506 1654 602 1714 Ponto
623 1661 755 1715 testatur
770 1654 980 1728 Aristoteles),
1006 1654 1118 1717 lumina
1142 1654 1298 1717 stellamm
1322 1655 1367 1715 ita
1390 1653 1546 1728 combibit,
1573 1664 1607 1716 ut
1631 1662 1700 1716 tota

329 1752 417 1803 nocte
451 1743 601 1822 quoddam
633 1745 873 1822 crepusculorum
902 1744 1001 1805 lumen
1036 1746 1222 1807 aemuletur:
1257 1743 1328 1823 quid
1357 1762 1416 1805 non
1449 1750 1611 1822 praestare
1642 1743 1698 1805 boc

329 1830 503 1910 adjumento
527 1831 627 1910 possit
650 1833 699 1893 vel
728 1832 908 1894 tenuissima
932 1829 1014 1893 Solis
1041 1834 1193 1914 particula
1224 1832 1393 1911 hujusmodi
1425 1852 1565 1894 crassum
1597 1839 1698 1894 aerem

329 1928 360 1981 et
384 1931 492 1992 terras,
516 1922 597 1982 ultra
619 1939 716 2001 pauca
740 1942 759 1982 a
782 1922 868 1983 nobis
893 1921 1041 1998 milliaria,
1068 1924 1234 1994 illustrans,
1259 1921 1414 2001 lucemque
1439 1922 1500 1982 illis
1525 1922 1696 1983 commuui-

329 2028 411 2083 cans,
439 2010 478 2070 ad
498 2029 552 2070 uos
576 2029 666 2089 porro
690 2011 912 2073 revibraudam.
950 2010 1030 2073 Ecce
1055 2019 1233 2089 argumenta
1261 2009 1429 2090 inaequalis
1455 2010 1542 2089 hujus
1563 2012 1697 2073 noctium

329 2098 480 2160 claritatis
505 2099 543 2160 ab
567 2106 637 2160 aere
661 2101 875 2181 provenientis.
922 2100 1012 2161 Anno
1039 2097 1135 2165 1599.
1160 2100 1189 2160 iu
1214 2099 1320 2178 eclipsi
1349 2099 1461 2161 mensis
1484 2098 1627 2161 Januarii
1651 2100 1698 2163 111

328 2187 502 2263 Februarii,
537 2188 621 2266 cujus
655 2209 746 2270 supra
779 2190 861 2251 facta
895 2189 1023 2263 mentio,
1057 2190 1189 2251 noudum
1220 2187 1343 2249 dimidia
1376 2189 1526 2250 diametro
1561 2188 1697 2250 tenebris

328 2276 487 2349 immersa,
522 2284 619 2338 totum
653 2278 757 2340 Lunae
788 2280 956 2356 marginem
989 2279 1089 2341 videre
1127 2277 1221 2359 potui.
1275 2278 1365 2339 Anno
1401 2274 1499 2341 1601.
1533 2276 1697 2340 Decembri

330 2365 507 2426 tenuissimo
527 2385 617 2427 cornu
635 2367 808 2447 superstite,
835 2367 1032 2444 caliginosam
1049 2375 1151 2430 tamen
1174 2373 1293 2447 partem
1313 2386 1371 2427 uon
1391 2367 1462 2428 vidi.
1501 2366 1575 2428 Fuit
1593 2375 1695 2429 1111111

330 2454 435 2515 eadem
460 2454 528 2514 anni
554 2464 732 2537 tempestas.
778 2459 868 2518 Auno
896 2452 1117 2519 1601111111
1142 2455 1225 2518 Maio
1249 2474 1316 2517 cum
1342 2456 1435 2518 tertia
1458 2455 1600 2518 diametri
1625 2475 1698 2536 pars

329 2552 478 2616 restaret,
512 2543 651 2608 viderunt
676 2556 778 2608 tamen
802 2546 894 2626 aliqui
927 2548 1091 2625 marginem
1120 2547 1290 2607 obscurum.
1339 2543 1491 2627 Sequente
1515 2545 1697 2619 Novembri,

333 2650 399 2694 cum
423 2652 480 2693 uon
506 2644 614 2713 quarta
636 2655 708 2715 pars
732 2635 761 2696 in
787 2636 892 2698 umbra
915 2644 1008 2711 esset,
1034 2637 1116 2698 visus
1140 2644 1242 2697 tamen
1266 2653 1381 2716 margo.

336 2772 369 2839 3.
416 2777 473 2838 An
509 2776 595 2839 fieri
629 2777 767 2856 possit,
805 2787 843 2839 11
881 2779 916 2839 11
960 2778 1126 2840 centrali
1164 2775 1429 2856 conjunctione
1466 2776 1699 2837 luminarium

709 2866 775 2929 Sol
803 2875 923 2930 tamen
952 2887 1019 2929 nou
1048 2875 1149 2930 totus
1178 2863 1322 2927 lateat?

421 2990 578 3050 Hactenus
610 2988 711 3069 itaque
743 3010 780 3051 ex
813 2991 947 3052 historiis
978 2992 1184 3071 probavimus,
1218 2998 1315 3053 toturn
1344 2986 1447 3049 Solem
1481 2993 1598 3051 tectum
1633 3009 1697 3052 esse

333 3098 392 3140 non
423 3079 531 3152 semel,
565 3079 655 3139 etiarn
680 3102 698 3141 a
722 3081 809 3141 Luna
842 3081 1002 3141 altissima.
1051 3080 1118 3151 Quo
1151 3081 1249 3161 magis
1283 3080 1388 3141 mirum
1417 3085 1479 3151 est,
1515 3077 1638 3140 unicum
1661 3098 1697 3141 ex

333 3168 412 3230 omni
438 3168 565 3229 historia
593 3177 699 3229 extare
733 3170 903 3249 exemplum
938 3171 1135 3245 contrariom,
1166 3171 1244 3251 quod
1269 3166 1393 3231 Clarius
1418 3163 1647 3229 Commentario
1670 3169 1697 3229 in

332 3254 552 3319 Sacroboscum
577 3267 733 3318 recenset:
759 3260 848 3320 Anno
876 3256 972 3322 1567.
997 3256 1027 3322 9.
1052 3260 1177 3340 Aprilis,
1200 3271 1304 3324 Romae
1319 3268 1413 3322 Solem
1432 3284 1488 3321 uon
1509 3272 1601 3323 totum
1623 3269 1696 3321 dele·

332 3347 415 3411 cisse,
444 3350 493 3400 sed
520 3348 646 3401 relictum
673 3349 758 3402 fuisse
785 3350 887 3403 exilem
909 3352 1045 3420 quendam
1071 3352 1201 3404 circulum
1230 3352 1368 3403 lucentem
1389 3347 1575 3401 circumcirca.
1630 3348 1698 3408 Fuit

332 3446 432 3499 tamen
457 3437 545 3497 Luna
578 3438 678 3498 media
712 3438 789 3499 inter
813 3439 995 3499 altissimam
1019 3447 1050 3499 et
1075 3438 1278 3500 humillimam.
1325 3437 1436 3499 Mirum
1470 3434 1594 3516 inquam
1630 3445 1695 3497 est:

331 3546 401 3588 nam
425 3526 472 3587 hic
498 3526 617 3605 quidem
642 3526 768 3587 visibilis
793 3528 898 3589 Lunae
932 3527 1078 3589 diameter
1112 3528 1231 3588 omnino
1255 3526 1352 3587 minor
1382 3532 1481 3597 esset,
1514 3542 1571 3584 nec
1595 3526 1696 3604 possis

331 3616 387 3677 boc
411 3614 552 3677 accidens
577 3615 653 3677 111111
678 3618 895 3690 transcribere,
921 3625 954 3677 ut
977 3616 1061 3677 initio
1085 3617 1174 3695 hujus
1198 3615 1307 3695 capitis
1333 3615 1455 3677 lactum.
1503 3610 1593 3683 Quae
1619 3615 1696 3676 enim

332 3704 450 3766 sivein
475 3705 570 3779 oculo,
596 3705 713 3788 sivein
738 3707 865 3767 obscura
890 3724 1023 3779 camera,
1047 3725 1113 3767 cum
1137 3705 1238 3766 lucida
1261 3704 1336 3773 siut,
1361 3703 1543 3777 dilatantur,
1571 3722 1608 3764 ea
1632 3705 1696 3783 pri·

332 3812 411 3854 mum
436 3793 552 3854 radium
576 3794 614 3853 ad
639 3794 735 3854 locum
759 3795 842 3856 illum
865 3795 1013 3874 projicere
1038 3814 1162 3856 necesse
1187 3803 1253 3855 est:
1284 3811 1360 3872 quae
1384 3810 1456 3852 vero
1480 3811 1539 3853 uon
1565 3792 1696 3866 radiant,

332 3880 453 3959 objectu
477 3901 639 3961 opacorum
664 3884 819 3962 impedita,
844 3894 878 3945 ut
901 3882 955 3946 Sol
980 3884 1102 3963 objectu
1126 3884 1247 3957 Lunae,
1274 3902 1370 3962 neque
1393 3880 1517 3943 dilatari
1540 3889 1695 3961 poterunt

331 3969 399 4032 Non
425 3979 473 4031 111
497 3972 599 4050 itaque
624 3972 701 4032 risui
727 3972 987 4034 transcribendum
1013 3966 1376 4052 111111111111111111.*)

421 4057 510 4128 Quod
541 4061 632 4138 igitur
666 4061 767 4144 Tycho
801 4063 900 4123 Brahc
936 4063 964 4123 in
998 4065 1125 4125 alteram
1157 4060 1256 4124 Clavii
1289 4059 1431 4140 eclipsin,
1464 4057 1546 4119 idem
1577 4078 1636 4139 ego
1669 4060 1697 4121 in

332 4148 649 4225 1011111111111111,
674 4149 850 4212 indubium
875 4170 980 4231 nempe
1004 4171 1117 4214 vocaus
1140 4153 1197 4213 hoc
1226 4151 1337 4232 ipsum,
1367 4168 1405 4210 an
1429 4147 1550 4211 omnino
1581 4148 1698 4230 integer

340 4268 593 4277 ——-.-.—-...

421 4327 447 4391 ⁸)
469 4330 588 4384 Medium
609 4330 693 4396 hujus
715 4330 850 4400 eclipseos
872 4330 1042 4402 Uraniburgi
1063 4331 1172 4385 calculo
1194 4329 1350 4402 Tycbonico
1371 4328 1399 4382 11.
1424 4326 1469 4383 12.
1494 4325 1542 4382 10‘
1564 4329 1697 4392 meridiei,

332 4410 474 4480 quantitas
506 4410 653 4480 digitorum
676 4413 702 4464 6.
726 4411 784 4465 29¹.
820 4412 984 4466 llaestlinus
1006 4411 1151 4482 Tubingac
1182 4411 1341 4464 observarit
1369 4409 1471 4481 digitos
1503 4409 1562 4462 1111
1593 4410 1631 4463 10
1662 4411 1698 4464 ab

333 4497 437 4543 austro.
480 4492 639 4544 Gerbardus
667 4492 808 4545 Mercator
835 4492 988 4562 Duisburgi
1015 4492 1120 4544 Cliviae
1147 4491 1253 4545 initium
1275 4493 1302 4544 h.
1328 4493 1372 4543 10.
1395 4488 1444 4542 25’
1466 4489 1548 4542 linem
1577 4490 1650 4545 hora
1674 4493 1696 4544 1.

332 4568 408 4639 Ergo
434 4571 550 4624 medium
578 4572 605 4623 11.
632 4574 676 4625 ll.
701 4572 759 4625 43‘.
788 4574 931 4627 Cornelius
961 4574 1074 4624 Gemma
1095 4572 1211 4625 Lovanii
1232 4571 1340 4624 initium
1368 4570 1395 4622 11.
1421 4571 1464 4622 10.
1491 4568 1549 4632 12‘,
1571 4570 1697 4642 vigorem

333 4648 360 4701 11.
379 4650 423 4701 11.
441 4651 499 4713 40,
522 4651 602 4704 tinem
624 4653 709 4721 paulo
729 4660 793 4721 post
811 4653 889 4721 12¹1„
912 4660 1016 4720 puncta
1031 4652 1089 4704 sere
1105 4653 1131 4705 9.
1160 4652 1264 4707 Lumen
1279 4650 1361 4704 valde
1382 4648 1524 4718 pallidum,
1548 4659 1582 4703 at
1595 4652 1697 4705 stellae

334 4729 436 4791 uullao,
460 4740 568 4798 tempus
590 4740 682 4786 tamon
705 4733 785 4802 quasi
807 4733 1003 4801 vespertinum.
1034 4733 1134 4801 Coepit
1148 4735 1184 4785 ab
1205 4748 1305 4785 occasu
1327 4747 1346 4783 a
1359 4735 1441 4799 porte
1460 4729 1534 4784 Solis
1555 4730 1696 4786 1111111111.

333 4808 428 4877 Tycho
449 4811 543 4863 Brahe
565 4814 593 4864 in
614 4813 702 4865 literis
723 4816 758 4867 ad
775 4812 900 4867 Clarium
921 4813 970 4873 ait,
993 4829 1022 4865 sc
1045 4813 1249 4866 adolescentem
1270 4814 1435 4865 observasse
1457 4810 1531 4864 hano
1551 4811 1697 4867 Roatocbii

333 4889 369 4939 ad
397 4888 462 4941 litus
492 4890 573 4944 maris
596 4893 717 4945 Balthici
739 4895 766 4946 in
787 4894 847 4963 ipso
869 4893 947 4961 quasi
968 4893 1079 4945 meridie
1101 4893 1250 4964 digitorum
1271 4910 1327 4946 uon
1348 4891 1432 4960 plane
1455 4889 1482 4944 7.
1517 4890 1558 4945 Et
1579 4892 1608 4946 111
1628 4893 1696 4946 Pro-

334 4970 536 5035 gymnumads
564 4979 608 5024 111
635 4973 661 5023 11.
687 4972 730 5026 12.
752 4973 791 5035 θ’,
821 4973 901 5042 digiti
924 4971 952 5027 6.
976 4973 1034 5036 29‘,
1064 4982 1196 5041 quantum
1225 4981 1256 5027 et
1280 4973 1405 5027 calculus
1432 4971 1536 5040 pradia
1578 4973 1612 5027 111
1639 4972 1696 5028 alia

334 5052 428 5100 1111111
447 5049 552 5104 scheda
572 5050 663 5104 1111111
683 5050 711 5106 11.
736 5052 781 5104 11.
804 5053 843 5115 θ’,
864 5053 968 5126 digitos
991 5054 1019 5108 9.
1041 5053 1081 5109 0'.
1095 5051 1131 5117 ¹⁰)
