3692 5842
725 468 806 562 cupa
823 496 867 547 111.
889 487 931 545 a·

143 671 340 738 inclinabitur
384 676 476 757 igitur
511 676 548 738 ad
595 675 722 736 alteram
768 683 884 754 partem

142 764 298 826 mundae
335 765 430 828 lineae
466 766 521 828 DE
531 783 540 839 ;
577 763 737 827 inclinetur
773 764 811 825 ad
844 763 882 837 D,

141 856 239 934 qnare
273 862 306 917 et
340 853 502 916 incidentia
539 855 592 916 Fa
626 861 657 915 et
693 872 885 933 repercussus

140 939 207 1004 AG
229 949 338 1021 verget
359 942 389 1005 in
412 963 500 1006 unam
528 942 675 1004 secundae
710 944 806 1004 lineae
829 942 885 1003 DE

140 1031 269 1110 plagam
283 1031 321 1106 D,
347 1033 424 1112 qnod
443 1051 534 1112 supra
557 1032 684 1094 diximus
703 1052 760 1093 non
777 1033 885 1093 debere

139 1120 219 1182 deri.
257 1121 338 1183 Nam
356 1128 476 1201 oportet
490 1121 574 1183 FAD
588 1129 620 1181 et
635 1118 722 1182 Gau
743 1121 886 1199 aequales

140 1227 231 1284 essa,
266 1228 326 1271 non
359 1209 455 1272 minos
488 1229 576 1291 quam
608 1210 689 1272 FAB
723 1219 753 1270 et
787 1208 885 1270 GAC.
922 1240 939 1282 0

140 1295 249 1370 Quare
265 1296 376 1362 BFGC
390 1300 574 1379 superficiem
588 1300 627 1360 ad
640 1299 883 1379 perpendiculum

139 1406 213 1448 ease
237 1406 363 1450 necesse
391 1398 439 1450 est
461 1389 518 1467 ipsi
542 1386 668 1462 DCEB,
698 1397 731 1450 ut
758 1397 877 1450 tanturn
900 1399 1009 1469 vergat
1042 1391 1170 1470 angulus
1204 1385 1385 1450 incidentiae
1408 1384 1494 1446 Fan

139 1477 180 1539 ad
206 1495 299 1538 unam
322 1478 441 1556 plagam
465 1476 561 1539 lineae
586 1478 734 1538 secundae
752 1478 818 1553 DE,
847 1487 989 1558 qnantum
1013 1478 1149 1560 aequalis
1169 1477 1213 1539 illi
1236 1475 1363 1555 angulus
1386 1474 1493 1536 redeo·

138 1564 236 1628 tionis
262 1563 351 1628 GAE
375 1568 412 1627 ad
437 1566 531 1627 lineae
555 1567 703 1627 secundae
727 1567 783 1628 DE
806 1579 921 1646 partem
948 1569 1119 1649 oppositam
1143 1568 1181 1629 Ε.

209 1654 246 1716 Ιιι
272 1655 500 1716 retractionibus
523 1656 614 1717 etiam
639 1655 800 1734 simplicius
816 1656 893 1719 idem
917 1666 1013 1738 potet.
1194 1691 1247 1757 rig.
1275 1686 1316 1738 50·

136 1743 223 1807 Nam
261 1744 333 1824 qnia
365 1745 505 1807 retractio
541 1764 598 1806 non
636 1745 670 1806 lit
704 1746 762 1806 nisi
800 1747 837 1806 ad
884 1765 1015 1827 perpen-

136 1832 329 1906 dicularem,
369 1851 439 1912 ergo
480 1834 575 1895 lineae
615 1832 688 1907 CB,
725 1843 801 1914 qnae
836 1837 864 1897 in
907 1855 1014 1915 super·

135 1921 206 1984 licie
241 1921 390 1982 densioris
412 1920 511 1985 HCa
542 1933 652 2003 puncto
677 1923 701 1986 C
733 1923 912 1986 incidentiae
943 1945 1014 2005 per-

135 2010 347 2093 pendicularis
377 2011 434 2090 ipsi
456 2010 512 2074 AC
536 2013 574 2074 ad
606 2023 747 2092 punctum
777 2014 966 2075 retractionis
989 2014 1014 2074 B

136 2098 271 2173 ducitur,
297 2100 459 2179 parallelos
481 2101 600 2163 incedet
622 2101 663 2174 ei,
689 2121 763 2181 quae
788 2102 816 2161 in
842 2122 1014 2183 quacunque

135 2188 350 2270 prninnditate
373 2190 461 2251 medii
485 2190 631 2252 densioris
655 2210 692 2252 ex
714 2191 861 2270 producta
883 2211 1014 2271 perpen-

137 2276 270 2341 diculari
294 2276 351 2340 Ac
376 2278 404 2338 in
428 2277 568 2341 Erectis
592 2280 709 2360 angulis
734 2279 836 2340 exiens
856 2281 884 2341 in
907 2282 1015 2342 lineam

139 2367 308 2430 nlncnm
333 2364 390 2429 BG
413 2367 527 2430 incidit.
569 2368 636 2430 Nisi
661 2369 737 2429 enim
760 2369 816 2430 lroc
841 2378 932 2444 esset,
957 2389 1014 2431 non

144 2455 307 2518 accederet
330 2456 475 2519 refractus
494 2455 553 2518 BG
575 2467 659 2519 recta
678 2459 715 2519 ad
739 2459 1015 2537 perpendicularem
1203 2491 1206 2498 ,

144 2543 195 2607 BF
215 2544 266 2605 vel
292 2545 364 2618 AE,
398 2546 450 2605 sed
483 2556 621 2625 vergeret
653 2546 741 2608 simul
771 2548 861 2608 etiam
886 2548 914 2608 in
940 2549 1016 2609 alias
1184 2564 1200 2601 o
1227 2497 1290 2617 ΓΙ

139 2633 261 2714 plagas
311 2632 393 2711 Ergo
417 2634 468 2707 (Ε.
489 2634 544 2709 XI,
570 2635 605 2708 7)
629 2636 883 2715 perpendicularis
908 2636 995 2699 AC
988 2657 1016 2698 ιιι
1079 2567 1185 2702 L
1224 2657 1316 2698 J..-

138 2722 331 2802 superficiem
346 2723 557 2802 refringentem
571 2722 661 2796 Hcs
654 2745 681 2785 ιιι
698 2726 801 2785 eadem
818 2734 867 2786 est
880 2726 1016 2805 planitie
1072 2706 1094 2746 ¹
1194 2701 1259 2754 Μ’

137 2813 167 2873 in
193 2829 255 2891 qua
279 2820 312 2872 et
336 2810 415 2871 linea
446 2814 576 2874 refracta
605 2813 671 2874 BG.
719 2814 793 2875 At
786 2834 814 2873 ιιι
845 2834 903 2892 qua
935 2815 1060 2895 planitie
1089 2822 1138 2875 est
1171 2811 1251 2872 linea
1278 2809 1424 2878 refracta,
1461 2779 1498 2864 ea

137 2900 253 2962 dicitnr
277 2900 419 2978 planities
443 2901 639 2964 retractionis.
677 2903 825 2964 Planities
849 2904 942 2981 igitur
965 2902 1163 2975 retractionis,
1189 2909 1222 2961 ut
1240 2898 1269 2959 in
1294 2916 1353 2977 qua
1376 2890 1494 2957 estAC

137 2987 434 3070 perpendicularis
427 3011 454 3051 ιιι
479 2989 534 3052 HC
564 2992 684 3070 planum
718 2993 884 3071 refringens
917 2994 974 3054 erit
1000 2994 1072 3069 (XI,
1099 2988 1154 3065 18)
1186 2982 1474 3070 perpendicularis
1467 3000 1495 3043 ιιι

138 3078 223 3140 idem
246 3078 371 3155 planum
393 3080 568 3158 refringens.

233 3167 404 3246 Propositio
437 3167 540 3229 XVII.
595 3169 668 3231 Plus
701 3168 888 3229 difficultatis
922 3170 978 3230 fuit
1010 3172 1039 3232 in
1073 3168 1226 3249 principiis
1265 3161 1493 3227 constituendis.

139 3256 374 3318 Demonstratio
397 3257 465 3335 ipsa
488 3258 629 3337 expedita
652 3265 708 3320 est.
747 3257 876 3319 Primum
901 3259 983 3319 visus
1005 3261 1032 3321 in
1057 3260 1148 3338 plaga
1172 3257 1304 3327 aberrat,
1328 3262 1362 3314 ut
1385 3252 1496 3314 dictum

141 3354 191 3407 eat
214 3363 303 3425 prop.
335 3340 388 3419 143
412 3345 590 3424 imaginatur
610 3347 688 3408 enim
711 3346 768 3407 sibi
792 3366 854 3408 rem
879 3347 906 3408 in
928 3368 994 3409 earn
1018 3349 1148 3427 plagam,
1174 3347 1250 3407 unde
1275 3343 1424 3404 refractus
1449 3343 1497 3403 vel

141 3452 343 3515 repercussus
367 3435 496 3496 advenit.
542 3436 658 3498 Deinde
681 3436 764 3498 visus
788 3445 819 3497 et
842 3436 870 3496 in
895 3438 1004 3515 angulo
1030 3438 1160 3498 aberrat.
1208 3431 1394 3511 Irnnginatur
1419 3432 1495 3493 enirn

142 3524 222 3594 sibi,
257 3543 318 3603 qua
352 3522 542 3585 inclinatione
574 3525 714 3587 incedant
743 3544 834 3605 usque
863 3526 902 3586 ad
930 3527 1065 3588 binorum
1099 3525 1248 3585 oculorum
1283 3530 1386 3581 centra
1419 3519 1496 3582 radii

144 3613 271 3676 refracti
299 3612 346 3672 rel
369 3614 553 3692 repercussi,
577 3615 681 3676 eodem
704 3614 896 3675 inclinatione
921 3634 973 3676 seu
999 3614 1107 3694 angulo
1141 3613 1278 3674 incedere
1303 3610 1393 3669 etiam
1417 3608 1495 3681 illos,

143 3702 193 3783 qui
219 3722 238 3761 a
262 3709 374 3781 puncto
399 3702 535 3763 radiante
560 3703 587 3764 in
603 3712 715 3783 puncta
737 3722 965 3783 repercussnnm
979 3705 1027 3765 vel
1047 3702 1258 3764 refractionnm
1283 3698 1498 3777 respondentia

144 3792 231 3854 oculo
255 3791 383 3870 primum
407 3790 573 3854 allabentnr
598 3791 689 3872 (Gap.
716 3794 770 3865 ΙΙΙ,
794 3791 824 3855 2.
851 3792 893 3866 7).
942 3793 1057 3873 Estque
1081 3793 1165 3854 loeus
1189 3788 1327 3869 imaginis
1342 3787 1496 3865 ‘genuinus

144 3880 217 3943 illud
241 3889 402 3960 puuctum,
434 3879 463 3941 in
488 3899 544 3959 quo
568 3892 674 3943 coeunt
697 3882 834 3961 producti
859 3882 935 3944 radii
967 3882 1071 3944 visorii
1100 3900 1138 3942 ex
1166 3888 1291 3958 utroque
1322 3876 1406 3938 oculo
1444 3896 1499 3957 per

146 3989 199 4032 sna
222 3976 341 4049 puncta
364 3969 572 4031 refractionnm
595 3973 642 4032 vel
667 3990 892 4051 repercussnnm
912 3975 1011 4053 (prop.
1028 3968 1075 4046 8).
1113 3969 1207 4049 Atqui
1231 3966 1394 4046 cujuslibet
1417 3965 1494 4029 oculi

146 4059 250 4120 radius
275 4056 405 4118 visorins
429 4058 523 4130 (linea
546 4059 646 4121 lucida
668 4079 705 4121 ex
733 4061 818 4122 oculo
841 4080 894 4141 per
917 4071 1059 4142 punctum
1089 4077 1284 4139 repercussus
1307 4059 1356 4115 vel
1380 4058 1498 4118 refrac-

146 4146 237 4210 tionis
263 4146 293 4208 in
318 4146 489 4208 continuum
512 4166 564 4226 per
587 4149 830 4229 imaginationem
855 4151 979 4224 educta)
1003 4150 1101 4212 estin
1124 4148 1230 4209 eadem
1254 4144 1407 4225 superficie
1431 4163 1498 4206 cnm

146 4235 305 4317 superficie
330 4234 518 4297 retractionis
541 4238 588 4299 vel
616 4258 809 4317 repercussus
833 4240 907 4311 (def.
934 4238 980 4312 2).
1027 4239 1069 4299 Et
1102 4236 1226 4299 cuilibet
1257 4235 1343 4296 oculo
1372 4253 1428 4294 sna
1450 4242 1500 4294 est

147 4325 322 4403 superficies
346 4341 536 4404 repercussus
559 4328 606 4388 vel
631 4329 820 4390 refraetIonis
844 4329 918 4400 (del.
944 4327 991 4402 2).
1038 4328 1119 4406 Ergo
1143 4324 1191 4386 ubi
1216 4331 1395 4385 concurrunt
1418 4321 1495 4383 radii

147 4413 249 4477 visorii
275 4412 431 4492 utriusque
454 4415 541 4488 oculi,
565 4416 606 4477 ibi
630 4426 808 4479 concurrunt
831 4427 862 4479 et
884 4415 1056 4497 superficies
1085 4413 1297 4478 refractionnm
1320 4410 1367 4471 vel
1391 4428 1497 4490 reper-

147 4521 300 4574 cussnnm,
325 4520 380 4580 per
403 4502 517 4565 oculum
541 4525 673 4586 quaeque
697 4526 782 4569 suum
806 4515 1008 4568 transeuntes.
1056 4505 1136 4584 Ergo
1160 4501 1287 4565 comsit
1311 4500 1393 4560 locus
1416 4498 1495 4560 ima-

147 4592 223 4672 ginis
248 4592 279 4653 in
304 4609 450 4652 concursu
473 4591 646 4656 visoriorum
671 4596 745 4668 (del.
763 4596 806 4669 l),
832 4596 889 4658 erit
912 4596 942 4656 in
967 4612 1111 4656 concursu
1135 4589 1356 4670 superficierum
1379 4588 1498 4649 refrac-

148 4682 239 4745 tionis
264 4679 314 4740 vel
339 4697 530 4759 repercussus
556 4685 708 4764 utriusque
732 4685 818 4747 oculi.
867 4684 1056 4746 Concurrunt
1044 4691 1154 4742 tvero
1179 4679 1249 4740 illae
1273 4675 1444 4756 superficies
1468 4675 1498 4738 in

147 4779 259 4850 puncto
284 4767 406 4829 visibili
421 4769 494 4841 (del.
512 4770 558 4845 2).
596 4772 637 4834 Et
656 4792 720 4835 eum
736 4774 798 4835 sint
820 4771 1082 4854 perpendiculares
1095 4769 1154 4831 hae
1178 4768 1283 4829 ambae
1308 4764 1500 4828 retractionis

147 4859 195 4922 rel
219 4876 418 4939 repercussus
442 4862 612 4942 superficies
632 4881 720 4942 snper
742 4864 927 4943 superficiem
952 4860 1163 4937 refringeutem
1179 4858 1226 4918 vel
1250 4854 1500 4932 repercutientem

149 4946 242 5028 (Gap.
268 4948 325 5021 Ill,
356 4941 410 5018 lli)
434 4967 523 5027 seque
546 4961 648 5013 mutuo
681 4960 804 5027 secent,
838 4951 896 5016 erit
928 4948 1091 5012 eommunis
1115 4966 1218 5009 earum
1250 4943 1345 5005 sectio
1372 4942 1499 5021 primunr

148 5037 230 5100 linea
251 5044 341 5099 recta
364 5034 416 5109 (E.
440 5037 496 5111 XI,
522 5036 567 5113 3Ι,
543 5045 682 5120 lquere
706 5048 738 5102 et
759 5059 808 5104 res
831 5041 899 5103 visa
921 5048 954 5100 et
975 5055 1078 5100 omnes
1101 5036 1168 5116 ejus
1190 5031 1337 5113 imagines
1359 5032 1477 5094 munt'
1467 5051 1499 5094 ιιι
