3692 5842
801 483 832 533 do
849 483 922 534 rebus
942 483 1044 547 Opticis.
1363 440 1365 445 ·
1554 476 1593 544 41

243 653 307 717 Sed
341 665 374 717 et
406 657 581 720 necessaria
613 665 661 719 est
683 657 849 719 moderatio
879 658 963 719 a'le
987 658 1083 731 dicta;
1119 677 1154 719 ne
1178 653 1263 720 liberi
1288 676 1355 720 esse
1380 658 1489 734 velint,
1525 677 1600 740 qnos

242 752 354 807 natura
376 766 481 810 servos
505 746 630 819 creavit,
654 766 710 807 neu
733 746 857 808 libertas
877 748 962 826 justo
986 755 1108 827 arrepta
1131 746 1303 809 rebellionis
1317 747 1527 821 convincatur3
1552 756 1601 809 est

242 834 350 896 modus
373 836 405 898 in
428 836 528 910 rebus,
562 853 708 897 necraro
733 836 902 905 usuvenit,
934 845 969 899 nt
990 836 1224 915 intemperantia
1255 837 1417 899 festinandi
1442 837 1600 898 existima-

241 923 355 986 tionem
379 931 512 987 nostram
535 923 709 1003 prostituat„
756 923 908 1004 Expertus
932 925 1045 1005 loquor,
1071 927 1164 988 multa
1187 925 1345 987 mussitavi
1360 945 1473 987 mecum
1488 926 1598 986 diutis-

243 1011 320 1074 time
345 1021 452 1075 contra
475 1013 697 1093 antiquitatem,
722 1032 798 1093 quae
822 1023 982 1093 postquam
1005 1014 1132 1094 denique
1156 1014 1203 1075 vel
1221 1014 1300 1076 serio
1325 1034 1405 1075 ame
1429 1014 1484 1075 sub
1499 1013 1596 1075 ratio·

243 1119 313 1163 num
347 1102 480 1165 calculos
513 1108 623 1163 vocata
656 1101 737 1162 fuere
769 1102 814 1162 vel
846 1110 978 1181 tempore
1003 1104 1068 1182 ipso
1102 1110 1280 1177 maturuere,
1315 1103 1502 1183 deprehensa
1527 1110 1599 1163 sunt

244 1190 414 1253 rarissima
461 1192 564 1270 Atque
587 1190 617 1251 id
640 1190 756 1270 passim
781 1191 809 1251 in
834 1210 899 1252 meo
923 1211 1023 1271 opere,
1055 1193 1214 1272 praecipue
1243 1193 1298 1254 sub
1317 1193 1405 1254 tinent
1430 1211 1494 1253 sum
1520 1191 1598 1252 ultro

244 1279 345 1341 fassus
370 1278 462 1360 (Cap.
477 1280 534 1342 Xl.
559 1279 655 1358 probl.
681 1276 749 1351 30).
797 1280 912 1341 Vitium
937 1301 1010 1341 sane
1027 1281 1099 1343 mihi
1123 1289 1266 1360 agnatum
1291 1290 1322 1341 et
1339 1278 1486 1341 celeritati
1503 1278 1599 1342 ratio-

244 1367 365 1430 cinandi
390 1387 490 1430 comes
515 1368 694 1429 individuus.
743 1369 776 1429 ln
801 1370 961 1430 sententiis
986 1369 1103 1448 quidem
1129 1376 1262 1430 veterum
1291 1370 1431 1431 taxandis
1455 1369 1599 1430 nihildum

246 1456 365 1519 invenio
390 1478 409 1519 a
432 1476 479 1519 me
503 1466 660 1536 peccatum
684 1457 713 1517 in
730 1454 851 1536 Optica,
877 1458 929 1519 sed
954 1467 1054 1520 tamen
1078 1460 1165 1520 deest
1184 1458 1334 1519 sufficiens
1349 1466 1482 1520 veterum
1498 1456 1598 1519 lectio.

244 1546 341 1608 nece:
366 1547 550 1624 sententiam
573 1546 610 1606 de
635 1553 744 1608 natura
765 1546 906 1625 pellucidi
931 1548 1030 1608 omnia
1053 1566 1179 1625 corpora
1202 1547 1386 1626 pervadente
1411 1565 1476 1607 cum
1500 1544 1598 1606 vesti-

246 1635 358 1696 vissem
382 1635 473 1697 dubia
497 1634 680 1695 auctoritate
705 1634 891 1707 Aristotelis,
918 1655 993 1716 quae
1018 1638 1046 1697 in
1071 1637 1151 1697 notis
1176 1645 1223 1697 est
1247 1655 1329 1697 ame
1353 1636 1420 1715 ipso
1444 1635 1598 1707 convulsa,

246 1741 280 1786 ue
306 1724 375 1803 quis
399 1724 436 1784 de
461 1744 498 1783 ea
530 1722 710 1801 gloriaretur
732 1724 866 1792 invidus,
902 1725 1135 1804 quampulchre
1163 1733 1298 1803 poteram
1324 1725 1503 1786 communire
1528 1740 1601 1782 vera

245 1821 379 1874 vetemm
403 1812 646 1892 philosophorum
663 1812 844 1873 anctoritate
868 1833 905 1873 ex
922 1811 1025 1874 Coelio
1042 1808 1270 1892 erodiginot⁴)
1291 1820 1354 1885 (opt
1372 1821 1392 1879 1,
1418 1837 1454 1885 pr.
1478 1821 1519 1874 tt.
1541 1813 1597 1882 17.)

246 1901 291 1963 lta
314 1902 366 1981 qui
390 1900 591 1963 ratiocinandi
615 1900 754 1979 agilitate
778 1910 946 1979 praestant,
971 1922 1023 1963 eos
1047 1902 1151 1963 taedet
1166 1904 1277 1963 multae
1298 1903 1461 1964 alienorum
1477 1921 1598 1980 operum

247 1990 395 2063 lectionis,
418 1990 612 2072 impatientes
637 2008 754 2063 morne;
779 2009 836 2068 quo
860 2001 949 2069 paeto
973 1991 1215 2071 philosophiain
1233 1991 1326 2051 multa
1341 1991 1443 2068 capita
1458 1991 1597 2056 discedit.

246 2076 376 2151 Contra,
402 2079 452 2159 qui
476 2080 571 2139 multa
596 2078 707 2157 legunt,
733 2078 770 2139 ad
795 2098 873 2139 nova
897 2088 928 2140 et
952 2079 1107 2140 recondita
1130 2099 1187 2141 non
1212 2079 1363 2158 aspirant,
1391 2098 1443 2139 seu
1466 2087 1601 2159 ternpore

246 2167 357 2228 exclusi
380 2186 435 2227 sen
455 2173 564 2228 natura
587 2166 749 2246 ineptiores
773 2176 804 2229 et
828 2168 1029 2230 imbecillioris
1049 2169 1162 2247 judicii.
1209 2168 1307 2229 Decet
1325 2167 1417 2246 igitur
1433 2168 1545 2231 alteros
1561 2172 1599 2231 ab

248 2254 353 2318 alteris
373 2255 474 2335 juvari
498 2254 610 2317 mutuis
634 2258 732 2335 operis
756 2257 941 2336 invicemque
966 2258 1129 2329 admoneri,
1154 2256 1270 2338 siquid
1293 2256 1414 2317 veliste
1439 2265 1546 2334 peccat
1570 2258 1599 2320 in

247 2344 405 2406 ueritatem
431 2345 531 2406 studio
555 2351 699 2419 veterum,
733 2345 780 2405 vel
803 2346 855 2407 ille
879 2346 1032 2407 veteribus
1056 2346 1172 2427 iniquus
1196 2353 1255 2419 est,
1289 2364 1363 2426 qnos
1387 2356 1441 2405 aut
1463 2347 1600 2425 neglexit

236 2442 293 2495 ant
319 2452 379 2494 non
404 2432 565 2495 intellexit.
613 2435 661 2494 Ad
685 2428 774 2514 quam
799 2435 1045 2497 exercitationem
1069 2435 1169 2513 magni
1182 2435 1327 2508 interest,
1352 2432 1448 2495 virtus
1472 2436 1600 2498 accedat

247 2542 281 2584 an
306 2522 498 2605 improbitas.
545 2522 604 2584 Illa
628 2523 833 2585 beatissimam
858 2524 1043 2584 discentibus
1077 2524 1155 2584 solet
1179 2524 1332 2585 aliundene
1355 2523 1599 2601 voluptatemet

246 2611 467 2690 philosophiam
491 2611 646 2673 aedificat:
671 2612 755 2686 haec,
779 2612 875 2673 Deum
899 2613 1106 2685 immortalem,
1134 2619 1262 2691 quantas
1278 2611 1393 2674 excitat
1409 2613 1599 2689 tragoedias!

246 2719 334 2779 quarn
359 2700 472 2759 deneas
496 2700 622 2761 offundit
653 2700 883 2779 sophisticarum
908 2701 1086 2781 ineptiarum
1119 2701 1244 2762 nebulas
1272 2700 1431 2781 purissimo
1460 2701 1600 2762 veritatis

246 2787 326 2851 Soli!
374 2788 449 2866 Eja,
475 2788 514 2849 mi
540 2789 716 2851 suavissime
741 2789 959 2864 confabulator,
989 2790 1089 2851 missis
1113 2790 1354 2851 contentionibus
1378 2798 1408 2849 et
1432 2789 1471 2849 ad
1495 2790 1600 2869 sophi·

249 2885 312 2939 stas
337 2875 485 2955 gloriolae
509 2884 677 2939 sectatores
701 2879 845 2951 remissis,
872 2879 977 2959 quibus
1002 2887 1032 2939 et
1048 2880 1170 2940 theatra
1189 2877 1417 2958 indulgebimus,
1442 2877 1599 2958 inquibus

247 2974 402 3028 stontoras
426 2975 653 3045 repraesentent
678 2967 839 3029 velocitate
864 2987 935 3041 sna,
969 2987 1023 3029 nos
1048 2987 1063 3027 e
1088 2967 1176 3028 turba
1199 2968 1372 3050 secedamus
1396 2967 1426 3027 in
1451 2967 1599 3046 quendam

252 3073 410 3116 amoenum
434 3056 574 3133 angulum
599 3065 726 3135 tuasque
751 3056 937 3135 objectiones
961 3056 1188 3135 pensitabimus.

336 3144 520 3222 Principium
543 3144 728 3223 inopinatum
752 3146 850 3206 fecisti
875 3146 911 3205 de
937 3145 1120 3223 speculis,
1153 3144 1326 3223 inquibus,
1361 3162 1453 3205 causa
1476 3144 1600 3205 inventa

247 3252 297 3294 our
325 3240 358 3292 et
382 3241 530 3311 quatenus
553 3233 652 3311 imago
676 3242 813 3295 versetur
835 3235 864 3294 in
889 3235 1029 3308 catheto,
1062 3243 1164 3295 cetera
1187 3234 1325 3294 videntur
1357 3232 1434 3296 satis
1458 3233 1598 3294 dilucida.

247 3318 378 3384 Causam
402 3329 504 3382 autern
528 3321 678 3383 invenisse
703 3323 775 3383 mihi
794 3322 1030 3401 persuadebam3
1055 3330 1087 3383 tu
1113 3324 1243 3384 nondum
1267 3321 1312 3381 nis
1336 3322 1412 3382 satis
1437 3340 1503 3382 esse
1527 3340 1598 3401 per-

246 3410 389 3491 spicuam.
434 3411 588 3492 Protecto-
608 3430 723 3473 mecum
748 3411 916 3491 gaudebam
947 3431 1002 3490 ego
1027 3412 1143 3473 affatim
1178 3413 1214 3473 de
1238 3410 1419 3484 inventione,
1452 3429 1486 3471 eu
1521 3409 1600 3489 quod

247 3499 413 3561 diutissime
438 3499 623 3578 quaesissem
656 3507 687 3561 et
710 3507 756 3561 ter
780 3501 827 3561 vel
852 3508 959 3580 quater
989 3500 1169 3578 triumphum
1193 3499 1368 3561 cecinissem
1393 3506 1474 3559 ante
1498 3499 1598 3558 victo-

248 3587 329 3662 riam,
356 3588 476 3666 quoties
500 3588 581 3649 nictu
597 3589 724 3667 quodam
749 3589 874 3650 rationis
890 3589 1058 3668 opinionem
1074 3607 1279 3667 conceperam,
1305 3588 1335 3648 in
1350 3587 1432 3665 cujus
1446 3586 1600 3665 perscrip-
1704 3645 1717 3658 ,

249 3678 325 3737 tione
350 3674 423 3737 mibi
448 3684 570 3755 praeter
592 3677 760 3756 opinionem
794 3686 867 3737 nata
890 3686 938 3738 est
965 3677 1117 3739 refutatio.
1167 3677 1312 3756 Adeoque
1346 3675 1437 3736 toties
1462 3675 1498 3734 de
1523 3692 1599 3734 novo

247 3764 391 3845 repetitus
425 3776 475 3826 est
503 3764 563 3826 iste
587 3766 686 3839 labor,
721 3775 754 3826 nt
783 3765 955 3843 scriptionis
979 3767 1099 3827 tandem
1128 3767 1266 3826 taederet
1299 3772 1330 3825 et
1353 3771 1471 3825 retento
1504 3762 1600 3824 salsae

249 3853 393 3933 opinionis
422 3860 565 3915 contextu
599 3856 691 3915 verba
721 3856 830 3916 saltem
867 3855 969 3935 aliqua
993 3855 1221 3933 interpolatam,
1256 3852 1334 3934 quod
1360 3852 1447 3913 facile
1473 3859 1602 3931 apparet

249 3944 343 4023 rapite
368 3942 429 4017 Ill,
455 3943 538 4022 cujus
563 3944 721 4005 methodus
746 3951 794 4005 est
817 3943 1027 4021 inelegantior.

330 4031 506 4092 Euolidis
539 4029 717 4111 Catoptrica
745 4037 880 4093 vocavere
911 4032 1032 4111 arguis,
1057 4050 1123 4092 meo
1142 4031 1256 4109 judicio
1284 4049 1450 4110 perperam.
1498 4029 1602 4090 Verba

250 4127 342 4194 tersa,
377 4119 489 4194 nitida,
519 4130 669 4193 emuncta,
704 4121 763 4182 imo
788 4131 923 4194 tornata,
957 4121 1230 4181 demonstrationes
1259 4119 1404 4181 rotundae
1427 4126 1459 4178 et
1482 4117 1599 4191 breves,

251 4208 402 4271 distinctio
427 4208 557 4288 diligens
588 4210 667 4271 inter
691 4219 827 4270 assumta
857 4219 948 4270 etex
973 4210 1115 4271 assumtis
1147 4209 1363 4269 demonstrata.
1410 4208 1516 4284 ltaque
1541 4224 1599 4266 non

251 4307 308 4371 ost,
334 4305 370 4359 ut
394 4297 456 4372 ais,
482 4297 578 4377 turpis
602 4299 717 4377 lapsus,
744 4319 781 4359 ex
805 4306 940 4359 assumto
965 4298 1043 4359 falso
1067 4298 1168 4359 ridere
1193 4297 1262 4374 quid
1287 4303 1444 4377 sequatur:
1470 4294 1523 4355 sed
1548 4301 1601 4354 aut

249 4386 395 4449 confessio
420 4386 616 4448 obscuritatis
641 4395 777 4461 naturae,
802 4386 911 4448 falsum
936 4406 1098 4460 assumere,
1126 4395 1179 4447 ant
1202 4386 1227 4447 si
1245 4404 1336 4457 error,
1362 4404 1419 4445 non
1445 4389 1527 4443 certe
1551 4381 1599 4443 in-

249 4476 398 4538 credibilis
422 4475 452 4536 in
477 4475 611 4550 Euclide,
637 4476 686 4555 qui
711 4495 776 4537 cum
800 4496 854 4537 sna
869 4484 971 4536 aetate
996 4476 1033 4536 de
1049 4475 1139 4554 duem
1162 4474 1393 4554 philosophatur
1416 4472 1454 4533 ad
1479 4478 1599 4551 captum

250 4561 396 4626 hminum
419 4564 548 4625 illomm.

332 4653 369 4714 In
403 4652 552 4725 themate,
587 4673 643 4733 quo
675 4651 778 4714 niteris
811 4653 867 4713 boc
892 4651 1005 4731 eripere
1036 4653 1160 4733 optiois,
1195 4652 1292 4712 locum
1316 4649 1454 4728 imaginis
1478 4665 1545 4708 esse
1570 4647 1598 4707 in

251 4742 367 4803 catheto
391 4761 430 4803 ex
453 4760 484 4801 re
508 4741 574 4802 visa
597 4742 626 4803 in
651 4740 835 4820 superficiem
860 4741 1037 4819 quamlibet,
1063 4738 1256 4803 hallucinaris
1279 4738 1382 4816 procul
1409 4735 1512 4805 dubio,
1541 4754 1600 4796 non

251 4838 305 4892 tam
330 4831 441 4892 falsum
464 4830 566 4891 thema
590 4837 739 4904 astruens,
764 4848 852 4910 qnam
867 4829 985 4890 vitiosis
1000 4850 1071 4890 usus
1091 4826 1359 4909 propositionibus.
1405 4824 1484 4885 Nam
1500 4823 1598 4903 quoad

251 4917 484 5000 memetipsum,
509 4919 627 4981 ostendi
651 4928 683 4980 et
706 4937 761 4997 ego
786 4937 875 4980 casus
898 4918 949 4997 qui
974 4919 1195 4998 exciperentur,
1230 4919 1368 4975 assumta
1396 4932 1489 4974 causa
1512 4934 1530 4975 a
1552 4930 1599 4973 me

251 5004 390 5070 inventa:
414 5007 543 5088 primunr
565 5026 631 5087 cap.
656 5007 711 5082 lll,
742 5005 790 5070 18.
815 5006 864 5069 nbi
880 5006 1009 5082 ostendi,
1033 5025 1087 5085 per
1104 5004 1245 5073 accidens
1269 5000 1342 5078 fieri,
1367 5009 1400 5065 ut
1414 5002 1498 5065 loons
1522 5001 1598 5062 ima·
