3692 5842
345 458 412 528 260
814 458 1050 528 ΡιιιΙιροιιωιιιι
1067 459 1235 516 worm

347 646 397 708 est
418 635 644 700 simulacrorum
675 654 730 716 per
756 643 853 700 totum
885 636 1048 700 retiiormis
1077 637 1277 716 superficiem,
1305 636 1337 700 id
1360 657 1382 702 s
1400 637 1581 719 meduno
1602 636 1704 715 rusius

345 814 423 880 uillis
447 814 579 878 externis
603 814 642 876 ad
666 813 794 875 retinam
815 813 996 876 traductam.
1044 811 1173 878 Oculum
1196 813 1274 878 enirn
1306 814 1351 878 sio
1372 815 1403 878 iu
1427 814 1522 880 lotum
1546 814 1706 878 dinume

343 922 395 965 ree
416 902 554 964 visibiles
577 902 695 981 plures,
720 908 754 965 ut
775 910 877 964 tomen
902 911 934 963 et
957 902 986 963 iu
1010 902 1089 964 idem
1112 911 1246 966 centrrun
1269 903 1356 982 qussi
1378 910 1491 968 coeant
1513 911 1547 966 et
1567 902 1705 966 sediooe

344 990 409 1067 (vel
440 989 542 1071 quasi)
576 990 675 1060 iactu,
707 989 747 1050 ab
771 990 877 1052 eodem
900 990 987 1052 unico
1013 1000 1125 1071 puncto
1157 991 1346 1070 excipientur
1379 991 1408 1054 in
1431 990 1573 1056 urinam
1620 990 1706 1054 tuoe

343 1080 448 1160 itaque
469 1077 644 1159 perspicills
666 1096 801 1140 convexo
823 1087 980 1158 praestare
1002 1086 1140 1159 possunt,
1165 1087 1199 1140 nt
1220 1100 1240 1140 e
1262 1098 1294 1141 re
1317 1079 1459 1160 quspisns
1480 1080 1581 1160 msjor
1594 1096 1705 1159 super·

344 1167 428 1232 dcies
451 1167 568 1230 retineo
591 1174 762 1246 occupetur.
800 1168 845 1228 At
868 1168 946 1228 inter
969 1167 1178 1248 crystallinum
1201 1176 1233 1229 et
1255 1168 1383 1230 retinam
1405 1168 1519 1230 nullum
1542 1177 1705 1247 osrpsse·

343 1265 409 1319 tum
432 1274 595 1318 concursus
618 1256 770 1318 radiorum
792 1273 831 1318 ex
855 1256 984 1318 diversis
1007 1255 1134 1318 visibilis
1158 1256 1201 1317 rei
1225 1256 1343 1334 punctis
1362 1255 1557 1330 venientium,
1581 1274 1639 1336 per
1654 1253 1704 1319 12.

342 1345 561 1426 praemissam:
594 1362 686 1423 quare
713 1342 815 1421 potine
839 1343 936 1405 minor
958 1344 993 1405 fit
1015 1345 1114 1424 portio
1145 1344 1315 1408 illustratae
1345 1343 1461 1407 retinse
1484 1354 1611 1424 propter
1634 1363 1704 1426 ery-

343 1433 513 1506 stslliuum‚
545 1451 634 1513 quum
662 1431 770 1510 major.
819 1432 898 1493 Vide
923 1428 977 1495 23.
1005 1432 1203 1513 praemissum
1234 1442 1267 1494 et
1295 1450 1371 1513 ques
1394 1432 1470 1496 Nro.
1494 1430 1527 1496 2.
1552 1433 1594 1496 de
1615 1433 1706 1496 modo

343 1522 469 1588 risionis
492 1520 575 1582 dicta
598 1529 679 1582 sunt.
725 1518 862 1599 Denique
890 1539 985 1599 neque
1014 1522 1062 1582 bic
1091 1529 1139 1583 eat
1165 1538 1237 1582 usus
1270 1521 1464 1601 specilloruru
1490 1538 1704 1596 consuetum,

344 1619 451 1674 utres
474 1609 611 1690 augendo
636 1609 797 1682 illustrent,
821 1617 855 1671 nt
877 1609 983 1671 vidisti
1005 1610 1173 1688 praemissa
1195 1627 1280 1688 prop.
1305 1606 1374 1684 28.;
1406 1609 1467 1672 imo
1489 1609 1606 1674 vitioss
1630 1609 1705 1674 risio

343 1707 436 1773 esset,
461 1699 488 1762 ei
510 1716 560 1759 res
579 1698 664 1776 justo
682 1695 825 1775 majorem
848 1696 1050 1776 quantitatem
1073 1698 1223 1778 pingendo
1247 1698 1276 1760 in
1300 1698 1399 1761 retius
1415 1709 1591 1780 ooouparet.
1624 1699 1705 1762 Nsrs

343 1797 378 1854 ut
398 1788 527 1868 pictura,
552 1785 597 1848 its
620 1785 708 1847 visio.

433 1876 564 1939 Videtur
585 1874 739 1935 Platerum
762 1873 791 1935 in
816 1874 893 1935 hauc
917 1873 1098 1936 sententiam
1128 1874 1283 1937 induxisse
1306 1873 1337 1937 id
1360 1875 1602 1954 experimentum
1626 1895 1704 1940 sus-

342 1964 497 2036 tomienm‚
521 1962 601 2043 quod
622 1981 661 2024 ex
684 1962 752 2025 aliis
776 1962 901 2024 medicis
919 1962 1030 2036 audivi,
1055 1962 1172 2026 scilicet
1194 1963 1221 2024 si
1234 1962 1428 2045 crystallinus
1441 1963 1559 2041 humor,
1576 1966 1705 2030 seorsim

343 2055 519 2118 enucleatus
543 2052 582 2113 sb
606 2049 776 2113 humoribus
800 2051 930 2124 ceteris,
962 2051 1114 2114 minutulis
1147 2050 1243 2114 literis
1271 2052 1551 2132 superimponunt,
1577 2073 1705 2135 repr-se·

344 2150 466 2207 seutsre
489 2140 560 2204 illas
583 2139 722 2219 majores.
770 2140 883 2202 Verum
906 2139 938 2201 id
962 2148 1010 2201 est
1033 2139 1158 2202 alienius
1182 2141 1219 2201 ab
1243 2139 1300 2202 boo
1332 2140 1463 2222 negotio.
1512 2141 1602 2205 Visio
1626 2144 1705 2208 euim

342 2231 378 2296 ne
399 2229 553 2293 mediante
575 2228 695 2308 pictura
717 2229 747 2290 in
772 2227 927 2291 retiformi.
974 2229 1018 2289 At
1048 2229 1123 2291 baec
1151 2228 1276 2292 iellaois
1302 2230 1452 2310 contingit
1473 2249 1533 2294 non
1557 2250 1615 2312 per
1637 2233 1705 2312 pic·

342 2328 441 2384 turam
464 2317 519 2383 sed
541 2335 596 2397 per
618 2316 753 2380 rationes
771 2315 921 2395 imaginis.
959 2316 1041 2397 Ergo
1064 2317 1140 2379 baec
1163 2317 1357 2397 amplificatio
1380 2318 1538 2382 litersrum
1562 2339 1619 2401 per
1634 2340 1704 2403 ery-

343 2408 498 2472 stsllinum
521 2406 585 2479 (rel
609 2405 637 2467 ei
660 2407 809 2487 analogon
833 2404 986 2486 quippiam
1010 2406 1039 2466 in
1063 2407 1164 2480 oculo)
1188 2424 1247 2469 non
1271 2407 1414 2470 informat
1435 2408 1595 2474 visionem.

433 2509 546 2577 Confer
565 2510 631 2592 jorn
653 2512 772 2574 modurn
796 2531 898 2576 verum
922 2510 1047 2574 visionis
1071 2534 1090 2574 s
1113 2530 1159 2574 ure
1187 2513 1373 2592 propositum
1401 2533 1468 2575 curn
1501 2515 1557 2578 illo
1580 2516 1705 2591 Pisteri,

343 2601 462 2666 videbis
485 2600 686 2663 clarissimum
708 2601 803 2663 virum
827 2621 885 2664 non
911 2599 1028 2680 longius
1053 2621 1072 2662 a
1094 2619 1165 2661 vero
1189 2600 1314 2674 abesse,
1348 2620 1437 2681 quarn
1461 2612 1608 2684 qusntunr
1630 2622 1706 2687 pro·

343 2691 475 2755 outone
505 2689 670 2763 medicum,
700 2691 750 2771 qui
783 2690 998 2753 matbemetica
1021 2709 1078 2751 uon
1103 2689 1206 2750 dedita
1224 2708 1316 2769 opera
1338 2697 1468 2767 tractet,
1492 2693 1606 2757 sbesse
1629 2713 1704 2758 oon·

343 2789 521 2845 sentsueum
544 2786 602 2840 est.

432 2866 593 2931 Cornelius
617 2864 746 2929 Gemina
767 2864 901 2926 medicus
926 2873 958 2927 et
978 2863 1176 2944 philosophus
1199 2866 1364 2944 profundae
1383 2867 1547 2948 indaginis,
1572 2866 1705 2932 Cosmu-

343 2957 464 3022 oritices
488 2956 566 3019 libro
580 2957 620 3017 ΙΙ.
646 2955 697 3017 iol.
718 2948 846 3027 :20.⁸‘)
874 2955 994 3016 modum
1018 2953 1143 3016 visionis
1165 2954 1317 3033 componit
1341 2965 1373 3017 et
1387 2957 1545 3019 confundit
1567 2974 1647 3036 pene
1669 2977 1707 3021 ex

343 3047 480 3109 omnibus
505 3047 554 3126 qui
577 3044 786 3106 celebrantur:
810 3043 840 3103 iu
864 3061 922 3123 quo
946 3041 1050 3103 videas
1074 3054 1190 3104 certare
1209 3041 1367 3106 verborum
1382 3045 1616 3124 ambiguitatem
1638 3065 1706 3111 cum

343 3135 528 3198 obscuritate
552 3151 670 3206 rerum,
695 3151 761 3192 curn
784 3131 833 3191 hic
857 3140 919 3193 turn
943 3131 975 3192 in
999 3137 1064 3191 toto
1089 3132 1149 3192 iere
1175 3131 1268 3203 libro,
1294 3132 1364 3194 dum
1388 3134 1427 3195 de
1450 3135 1582 3196 muteris
1604 3138 1706 3217 meje-

344 3224 437 3286 statis
460 3222 637 3302 plenissima
659 3219 744 3299 gravi
773 3221 853 3301 stylo
884 3219 1061 3281 rhetoricari
1095 3231 1126 3281 et
1156 3220 1245 3298 plane
1279 3221 1437 3284 veticinari
1469 3223 1587 3284 mavult
1616 3243 1707 3306 quem

344 3312 515 3392 disputare,
553 3329 607 3371 nec
637 3309 694 3369 nisi
726 3326 848 3387 gravem
885 3309 1028 3370 lectorem
1062 3316 1093 3368 et
1127 3306 1363 3371 attentissimum
1400 3311 1519 3372 erudire
1553 3311 1706 3392 digustur.

343 3400 476 3463 Primum
498 3400 555 3460 hoc
580 3417 617 3458 ex
641 3397 807 3458 Vitellione
831 3405 863 3457 et
886 3415 923 3458 ex
946 3396 1070 3475 opticis:
1095 3414 1170 3458 cono
1195 3396 1340 3459 visionem
1364 3400 1486 3474 condci,
1509 3402 1598 3482 cujus
1622 3402 1705 3464 bssis

343 3490 373 3552 iu
397 3508 430 3550 re
454 3487 572 3561 visibili,
597 3494 704 3546 vertex
728 3484 756 3545 in
780 3494 882 3546 centro
906 3484 1083 3566 crystallini.
1116 3484 1232 3545 Deinde
1256 3486 1312 3547 hoc
1336 3506 1375 3548 ex
1396 3488 1594 3570 pbilosophis
1616 3501 1704 3553 retu·

345 3597 420 3652 rum,
445 3576 562 3657 legibus
585 3593 644 3636 non
668 3573 777 3653 opticis
801 3581 834 3634 at
856 3574 957 3634 verbis
981 3572 1103 3651 opticis:
1128 3591 1234 3634 conum
1258 3573 1349 3637 aliurn
1372 3577 1487 3639 vertice
1511 3578 1551 3639 sd
1566 3588 1705 3642 centrum

344 3665 526 3749 crystallini,
560 3664 626 3725 basi
659 3663 738 3723 intro
766 3670 906 3741 porrecta
934 3679 1010 3723 cono
1034 3662 1077 3723 illi
1101 3660 1242 3724 exteriori
1267 3661 1387 3725 obviarn
1410 3664 1469 3739 ire:
1505 3666 1594 3730 illum
1619 3669 1706 3737 lucis,

344 3756 422 3817 bunc
446 3753 568 3833 spiritus
592 3771 646 3812 seu
670 3750 824 3812 lucultatis
849 3750 978 3811 visoriae
1009 3767 1092 3823 esse:
1123 3750 1175 3810 illo
1202 3751 1320 3829 species
1352 3753 1490 3829 influere,
1520 3755 1579 3817 boc
1601 3757 1705 3838 recipi,

346 3859 454 3922 magno
483 3840 600 3921 quidem
629 3849 661 3901 et
690 3840 752 3900 leto
781 3838 909 3911 debiles,
935 3838 1004 3898 exili
1029 3839 1131 3900 sortes.
1170 3847 1301 3918 (spiritus
1322 3867 1359 3906 en
1384 3853 1498 3909 seherus
1524 3855 1644 3913 industt
1671 3871 1706 3912 ss

345 3957 431 3996 conus
457 3957 519 3995 esse
546 3940 656 4011 possit?
690 3944 720 3992 et
746 3938 789 3991 eni
816 3935 928 4000 boner)
975 3926 1036 3988 Sed
1064 3928 1238 4006 aenigmata
1267 3927 1355 4009 hujus
1389 3933 1524 3995 auctoris
1556 3945 1707 4016 queteuus

346 4037 501 4082 commune
525 4019 596 4099 quid
619 4017 733 4078 hubent
756 4035 822 4078 curn
846 4014 1037 4094 opinionibus
1060 4016 1128 4077 eliis
1152 4035 1226 4096 quas
1249 4018 1360 4091 refuto,
1383 4020 1421 4082 ad
1445 4022 1502 4084 bse
1520 4023 1646 4106 relego:
1670 4024 1707 4086 de

345 4117 446 4170 cetero
469 4125 535 4169 curn
559 4126 591 4166 se
615 4104 785 4168 lubricitate
807 4104 975 4177 verborum,
1000 4112 1148 4183 utcunque
1171 4122 1307 4184 premas,
1334 4109 1490 4187 evolvant,
1514 4112 1615 4175 misse
1636 4123 1708 4176 suut

346 4195 493 4270 iacienda,
516 4194 696 4276 praesertim
720 4193 790 4273 quis
812 4191 933 4254 modurn
957 4209 1060 4253 verum
1083 4202 1166 4253 certo
1189 4193 1367 4258 invenimus.

434 4291 577 4371 Sequitur
613 4301 799 4371 postremus,
834 4309 920 4371 quern
958 4289 1015 4350 bac
1046 4290 1111 4351 vice
1155 4290 1405 4356 considerandum
1441 4295 1513 4358 mibi
1550 4299 1705 4380 proposui,

343 4378 478 4444 Joannes
501 4380 644 4459 Baptista
667 4381 778 4449 Porta,
801 4380 849 4459 qui
875 4379 951 4440 libro
978 4378 1026 4440 17.
1051 4379 1173 4457 Magire
1196 4379 1355 4444 Naturalis
1385 4384 1486 4463 capite
1509 4379 1541 4448 6.
1577 4387 1706 4468 primurn

346 4469 410 4549 ejus
432 4468 475 4531 rei
499 4468 656 4530 artificium
683 4468 791 4540 tradit,
820 4467 906 4547 cujus
930 4487 1020 4547 supra
1043 4467 1142 4546 capite
1166 4469 1297 4531 secundo
1320 4472 1484 4534 solemnem
1508 4474 1705 4540 demonstra·

344 4556 457 4619 tionem
481 4557 639 4636 expedivi:
674 4575 735 4636 qua
756 4555 872 4617 ratione
896 4575 1002 4635 nempe
1026 4556 1127 4617 omnia
1153 4555 1182 4616 in
1208 4558 1341 4621 tenebris
1364 4559 1525 4627 videantur
1546 4581 1617 4629 oum
1642 4566 1707 4628 suis

344 4643 504 4720 coloribus,
528 4662 605 4724 quse
629 4644 701 4706 ioris
726 4665 744 4704 a
768 4642 838 4706 Sole
863 4645 1073 4707 illustrantur:
1097 4652 1216 4724 postea,
1240 4648 1405 4728 propositis
1428 4649 1545 4731 aliquot
1563 4653 1707 4734 jucundis

344 4732 493 4805 artificiis,
520 4732 585 4810 jem
617 4733 811 4793 conclusurus
843 4733 941 4793 locum
976 4732 1050 4792 baec
1082 4733 1238 4812 paneade
1276 4737 1400 4800 visionis
1436 4740 1527 4801 modo
1563 4742 1705 4806 eddidit:

345 4821 417 4878 nine
435 4822 608 4892 philosophis
628 4829 659 4875 et
678 4822 777 4892 opticis
798 4827 886 4891 petet,
909 4838 1027 4891 quonam
1047 4824 1098 4878 ilat
1117 4823 1187 4876 risio
1208 4822 1277 4890 loco,
1300 4844 1333 4882 ac
1354 4828 1555 4888 intromittendi
1568 4833 1707 4889 &turm

345 4903 472 4972 queastio
501 4901 540 4954 sie
566 4901 719 4971 unuquims
748 4900 908 4970 exagitate,
940 4918 991 4954 nee
1019 4901 1074 4955 alio
1094 4918 1215 4972 unqusru
1235 4908 1354 4963 eminete
1383 4911 1569 4968 demonstrsri
1590 4914 1705 4985 poterit

345 4978 539 5036 hermericus
553 4981 653 5036 idolum
663 4997 714 5048 per
728 4980 871 5049 pupillsur,
887 4981 1026 5036 fenestrae
1038 4982 1177 5037 foraminis
1191 4982 1289 5052 instsr,
1304 4990 1448 5063 rieersque
1455 4992 1569 5051 obtinet
1577 4994 1705 5056 ω,
