3692 5842
355 1215 358 1222 ⁸
424 1277 656 1357 muusrm
682 1206 747 1356 uu
775 1249 1044 1359 euuuuoso
1070 1277 1282 1366 mommo,
1311 1275 1398 1356 uu.

309 1456 595 1575 ,JOANNI
634 1447 1033 1600 solur-:nmo
1077 1453 1502 1570 Homulli,

234 1650 271 1710 L.
296 1648 332 1709 B.
358 1648 387 1709 iu
413 1647 608 1711 Grt'renbdhel
639 1656 670 1709 et
698 1646 863 1721 Strechaw,
888 1648 1017 1709 Domino
1042 1648 1072 1710 in
1095 1645 1432 1721 Nomen-scheel-boll,
1457 1646 1586 1708 Ducatua

236 1737 357 1822 Styriae
390 1738 572 1800 Provinciali
604 1737 703 1799 Aulae
740 1736 889 1815 Magistro
931 1736 1134 1799 haereditario
1174 1756 1228 1798 nec
1265 1753 1323 1797 non
1362 1735 1587 1798 Provinciamm

235 1828 379 1889 Austriae
403 1836 435 1889 et
458 1827 581 1909 Styriae
604 1826 814 1898 Maresclralco
837 1826 1050 1900 haereditario,
1075 1824 1144 1888 Sao.
1166 1822 1257 1888 Caes.
1280 1824 1446 1903 Majeatati
1466 1844 1488 1886 a
1510 1822 1588 1888 cca-

237 1916 313 1977 siliis
337 1917 436 1978 Aulae
460 1916 628 1996 Imperialis
653 1923 683 1976 et
697 1916 884 1994 Burggravio
910 1916 938 1977 in
955 1915 1055 1997 Steyr,
1081 1914 1229 1976 Sereniss.
1246 1913 1431 1975 Archiducis
1447 1915 1587 1976 Austriae

279 2003 481 2067 Maximiliani
496 2008 550 2068 tue.
572 2003 757 2079 Camerario,
777 2004 905 2066 Domino
926 2013 957 2066 et
976 2004 1147 2068 Maecenati
1166 2023 1230 2066 meo
1250 2002 1489 2083 gratiosissimo.
1505 1996 1550 2076 ⁴³)

328 2189 464 2262 Quartus
487 2191 535 2253 hic
559 2211 653 2252 annus
678 2199 738 2266 est,
769 2191 898 2255 Illustris
922 2199 955 2251 et
978 2189 1135 2253 Generosa
1159 2192 1253 2264 Baro,
1278 2191 1447 2252 Maecenas
1470 2190 1584 2272 inclyte,

234 2302 272 2344 ex
295 2300 351 2362 quo
375 2280 501 2360 primum
527 2281 564 2341 ad
589 2300 644 2342 nos
658 2281 789 2359 Pragam
813 2280 894 2343 lama
908 2281 1014 2343 Novae
1038 2282 1147 2343 atellae
1170 2281 1199 2342 in
1224 2280 1325 2342 sidere
1342 2277 1444 2362 Cygni
1468 2293 1585 2342 exortae

233 2369 380 2453 pervenit.
418 2369 497 2430 Erat
520 2380 590 2431 tunc
610 2389 715 2431 recens
730 2369 817 2431 uobis
837 2370 921 2431 dolor
941 2389 979 2430 ex
993 2369 1101 2432 acerbo
1117 2369 1218 2431 funere
1243 2369 1351 2434 ammi
1367 2369 1426 2430 viri
1442 2370 1585 2452 'lechonis

232 2460 352 2534 Brahei,
378 2460 580 2520 astronomiae
604 2459 818 2520 instauratoris
841 2459 1093 2531 celebratissimi;
1117 2477 1205 2540 quem
1227 2478 1294 2520 cum
1318 2458 1381 2519 alia
1406 2459 1585 2521 multatum

232 2551 289 2612 hoc
313 2569 428 2630 quoque
452 2548 599 2610 reddebat
623 2548 861 2619 acerbissimum,
884 2549 963 2628 quod
987 2551 1025 2610 ab
1049 2548 1100 2609 illo
1130 2558 1262 2626 tempore
1287 2548 1518 2628 preciosissima
1539 2548 1586 2609 illa

233 2639 370 2718 supellex
393 2638 657 2700 instrumentorum
682 2638 964 2710 astronomicorunr‚
989 2658 1065 2718 quae
1089 2638 1226 2699 Brabeus
1249 2637 1279 2698 in
1302 2636 1485 2698 Bobemiam
1509 2638 1585 2698 intu-

233 2730 319 2800 lerat,
345 2728 472 2806 quodam
496 2728 697 2789 inextricabili
722 2728 784 2787 fato
813 2726 953 2789 claustris
978 2735 1009 2788 ct
1032 2726 1166 2789 obicibus
1194 2726 1302 2806 positis
1332 2725 1538 2788 delitescebat
1560 2726 1586 2787 ia

234 2817 377 2879 tenebris.

305 2907 429 2985 ,ltaque
454 2924 644 2967 cumeorum
667 2925 739 2965 usus
764 2912 847 2964 esset
869 2902 939 2966 mibi
970 2904 1166 2980 interclusus,
1198 2913 1249 2965 tua
1274 2910 1377 2965 tamen
1405 2902 1586 2965 liberalitate

233 2994 322 3075 paulo
347 3002 416 3055 ante
449 2996 602 3073 provisum
631 3002 699 3054 erat
730 3013 814 3054 meae
847 2992 976 3072 inopiae.
1023 2992 1170 3056 Nimirum
1200 2992 1396 3073 praevideras
1424 2993 1492 3072 jam
1520 3002 1585 3054 ante

234 3084 333 3145 divino
358 3084 485 3163 quodam
510 3083 670 3158 instinctu,
696 3102 835 3159 quorsum
858 3101 906 3142 res
932 3083 1133 3143 astronomiae
1158 3083 1213 3144 hoc
1242 3082 1389 3160 magistro
1423 3082 1586 3143 destitutae

234 3174 302 3233 olim
335 3182 511 3252 vergerent:
547 3174 647 3254 itaque
681 3173 748 3233 vivo
780 3172 943 3233 etiamnum
966 3172 1085 3234 Brabeo
1109 3180 1140 3232 et
1168 3173 1219 3233 vix
1249 3190 1357 3234 annum
1387 3171 1418 3232 in
1443 3171 1586 3232 Bobenia

232 3271 372 3335 versato,
406 3271 524 3341 partem
555 3281 690 3323 curarum
721 3262 799 3324 ultro
823 3261 853 3321 in
876 3268 907 3322 te
939 3259 1142 3336 transtulisti;
1176 3279 1223 3322 ms
1246 3260 1276 3321 in
1310 3260 1387 3322 hunc
1422 3260 1585 3322 luctuosum

235 3361 372 3413 eventum
395 3352 635 3430 prudentissimis
658 3352 758 3411 verbis
783 3350 969 3421 instruxisti:
998 3349 1124 3430 denique
1148 3350 1345 3430 quadrantem
1374 3351 1585 3411 azimuthalem

235 3451 265 3501 et
290 3449 468 3514 sextantem,
494 3460 531 3501 ex
555 3442 634 3501 ferro
658 3442 746 3511 hunc,
770 3439 852 3500 illum
876 3460 912 3501 ex
928 3439 1088 3511 orichalco,
1111 3440 1173 3501 tuis
1196 3440 1344 3501 sumtibus
1368 3440 1408 3500 ad
1428 3438 1586 3519 imaginem

234 3531 461 3592 Braheanorum
497 3532 700 3592 conformatos
735 3530 874 3589 nonnullo
909 3539 1007 3590 sumtu
1041 3528 1240 3608 comparasti:
1278 3547 1353 3608 qnae
1388 3529 1587 3589 instrumenta

238 3621 357 3681 llraheo
381 3629 515 3691 mortuo,
548 3621 637 3698 paulo
661 3619 742 3697 prius
776 3638 864 3698 quam
889 3618 925 3679 de
949 3619 1041 3679 stella
1070 3619 1274 3691 audissemus,
1306 3618 1381 3679 meis
1408 3617 1515 3679 usibus
1536 3619 1586 3679 aba

239 3708 277 3770 G.
303 3710 368 3769 Tua
390 3710 537 3790 permissa
559 3709 762 3787 possidebam.

326 3796 412 3867 Quae
436 3798 537 3878 itaque
563 3798 591 3860 in
615 3798 671 3858 hac
696 3797 787 3857 stella
810 3796 893 3857 hisce
917 3796 977 3857 tuis
1000 3796 1205 3858 instrumentis
1236 3796 1472 3859 observaveram
1496 3817 1585 3879 qnae·

237 3908 292 3966 que
317 3887 353 3946 de
373 3906 410 3947 ea
433 3888 559 3947 dicenda
577 3896 681 3947 essent
705 3895 885 3960 astronomo,
910 3885 962 3946 illo
982 3905 1059 3947 anno
1078 3886 1247 3965 perscripta
1266 3893 1297 3946 et
1311 3886 1417 3964 paucis
1441 3888 1585 3969 aliquibus

241 3976 458 4038 communicata
482 3977 652 4054 cogitabam
676 3978 764 4036 edere
783 3978 903 4056 Tuoque
918 3975 1039 4037 Nomini
1063 3975 1220 4049 dedicare;
1245 3991 1333 4055 quam
1358 3977 1585 4054 promissionem

240 4066 401 4127 meministi
425 4085 470 4125 mc
495 4085 596 4126 corum
622 4067 728 4127 lacere.
765 4065 832 4128 Non
858 4066 935 4144 quod
960 4084 996 4124 ex
1015 4065 1071 4125 hac
1096 4064 1272 4126 tenuissima
1295 4064 1461 4144 scriptione
1484 4071 1583 4149 splen·

242 4155 321 4215 doris
342 4155 451 4233 aliquid
469 4155 582 4216 lllustri
603 4156 665 4215 Tuo
680 4155 800 4227 Nemini
824 4173 1013 4214 accessurum
1037 4172 1198 4232 sperarem,
1224 4154 1276 4215 sed
1295 4153 1367 4234 quia
1386 4156 1584 4239 maximopere

241 4245 278 4304 ad
303 4264 399 4304 meam
424 4245 677 4304 existimationem
699 4245 849 4322 pertinere
874 4243 1052 4317 arbitrabar,
1077 4244 1170 4321 primo
1195 4261 1308 4323 quoque
1333 4254 1471 4324 tempore
1495 4248 1582 4309 docn-

240 4342 370 4394 mcntum
394 4335 482 4394 edere
506 4334 653 4412 publicum
680 4353 763 4394 meae
788 4333 815 4392 in
841 4332 879 4393 G.
904 4333 999 4392 Tuam
1024 4332 1226 4411 gratitudinis.
1273 4331 1396 4394 Etenim
1421 4335 1448 4395 si
1473 4355 1582 4398 omnem

239 4423 294 4482 mei
319 4442 507 4501 meorumque
533 4423 669 4482 fortunae
694 4422 799 4481 scriem
824 4421 922 4481 animo
946 4441 1141 4500 pererrarem‚
1166 4421 1247 4482 nulla
1270 4420 1299 4481 in
1323 4441 1467 4502 capara,
1491 4426 1582 4487 nullus

240 4512 381 4572 articulus
415 4512 607 4582 occurrebat,
640 4530 726 4591 quem
751 4530 807 4571 non
842 4529 1005 4572 connexum
1038 4510 1201 4572 fortissime
1232 4511 1385 4573 firmasset
1409 4514 1476 4574 Tua
1503 4515 1582 4575 nnius

241 4602 445 4660 beneficentia.
493 4602 539 4661 Ac
563 4620 599 4659 ne
632 4601 733 4661 multis
765 4600 793 4661 in
826 4600 909 4662 bravi
940 4595 1064 4663 marta:
1095 4609 1231 4682 poteram
1262 4609 1332 4661 tuuc
1358 4601 1427 4681 jure
1460 4604 1581 4685 quodam

219 4689 337 4750 'cll'erri
361 4692 516 4764 mannitice
539 4696 571 4749 et
594 4708 661 4752 cum
684 4687 781 4754 Aeolo
807 4685 1187 4796 Veciliairodahxclamare:

476 4799 517 4850 Tu
537 4795 603 4852 milui
617 4813 639 4845 ⁴·
1040 4787 1168 4872 'hempta
1184 4802 1335 4871 Joremque

478 4875 577 4932 eonon*
1101 4895 1168 4946 mm,

475 4956 541 5032 urat
1149 4966 1218 5022 esa.
1246 5013 1250 5020 .
