3692 5842
805 463 837 512 a
855 464 929 514 asu·
947 463 1053 528 opera
1167 505 1169 510 .
1563 466 1611 534 ῃ

245 634 384 691 ιιικιίιι,
393 640 495 703 prepter
511 650 602 692 m
619 650 696 701 snpra
712 633 832 699 elimas),
850 638 961 702 seqnitur
978 638 1080 689 schema
1090 653 1196 703 aequem
1214 643 1309 704 positus
1322 635 1350 706 J>
1365 644 1509 707 apparentis
1528 643 1561 696 ad
1574 642 1608 708 Θ

244 706 271 754 iu
288 705 411 769 principio
429 712 504 771 atque
522 706 573 757 fine
591 707 696 772 eclipsis.
734 707 807 768 Quod
824 709 846 756 si
864 708 969 759 ducatur
985 711 1011 760 iu
1031 724 1062 761 ea
1080 710 1121 759 ria
1140 704 1182 773 J,
1207 713 1304 775 patebit
1328 713 1405 763 etiam
1422 714 1518 777 positus
1536 707 1563 779 J>
1583 715 1610 767 in

244 776 328 826 medio
346 775 466 839 eJnsdem.
505 777 563 837 Qua
580 777 747 828 delineatione
766 780 914 842 conspicitur
933 781 1053 829 maximus
1067 781 1178 830 defectus
1197 781 1290 833 ultrad
1305 784 1403 848 digitos
1424 781 1545 844 (Schema
1561 785 1610 838 ho'd

247 846 327 897 imile
345 853 386 898 ert
402 846 525 901 aenae
541 848 624 899 Probi.
638 846 681 899 27.
701 847 903 913 (lap.li1.0pt)
1516 850 1518 855 '

334 917 383 968 En
400 918 475 983 igitur
491 924 553 985 puto
570 925 631 971 tuae
647 921 761 985 petitioni
779 921 936 971 sadsfactnm
954 934 1017 972 esse.
1055 922 1174 973 Videmus
1186 939 1211 972 n.
1225 936 1299 987 quem
1310 926 1420 987 proxime
1430 926 1478 975 iste
1497 926 1609 976 calculut

248 989 415 1041 ebuafiord
433 997 564 1058 congruat
599 991 641 1041 Alr
658 1005 733 1056 quam
751 991 883 1041 delendum
901 998 955 1049 est,
974 993 1039 1056 qnod
1052 993 1235 1043 observationes
1250 995 1281 1044 ab
1299 995 1370 1044 initio
1382 996 1415 1047 ad
1433 997 1509 1047 duem
1526 1003 1609 1048 certat

247 1061 339 1111 habere
357 1075 407 1109 non
426 1064 563 1124 potuimus,
581 1076 631 1112 nou
651 1062 736 1111 dubito
754 1064 813 1126 quin
832 1061 955 1112 calculum
974 1063 1126 1114 sufficienter
1137 1067 1274 1129 praecisum
1286 1080 1422 1129 proponere
1434 1068 1608 1131 potuissemus.

248 1131 350 1181 interim
369 1131 468 1197 pudeo
489 1148 597 1198 eousque
618 1148 674 1183 eum
703 1133 857 1183 satisfacere.
880 1157 915 1167 -
943 1132 1016 1194 Quod
1038 1141 1122 1184 eutem
1140 1136 1286 1200 magnitudo
1309 1138 1389 1186 minor
1408 1137 1500 1201 prodit,
1532 1152 1607 1203 quam

248 1202 420 1252 catenatione
434 1204 533 1261 vidisti,
549 1218 600 1253 nou
617 1205 706 1262 miror,
724 1204 852 1267 multiplex
871 1219 897 1253 n.
917 1218 995 1253 causa
1013 1207 1038 1254 irr
1052 1212 1150 1269 promtu
1166 1216 1214 1257 est:
1238 1204 1264 1268 l)
1276 1208 1306 1257 de
1323 1208 1412 1257 initiali
1427 1208 1607 1266 observatione,

247 1287 320 1338 quern
339 1269 491 1340 perium)
512 1274 546 1325 ad
569 1272 603 1336 Θ
621 1281 736 1339 respectu
752 1274 876 1325 ierticalis
899 1276 984 1325 circuli
1003 1276 1131 1334 habuerit.
1154 1284 1249 1327 certum
1267 1279 1364 1328 reflari
1383 1280 1460 1330 nuber
1477 1273 1609 1343 prohibuess

248 1350 314 1394 runt.
353 1342 428 1394 Certe
447 1347 468 1396 ei
487 1340 514 1410 )
535 1346 669 1396 australior
687 1353 810 1409 ponatur,
832 1346 935 1397 schema
953 1347 1029 1396 etiam
1049 1350 1168 1410 majorem
1188 1349 1312 1399 defectum
1329 1349 1425 1412 prodet
1453 1348 1480 1411 2)
1501 1350 1609 1415 Tempus

246 1416 327 1478 ipsum
349 1415 450 1466 dubium
469 1418 525 1467 fnit
562 1414 590 1478 3)
616 1416 743 1478 Quantam
768 1417 938 1466 diversitatem
959 1418 985 1466 iu
1013 1419 1134 1481 parallaxi
1156 1419 1295 1470 latitudinis
1322 1414 1348 1484 D
1373 1421 1462 1471 subeat
1485 1419 1564 1486 (quae
1583 1422 1608 1469 ln

246 1486 321 1535 leorae
342 1491 383 1535 est
400 1485 538 1549 mutabilis)
554 1489 624 1551 ipsae
642 1486 755 1537 'l'abulae
774 1489 835 1536 rada
852 1487 980 1538 evidenter
998 1488 1096 1538 dorent.
1135 1490 1217 1555 Atque
1235 1490 1282 1540 hoc
1304 1491 1384 1555 ipsum
1404 1499 1458 1553 est,
1479 1493 1544 1555 quod
1562 1491 1608 1540 hoc

247 1556 345 1606 ealcnlo
363 1559 488 1621 expediri,
516 1558 580 1624 qued
598 1560 624 1608 in
641 1557 819 1622 Disputatioue
840 1571 899 1609 mea
923 1559 955 1610 de
984 1559 1069 1622 eclipsi
1088 1563 1160 1627 attigi
1178 1562 1273 1626 potius,
1298 1576 1373 1627 quam
1399 1562 1432 1612 ibi
1456 1563 1610 1613 sufficienter

245 1634 401 1692 pertractem
420 1630 487 1694 potui
504 1636 549 1680 aut
566 1629 649 1679 debui.
838 1656 841 1661 ·

336 1697 395 1749 lion
412 1700 512 1758 dubito,
534 1701 555 1749 ri
576 1700 673 1750 coelum
689 1712 804 1749 aerenum
821 1699 923 1757 fnisset,
943 1700 1002 1764 qnin
1019 1702 1094 1751 etiam
1112 1694 1138 1767 Ω
1156 1716 1263 1754 necnon
1282 1703 1380 1767 aliquae
1397 1702 1462 1753 aliae
1476 1702 1564 1753 stellae
1581 1718 1608 1753 se

246 1770 437 1833 compiciendar
455 1771 609 1821 obtulismut
646 1770 697 1820 Sed
719 1771 777 1834 qnid
799 1771 867 1821 ultra
890 1772 921 1821 de
946 1771 994 1820 iilis
1010 1771 1069 1822 mihi
1097 1774 1195 1823 somnia
1215 1772 1303 1838 flngol
1340 1774 1455 1824 Gratulor
1486 1775 1555 1823 uobis
1582 1767 1608 1823 te

247 1840 342 1959 aliquid
359 1841 390 1890 de
411 1842 461 1892 hac
479 1842 564 1906 eclipsi
579 1842 682 1900 cidisse,
702 1855 748 1908 ego
768 1843 834 1893 enim
853 1842 913 1891 nihil
932 1843 1079 1907 quidquam,
1099 1844 1164 1910 qnod
1184 1843 1289 1909 alicujus
1308 1846 1426 1895 momenti
1444 1859 1499 1896 esse
1520 1846 1608 1909 possit,

246 1926 391 1975 conspuere
409 1915 486 1977 potui.
1602 1925 1607 1930 “

336 1982 413 2034 Hisce
430 1999 487 2034 cnm
506 1988 552 2033 tna
573 1985 680 2049 conjuge
703 1989 730 2033 et
753 1982 828 2032 filiolo
850 1983 907 2034 eale
931 1983 1043 2034 feliciter.
1080 1984 1150 2036 Deua
1172 1992 1198 2036 te
1222 1991 1341 2050 tuosque,
1364 1987 1510 2051 praesertim
1537 1991 1608 2037 tuum

246 2053 325 2103 filium
345 2062 486 2111 conservet,
504 2062 532 2104 ut
550 2054 635 2104 videas
653 2054 803 2119 aliquando.
824 2056 911 2119 quibus
929 2054 1026 2104 affatim
1043 2055 1193 2106 exhilareris.
1230 2059 1320 2106 Amen.

335 2124 410 2177 Vale.
440 2125 528 2175 Veloci
545 2139 588 2188 pro
606 2139 674 2174 more
689 2140 745 2174 meo
762 2125 868 2175 calamo.
901 2125 956 2175 Der
972 2126 1032 2175 Bett
1052 2128 1150 2176 istene
1174 2128 1219 2176 das
1236 2126 1316 2177 schier
1330 2127 1439 2191 vuwillig
1457 2139 1488 2174 zu
1504 2132 1608 2177 'artem

332 2195 439 2247 Posuid.
452 2196 506 2248 cal.
516 2195 578 2259 ifaji
589 2192 665 2245 1588.
688 2195 751 2247 Harl
768 2203 867 2247 creatur
884 2204 923 2248 est
941 2203 1021 2249 rector
1040 2199 1187 2263 magnificus
1205 2197 1237 2248 D.
1251 2198 1363 2249 loannes
1382 2197 1540 2247 Hoclrmanu.

1325 2338 1361 2390 tf.
1379 2338 1414 2389 Μ.
1427 2339 1463 2389 M.

333 2482 480 2545 inceptio:
499 2480 656 2537 Clarissimo,
674 2482 768 2544 pietate
787 2486 813 2529 et
836 2479 972 2529 eruditione
993 2482 1206 2544 praestantissimo
1226 2481 1299 2539 Viro,
1329 2481 1361 2531 D.
1378 2480 1414 2531 M.
1429 2480 1468 2533 Jo.
1487 2480 1608 2545 Keplerc,

244 2551 431 2604 Mathematum
449 2551 476 2600 in
493 2551 640 2602 Graetzensi
656 2550 741 2601 schola
760 2551 892 2601 Professori
909 2551 1075 2601 celeberrimo.
1100 2552 1144 2601 D⁰·
1163 2558 1188 2602 et
1208 2553 1287 2602 amico
1309 2568 1353 2602 suo
1367 2550 1606 2615 perpetnocoiendo.

1255 2622 1331 2672 Grata
1348 2624 1374 2671 in
1393 2624 1437 2671 der
1455 2622 1536 2684 Steyr.
1601 2667 1605 2672 .

335 2693 434 2744 Adher
444 2693 571 2744 Maestlini
586 2693 673 2743 literas
691 2693 817 2758 respoudit
830 2692 876 2744 Kc
884 2693 914 2757 pl
923 2708 995 2743 erus
1008 2692 1032 2744 d.
1044 2691 1149 2742 11.Juu.
1159 2690 1226 2741 1598
1237 2689 1326 2756 (comp.
1333 2693 1352 2742 1.
1360 2689 1402 2741 38.
1410 2690 1452 2742 80.
1460 2687 1608 2752 aarum:

334 2764 472 2848 Eclipsis
496 2765 611 2826 calculo
635 2765 796 2826 cumulasti
820 2764 983 2839 beneficia,
1022 2784 1097 2845 quae
1130 2764 1230 2826 verbis
1261 2765 1360 2826 hercle
1385 2763 1524 2844 persequi
1547 2782 1606 2826 nou

244 2873 379 2936 possum
425 2854 522 2917 Unum
547 2854 648 2927 deest,
683 2853 762 2934 quod
791 2853 903 2916 videris
932 2853 1054 2915 nimium
1083 2853 1182 2915 facere
1207 2854 1348 2932 angulum
1372 2852 1515 2919 sectionis
1538 2850 1606 2917 viae

243 2947 271 3018 )
295 2942 474 3024 apparentis
497 2961 564 3004 cnm
586 2941 638 3003 via
661 2939 714 3019 Θ.
759 2942 839 3005 Nam
861 2942 891 3003 iu
915 2943 998 3004 nulla
1021 2942 1126 3021 eclipsi
1149 2960 1237 3021 quam
1253 2942 1395 3021 Maginus
1418 2940 1606 3019 computavit

244 3041 350 3096 ianuis
375 3040 434 3094 est.
481 3033 531 3094 An
555 3030 648 3110 igitur
669 3050 776 3092 censes
800 3030 848 3091 hic
872 3031 1080 3110 corrigendum
1098 3031 1264 3092 calculum?
1297 3032 1349 3092 An
1371 3030 1408 3091 ob
1432 3029 1604 3109 parallariu

245 3129 374 3203 angetur
397 3120 545 3199 angulus?
567 3121 632 3182 Iruo
655 3119 757 3199 potius
780 3119 899 3181 videtur
921 3119 1107 3181 minuendus.
1154 3117 1280 3181 Gaudeo
1305 3125 1415 3192 autern,
1440 3137 1525 3181 meas
1548 3137 1603 3178 co·

244 3210 412 3291 gitationes
435 3218 533 3271 tecum
557 3209 725 3270 conformes
748 3208 786 3269 de
809 3227 903 3269 causa
922 3209 1070 3270 defectus.
1107 3207 1189 3271 Nam
1211 3208 1441 3281 cumvidereur,
1475 3206 1605 3285 eclipses

244 3317 321 3381 qnae
345 3296 436 3361 citius
453 3305 615 3359 evenerunt
637 3297 810 3377 plerumque
834 3317 854 3357 a
877 3312 909 3363 ee
933 3316 987 3378 per
1010 3307 1058 3362 ra*
1081 3296 1111 3358 in
1134 3300 1183 3371 ᾖ,
1206 3298 1262 3359 has
1285 3315 1356 3357 vero
1371 3296 1446 3356 duas
1461 3302 1604 3373 etoppo·

244 3388 388 3451 titionem
412 3386 505 3447 etiam
528 3404 603 3467 quae
636 3386 760 3464 eclipsin
794 3385 851 3447 fuit
873 3393 981 3448 secuta
1003 3385 1051 3447 die
1074 3380 1230 3466 paschatis
1253 3384 1399 3448 nostratis
1423 3385 1509 3456 (uam
1531 3401 1605 3445 one-

245 3478 306 3540 lum
328 3474 477 3537 mediavit
499 3482 634 3536 centrum
648 3474 675 3546 J
691 3474 827 3554 praecise
851 3492 918 3536 onur
940 3470 977 3551 ij)
1001 3474 1166 3544 tardiores,
1190 3482 1220 3536 et
1243 3475 1286 3536 sic
1310 3482 1342 3535 et
1365 3473 1441 3533 alias
1457 3472 1605 3543 Lunares,

243 3565 305 3627 vidi
322 3583 448 3626 eausam
462 3582 530 3624 esse
544 3562 575 3624 iu
588 3567 848 3640 npccdaqorpeca
862 3561 955 3624 Solis.
991 3560 1069 3632 Sed,
1091 3569 1126 3623 nt
1149 3582 1214 3623 sum
1238 3562 1346 3634 audax,
1371 3559 1432 3625 tale
1449 3560 1605 3624 theorema

245 3655 320 3717 feci:
344 3654 465 3715 Motum
486 3651 591 3713 Lunae
614 3651 745 3713 medium
767 3651 926 3731 aequalem
949 3650 1079 3731 incipere
1104 3671 1123 3711 a
1146 3650 1354 3730 conjunctione
1379 3648 1469 3711 medii
1493 3647 1551 3709 loci
1574 3648 1600 3717 D

243 3761 311 3806 cum
333 3759 408 3803 vero
432 3742 499 3803 loeo
523 3737 563 3817 Θ
588 3748 620 3801 et
643 3741 683 3800 ad
706 3740 834 3801 eundern
857 3740 1027 3803 terminari:
1060 3748 1093 3802 ut
1116 3740 1159 3801 ita
1182 3740 1211 3802 iu
1235 3738 1393 3801 noviluniis
1418 3746 1449 3800 et
1471 3735 1605 3816 plenilu-

243 3833 302 3894 niis
325 3830 409 3893 varis
431 3829 641 3908 computandis
665 3828 846 3908 negligenda
869 3823 1043 3893 sit'omniuo
1067 3830 1244 3909 prosthaph.
1271 3825 1320 3903 Θ.
1354 3828 1420 3888 Hoc
1444 3825 1604 3887 videbatur

243 3940 311 3984 curn
329 3918 486 4000 principiis
509 3917 583 3979 meis
614 3916 651 3978 de
682 3920 807 3981 metrice
837 3920 949 3980 virtute
978 3917 1133 3981 conciliari
1162 3936 1269 3997 posse:
1303 3924 1336 3975 ut
1359 3916 1465 3976 Lunae
1495 3932 1603 3975 sensus

242 4009 318 4072 insit
339 4026 402 4070 nou
423 4006 515 4069 medii
546 4005 601 4067 sed
632 4007 698 4069 veri
720 4008 778 4069 loci
801 4005 898 4081 Solis,
933 4005 973 4067 ad
1003 4023 1089 4084 quern
1114 4005 1298 4087 aequalitate
1322 4004 1435 4065 reditus
1460 4002 1601 4064 eollimet.

242 4097 307 4163 Sed
330 4096 392 4159 etsi
414 4096 473 4158 hoc
495 4114 561 4156 cum
586 4097 743 4175 speciebus
766 4094 937 4156 defectuum
965 4094 995 4156 in
1027 4094 1188 4174 eclipsibus
1220 4093 1375 4167 convenit,
1406 4091 1436 4153 iu
1466 4098 1603 4169 tempore

243 4195 347 4249 umen
371 4172 432 4246 unu
455 4185 606 4245 convenit.
651 4183 824 4246 Deficereut
847 4184 924 4245 enim
949 4183 1039 4245 horae
1063 4182 1172 4245 alicubi
1194 4182 1255 4244 fere
1279 4178 1310 4243 f.
1350 4179 1476 4242 Gaudeo
1500 4179 1601 4258 igitur,

241 4284 274 4338 te
298 4276 337 4338 de
360 4272 540 4353 prosthuph.
565 4272 677 4335 vitiosa
708 4271 866 4352 suspicari.
912 4272 979 4334 Hoc
1008 4293 1038 4334 n.
1063 4291 1135 4351 ego,
1169 4271 1325 4350 imperitus
1349 4267 1601 4340 observationum,

241 4384 303 4429 nou
327 4363 372 4426 fui
395 4382 498 4428 ausus.
544 4362 648 4442 Atque
670 4379 724 4434 en,
757 4380 847 4423 unum
870 4380 1029 4441 quaeram:
1063 4369 1149 4423 estne
1173 4360 1248 4422 alius
1272 4358 1376 4419 modus
1401 4353 1602 4417 constituendi

242 4453 329 4518 Solis
353 4454 579 4535 apogaeitatem
602 4450 659 4514 nisi
682 4470 721 4513 ex
739 4450 950 4514 observatione
969 4468 1072 4512 morae
1086 4448 1168 4512 Solis
1191 4449 1220 4510 iu
1243 4444 1461 4526 hemisphaerio
1486 4442 1602 4504 aestivo

242 4552 337 4625 atque
361 4541 513 4625 hyemali?
558 4540 592 4602 Si
615 4540 715 4602 nullus
738 4540 815 4602 alius
838 4539 944 4601 modus
968 4546 1029 4599 est:
1054 4557 1125 4618 ergo
1150 4538 1282 4601 videmus
1302 4533 1492 4596 manifestum
1518 4550 1601 4593 erro·
1671 4558 1679 4567 ·

242 4652 323 4707 rem;
346 4640 382 4694 ut
404 4630 431 4692 si
454 4629 585 4703 dicatur,
611 4647 686 4708 qnae
701 4629 743 4691 sit
755 4628 908 4709 proportio
932 4627 1077 4707 temporis
1101 4626 1262 4707 utriusque,
1288 4624 1415 4685 eandem
1439 4640 1505 4682 esse
1527 4639 1601 4701 pro-

243 4722 415 4802 portionem
436 4734 559 4780 arcnnm
581 4716 612 4778 in
637 4734 694 4778 une
718 4726 750 4778 et
772 4718 802 4779 iu
826 4717 924 4779 altero
948 4715 1180 4796 hemisphaerio.
1211 4716 1274 4777 Irne
1290 4730 1348 4774 non
1372 4710 1522 4790 sequitur,
1547 4707 1603 4773 sed

242 4829 302 4891 par¹
322 4817 387 4883 est,
421 4813 457 4869 nt
478 4806 569 4868 etiam
593 4805 632 4867 iu.
647 4805 743 4867 Terra
765 4806 861 4867 locum
884 4805 998 4868 habeat
1029 4806 1108 4868 ratio
1131 4803 1251 4865 virtutis
1275 4800 1426 4863 moventis
1450 4806 1482 4861 et
1504 4798 1549 4862 sic
1571 4797 1601 4861 iu

243 4897 375 4961 arcubus
403 4895 543 4959 dimidius
571 4901 690 4957 tanturn
718 4913 861 4957 excessus
891 4896 1037 4974 temperis
1059 4900 1225 4965 statuatur,
1257 4900 1292 4953 ut
1324 4890 1351 4951 si
1373 4888 1528 4969 proportio
1561 4886 1603 4950 eit

244 4986 392 5070 temporis
414 4992 450 5048 nt
474 4980 539 5050 1⁷9
560 4984 601 5049 ad
627 4979 704 5057 186,
734 4983 967 5068 eritproportio
988 5003 1110 5050 arcuum
1128 4990 1162 5045 nt
1186 4975 1288 5063 180¹!²
1317 4980 1357 5043 ad
1382 4974 1445 5044 184
1454 4974 1504 5065 'lv
1550 4975 1603 5044 Sic
