<?xml version="1.0" encoding="UTF-8"?>
<!DOCTYPE html PUBLIC "-//W3C//DTD XHTML 1.0 Transitional//EN"
    "http://www.w3.org/TR/xhtml1/DTD/xhtml1-transitional.dtd">
<html xmlns="http://www.w3.org/1999/xhtml" xml:lang="en" lang="en">
 <head>
  <title>
</title>
<meta http-equiv="Content-Type" content="text/html;charset=utf-8" />
  <meta name='ocr-system' content='tesseract 3.04.00' />
  <meta name='ocr-capabilities' content='ocr_page ocr_carea ocr_par ocr_line ocrx_word'/>
</head>
<body>
  <div class='ocr_page' id='page_1' title='image "./joanniskepleria01frisgoog/joanniskepleria01frisgoog_0270.png"; bbox 0 0 3692 5842; ppageno 0'>
   <div class='ocr_carea' id='block_1_1' title="bbox 351 452 1249 531">
    <p class='ocr_par' dir='ltr' id='par_1_1' title="bbox 351 452 1249 531">
     <span class='ocr_line' id='line_1_1' title="bbox 351 452 1249 531; baseline 0.002 -20"><span class='ocrx_word' id='word_1_1' title='bbox 351 461 418 531; x_wconf 73' lang='lat'>256</span> <span class='ocrx_word' id='word_1_2' title='bbox 825 462 1018 528; x_wconf 85' lang='lat' dir='ltr'>Paralipomena</span> <span class='ocrx_word' id='word_1_3' title='bbox 1035 460 1061 513; x_wconf 88' lang='lat' dir='ltr'>in</span> <span class='ocrx_word' id='word_1_4' title='bbox 1080 452 1249 514; x_wconf 77' lang='lat' dir='ltr'>Vitelliansm.</span> 
     </span>
    </p>
   </div>
   <div class='ocr_carea' id='block_1_2' title="bbox 353 638 1726 5083">
    <p class='ocr_par' dir='ltr' id='par_1_2' title="bbox 353 638 1717 2126">
     <span class='ocr_line' id='line_1_2' title="bbox 354 638 1714 723; baseline 0.002 -20"><span class='ocrx_word' id='word_1_5' title='bbox 354 642 431 723; x_wconf 92' lang='lat' dir='ltr'>quod</span> <span class='ocrx_word' id='word_1_6' title='bbox 456 640 574 719; x_wconf 88' lang='lat' dir='ltr'>quidem</span> <span class='ocrx_word' id='word_1_7' title='bbox 593 638 711 702; x_wconf 89' lang='lat' dir='ltr'>unicum</span> <span class='ocrx_word' id='word_1_8' title='bbox 735 639 835 714; x_wconf 86' lang='lat' dir='ltr'>habui,</span> <span class='ocrx_word' id='word_1_9' title='bbox 861 640 940 720; x_wconf 93' lang='lat' dir='ltr'>qnod</span> <span class='ocrx_word' id='word_1_10' title='bbox 964 639 1036 701; x_wconf 91' lang='lat' dir='ltr'>olim</span> <span class='ocrx_word' id='word_1_11' title='bbox 1064 640 1290 720; x_wconf 77' lang='lat' dir='ltr'><strong>responderem.</strong></span> <span class='ocrx_word' id='word_1_12' title='bbox 1326 641 1364 703; x_wconf 92' lang='lat' dir='ltr'>Id</span> <span class='ocrx_word' id='word_1_13' title='bbox 1386 638 1480 704; x_wconf 82' lang='lat' dir='ltr'>eriam</span> <span class='ocrx_word' id='word_1_14' title='bbox 1502 640 1602 705; x_wconf 83' lang='lat' dir='ltr'>Porta</span> <span class='ocrx_word' id='word_1_15' title='bbox 1623 661 1714 706; x_wconf 82' lang='lat' dir='ltr'>seca·</span> 
     </span>
     <span class='ocr_line' id='line_1_3' title="bbox 354 729 1717 810; baseline 0.001 -18"><span class='ocrx_word' id='word_1_16' title='bbox 354 740 403 792; x_wconf 86' lang='lat' dir='ltr'>tus</span> <span class='ocrx_word' id='word_1_17' title='bbox 428 732 541 790; x_wconf 84' lang='lat' dir='ltr'>frustra</span> <span class='ocrx_word' id='word_1_18' title='bbox 572 730 631 800; x_wconf 84' lang='lat' dir='ltr'>ait,</span> <span class='ocrx_word' id='word_1_19' title='bbox 655 740 787 793; x_wconf 84' lang='lat' dir='ltr'>convexis</span> <span class='ocrx_word' id='word_1_20' title='bbox 809 739 965 810; x_wconf 83' lang='lat' dir='ltr'>propinqua</span> <span class='ocrx_word' id='word_1_21' title='bbox 986 739 1094 808; x_wconf 73' lang='lat' dir='ltr'>majora</span> <span class='ocrx_word' id='word_1_22' title='bbox 1123 740 1217 804; x_wconf 82' lang='lat' dir='ltr'>reddi,</span> <span class='ocrx_word' id='word_1_23' title='bbox 1240 742 1289 795; x_wconf 85' lang='lat' dir='ltr'>sed</span> <span class='ocrx_word' id='word_1_24' title='bbox 1309 740 1436 798; x_wconf 73' lang='lat' dir='ltr'>marusa.</span> <span class='ocrx_word' id='word_1_25' title='bbox 1473 729 1559 794; x_wconf 76' lang='lat' dir='ltr'>Sane</span> <span class='ocrx_word' id='word_1_26' title='bbox 1580 732 1717 794; x_wconf 78' lang='lat' dir='ltr'>omnibns</span> 
     </span>
     <span class='ocr_line' id='line_1_4' title="bbox 355 817 1717 900; baseline 0.002 -19"><span class='ocrx_word' id='word_1_27' title='bbox 355 817 475 900; x_wconf 85' lang='lat' dir='ltr'>quidem</span> <span class='ocrx_word' id='word_1_28' title='bbox 498 818 624 897; x_wconf 87' lang='lat' dir='ltr'>majora,</span> <span class='ocrx_word' id='word_1_29' title='bbox 650 818 704 878; x_wconf 90' lang='lat' dir='ltr'>sed</span> <span class='ocrx_word' id='word_1_30' title='bbox 728 837 786 878; x_wconf 90' lang='lat' dir='ltr'>non</span> <span class='ocrx_word' id='word_1_31' title='bbox 809 817 948 879; x_wconf 88' lang='lat' dir='ltr'>omnibus</span> <span class='ocrx_word' id='word_1_32' title='bbox 972 819 1118 880; x_wconf 79' lang='lat' dir='ltr'>contusa:</span> <span class='ocrx_word' id='word_1_33' title='bbox 1143 819 1187 880; x_wconf 92' lang='lat' dir='ltr'>nti</span> <span class='ocrx_word' id='word_1_34' title='bbox 1210 819 1343 881; x_wconf 89' lang='lat' dir='ltr'>vicissim</span> <span class='ocrx_word' id='word_1_35' title='bbox 1367 822 1717 884; x_wconf 84' lang='lat' dir='ltr'>concavareaomnibaa</span> 
     </span>
     <span class='ocr_line' id='line_1_5' title="bbox 353 906 1716 988; baseline 0.002 -19"><span class='ocrx_word' id='word_1_36' title='bbox 353 906 473 988; x_wconf 88' lang='lat' dir='ltr'>quidem</span> <span class='ocrx_word' id='word_1_37' title='bbox 495 906 626 969; x_wconf 90' lang='lat' dir='ltr'>minores</span> <span class='ocrx_word' id='word_1_38' title='bbox 650 916 893 985; x_wconf 78' lang='lat' dir='ltr'>repraesentant,</span> <span class='ocrx_word' id='word_1_39' title='bbox 916 908 971 968; x_wconf 90' lang='lat' dir='ltr'>sed</span> <span class='ocrx_word' id='word_1_40' title='bbox 995 908 1048 981; x_wconf 90' lang='lat' dir='ltr'>iis,</span> <span class='ocrx_word' id='word_1_41' title='bbox 1076 907 1125 986; x_wconf 93' lang='lat' dir='ltr'>qui</span> <span class='ocrx_word' id='word_1_42' title='bbox 1154 916 1273 970; x_wconf 90' lang='lat' dir='ltr'>remota</span> <span class='ocrx_word' id='word_1_43' title='bbox 1295 916 1379 972; x_wconf 86' lang='lat' dir='ltr'>recte</span> <span class='ocrx_word' id='word_1_44' title='bbox 1411 908 1531 981; x_wconf 86' lang='lat' dir='ltr'>vident,</span> <span class='ocrx_word' id='word_1_45' title='bbox 1564 909 1716 984; x_wconf 70' lang='lat' dir='ltr'>eonium,</span> 
     </span>
     <span class='ocr_line' id='line_1_6' title="bbox 353 993 1716 1077; baseline 0.002 -19"><span class='ocrx_word' id='word_1_46' title='bbox 353 996 403 1077; x_wconf 92' lang='lat' dir='ltr'>qni</span> <span class='ocrx_word' id='word_1_47' title='bbox 426 994 565 1070; x_wconf 87' lang='lat' dir='ltr'>confuse,</span> <span class='ocrx_word' id='word_1_48' title='bbox 601 995 773 1056; x_wconf 91' lang='lat' dir='ltr'>distinctas.</span> <span class='ocrx_word' id='word_1_49' title='bbox 822 993 938 1066; x_wconf 84' lang='lat' dir='ltr'>Quodsi</span> <span class='ocrx_word' id='word_1_50' title='bbox 963 1014 1021 1076; x_wconf 91' lang='lat' dir='ltr'>qno</span> <span class='ocrx_word' id='word_1_51' title='bbox 1044 996 1161 1074; x_wconf 89' lang='lat' dir='ltr'>majora</span> <span class='ocrx_word' id='word_1_52' title='bbox 1180 996 1333 1077; x_wconf 88' lang='lat' dir='ltr'>quaelibet</span> <span class='ocrx_word' id='word_1_53' title='bbox 1355 998 1413 1060; x_wconf 87' lang='lat' dir='ltr'>boc</span> <span class='ocrx_word' id='word_1_54' title='bbox 1435 997 1634 1061; x_wconf 81' lang='lat' dir='ltr'>distinctiora</span> <span class='ocrx_word' id='word_1_55' title='bbox 1649 1017 1716 1061; x_wconf 78' lang='lat' dir='ltr'>cer·</span> 
     </span>
     <span class='ocr_line' id='line_1_7' title="bbox 353 1084 1717 1168; baseline 0.003 -21"><span class='ocrx_word' id='word_1_56' title='bbox 353 1092 505 1159; x_wconf 81' lang='lat' dir='ltr'>nercnbnr,</span> <span class='ocrx_word' id='word_1_57' title='bbox 529 1084 672 1145; x_wconf 78' lang='lat' dir='ltr'><strong>concavis</strong></span> <span class='ocrx_word' id='word_1_58' title='bbox 695 1085 842 1146; x_wconf 90' lang='lat' dir='ltr'>neminem</span> <span class='ocrx_word' id='word_1_59' title='bbox 867 1085 969 1163; x_wconf 90' lang='lat' dir='ltr'>juvari</span> <span class='ocrx_word' id='word_1_60' title='bbox 993 1084 1136 1164; x_wconf 92' lang='lat' dir='ltr'>oportuit.</span> <span class='ocrx_word' id='word_1_61' title='bbox 1182 1086 1262 1149; x_wconf 79' lang='lat' dir='ltr'>h&#39;arn</span> <span class='ocrx_word' id='word_1_62' title='bbox 1292 1105 1341 1148; x_wconf 88' lang='lat' dir='ltr'>res</span> <span class='ocrx_word' id='word_1_63' title='bbox 1368 1085 1518 1149; x_wconf 85' lang='lat' dir='ltr'>minuunt.</span> <span class='ocrx_word' id='word_1_64' title='bbox 1564 1088 1717 1168; x_wconf 66' lang='lat' dir='ltr'>egnum</span> 
     </span>
     <span class='ocr_line' id='line_1_8' title="bbox 353 1173 1716 1254; baseline 0.001 -17"><span class='ocrx_word' id='word_1_65' title='bbox 353 1175 400 1237; x_wconf 86' lang='lat' dir='ltr'>vir</span> <span class='ocrx_word' id='word_1_66' title='bbox 424 1173 622 1237; x_wconf 87' lang='lat' dir='ltr'>Nobilissime</span> <span class='ocrx_word' id='word_1_67' title='bbox 657 1173 789 1233; x_wconf 85' lang='lat' dir='ltr'>validam</span> <span class='ocrx_word' id='word_1_68' title='bbox 826 1183 908 1234; x_wconf 85' lang='lat' dir='ltr'>tuam</span> <span class='ocrx_word' id='word_1_69' title='bbox 944 1174 1151 1254; x_wconf 89' lang='lat' dir='ltr'>objectionem.</span> <span class='ocrx_word' id='word_1_70' title='bbox 1203 1176 1267 1237; x_wconf 89' lang='lat' dir='ltr'>Alii</span> <span class='ocrx_word' id='word_1_71' title='bbox 1299 1193 1424 1237; x_wconf 86' lang='lat' dir='ltr'>cansam</span> <span class='ocrx_word' id='word_1_72' title='bbox 1457 1184 1598 1240; x_wconf 75' lang='lat' dir='ltr'>sumunt</span> <span class='ocrx_word' id='word_1_73' title='bbox 1636 1178 1716 1239; x_wconf 67' lang='lat' dir='ltr'>maur</span> 
     </span>
     <span class='ocr_line' id='line_1_9' title="bbox 353 1262 1717 1345; baseline -0.001 -19"><span class='ocrx_word' id='word_1_74' title='bbox 353 1263 505 1327; x_wconf 87' lang='lat' dir='ltr'>emendati</span> <span class='ocrx_word' id='word_1_75' title='bbox 528 1262 558 1325; x_wconf 93' lang='lat' dir='ltr'>in</span> <span class='ocrx_word' id='word_1_76' title='bbox 583 1263 650 1325; x_wconf 89' lang='lat' dir='ltr'>sola</span> <span class='ocrx_word' id='word_1_77' title='bbox 663 1262 838 1341; x_wconf 88' lang='lat' dir='ltr'>pluralitate</span> <span class='ocrx_word' id='word_1_78' title='bbox 853 1262 1078 1325; x_wconf 83' lang='lat' dir='ltr'>refractionum.</span> <span class='ocrx_word' id='word_1_79' title='bbox 1111 1263 1255 1326; x_wconf 81' lang='lat' dir='ltr'><strong>Frustra:</strong></span> <span class='ocrx_word' id='word_1_80' title='bbox 1280 1283 1384 1326; x_wconf 86' lang='lat' dir='ltr'>omnes</span> <span class='ocrx_word' id='word_1_81' title='bbox 1408 1264 1488 1327; x_wconf 91' lang='lat' dir='ltr'>enim</span> <span class='ocrx_word' id='word_1_82' title='bbox 1510 1283 1609 1345; x_wconf 85' lang='lat' dir='ltr'>aequa</span> <span class='ocrx_word' id='word_1_83' title='bbox 1627 1266 1717 1345; x_wconf 83' lang='lat' dir='ltr'>juva·</span> 
     </span>
     <span class='ocr_line' id='line_1_10' title="bbox 354 1351 1716 1434; baseline 0 -18"><span class='ocrx_word' id='word_1_84' title='bbox 354 1361 471 1426; x_wconf 86' lang='lat' dir='ltr'>rentur,</span> <span class='ocrx_word' id='word_1_85' title='bbox 495 1370 584 1415; x_wconf 90' lang='lat' dir='ltr'>nemo</span> <span class='ocrx_word' id='word_1_86' title='bbox 607 1352 644 1413; x_wconf 88' lang='lat' dir='ltr'>de</span> <span class='ocrx_word' id='word_1_87' title='bbox 668 1351 801 1430; x_wconf 81' lang='lat' dir='ltr'>specillis</span> <span class='ocrx_word' id='word_1_88' title='bbox 825 1359 859 1411; x_wconf 90' lang='lat' dir='ltr'>nt</span> <span class='ocrx_word' id='word_1_89' title='bbox 881 1352 1018 1430; x_wconf 87' lang='lat' dir='ltr'>caligans</span> <span class='ocrx_word' id='word_1_90' title='bbox 1048 1360 1232 1430; x_wconf 85' lang='lat' dir='ltr'>quereretur.</span> <span class='ocrx_word' id='word_1_91' title='bbox 1279 1354 1387 1434; x_wconf 85' lang='lat' dir='ltr'>Itaque</span> <span class='ocrx_word' id='word_1_92' title='bbox 1414 1372 1474 1415; x_wconf 94' lang='lat' dir='ltr'>non</span> <span class='ocrx_word' id='word_1_93' title='bbox 1506 1362 1634 1433; x_wconf 85' lang='lat' dir='ltr'>oportet</span> <span class='ocrx_word' id='word_1_94' title='bbox 1664 1372 1716 1416; x_wconf 82' lang='lat' dir='ltr'>noa</span> 
     </span>
     <span class='ocr_line' id='line_1_11' title="bbox 354 1440 1714 1522; baseline -0.001 -18"><span class='ocrx_word' id='word_1_95' title='bbox 354 1442 395 1506; x_wconf 89' lang='lat' dir='ltr'>ad</span> <span class='ocrx_word' id='word_1_96' title='bbox 418 1461 468 1505; x_wconf 85' lang='lat' dir='ltr'>res</span> <span class='ocrx_word' id='word_1_97' title='bbox 491 1449 574 1503; x_wconf 89' lang='lat' dir='ltr'>totas</span> <span class='ocrx_word' id='word_1_98' title='bbox 597 1440 763 1520; x_wconf 81' lang='lat' dir='ltr'>respicere,</span> <span class='ocrx_word' id='word_1_99' title='bbox 789 1440 844 1500; x_wconf 90' lang='lat' dir='ltr'>sed</span> <span class='ocrx_word' id='word_1_100' title='bbox 867 1440 905 1500; x_wconf 85' lang='lat' dir='ltr'>ad</span> <span class='ocrx_word' id='word_1_101' title='bbox 931 1459 1028 1502; x_wconf 88' lang='lat' dir='ltr'>rerum</span> <span class='ocrx_word' id='word_1_102' title='bbox 1051 1440 1170 1520; x_wconf 87' lang='lat' dir='ltr'>singula</span> <span class='ocrx_word' id='word_1_103' title='bbox 1192 1451 1319 1521; x_wconf 88' lang='lat' dir='ltr'>puncta,</span> <span class='ocrx_word' id='word_1_104' title='bbox 1343 1442 1387 1504; x_wconf 89' lang='lat' dir='ltr'>nti</span> <span class='ocrx_word' id='word_1_105' title='bbox 1411 1442 1563 1505; x_wconf 85' lang='lat' dir='ltr'>hactenns</span> <span class='ocrx_word' id='word_1_106' title='bbox 1585 1459 1714 1522; x_wconf 83' lang='lat' dir='ltr'>semper.</span> 
     </span>
     <span class='ocr_line' id='line_1_12' title="bbox 355 1529 1715 1609; baseline 0.001 -16"><span class='ocrx_word' id='word_1_107' title='bbox 355 1529 473 1602; x_wconf 83' lang='lat' dir='ltr'>Quibus</span> <span class='ocrx_word' id='word_1_108' title='bbox 496 1548 569 1609; x_wconf 86' lang='lat' dir='ltr'>ergo</span> <span class='ocrx_word' id='word_1_109' title='bbox 591 1538 733 1609; x_wconf 87' lang='lat' dir='ltr'>punctum</span> <span class='ocrx_word' id='word_1_110' title='bbox 758 1529 921 1590; x_wconf 78' lang='lat' dir='ltr'>distinctae</span> <span class='ocrx_word' id='word_1_111' title='bbox 954 1530 1077 1591; x_wconf 87' lang='lat' dir='ltr'>visionis</span> <span class='ocrx_word' id='word_1_112' title='bbox 1110 1539 1257 1592; x_wconf 90' lang='lat' dir='ltr'>remotum</span> <span class='ocrx_word' id='word_1_113' title='bbox 1292 1530 1452 1593; x_wconf 84' lang='lat' dir='ltr'>admodum</span> <span class='ocrx_word' id='word_1_114' title='bbox 1480 1540 1531 1593; x_wconf 87' lang='lat' dir='ltr'>eat</span> <span class='ocrx_word' id='word_1_115' title='bbox 1561 1531 1715 1604; x_wconf 80' lang='lat' dir='ltr'>tributum,</span> 
     </span>
     <span class='ocr_line' id='line_1_13' title="bbox 355 1617 1716 1700; baseline 0.001 -20"><span class='ocrx_word' id='word_1_116' title='bbox 355 1619 374 1680; x_wconf 93' lang='lat' dir='ltr'>ii</span> <span class='ocrx_word' id='word_1_117' title='bbox 399 1618 542 1681; x_wconf 85' lang='lat' dir='ltr'>convexis</span> <span class='ocrx_word' id='word_1_118' title='bbox 565 1618 611 1680; x_wconf 93' lang='lat' dir='ltr'>usi</span> <span class='ocrx_word' id='word_1_119' title='bbox 626 1617 761 1697; x_wconf 88' lang='lat' dir='ltr'>specillis</span> <span class='ocrx_word' id='word_1_120' title='bbox 775 1617 977 1679; x_wconf 83' lang='lat' dir='ltr'>radiationunr</span> <span class='ocrx_word' id='word_1_121' title='bbox 993 1618 1128 1697; x_wconf 88' lang='lat' dir='ltr'>ejusdem</span> <span class='ocrx_word' id='word_1_122' title='bbox 1151 1619 1307 1700; x_wconf 91' lang='lat' dir='ltr'>propinqui</span> <span class='ocrx_word' id='word_1_123' title='bbox 1323 1619 1426 1698; x_wconf 90' lang='lat' dir='ltr'>puncti</span> <span class='ocrx_word' id='word_1_124' title='bbox 1450 1637 1560 1683; x_wconf 87' lang='lat' dir='ltr'>conum</span> <span class='ocrx_word' id='word_1_125' title='bbox 1574 1621 1716 1691; x_wconf 87' lang='lat' dir='ltr'>alterant,</span> 
     </span>
     <span class='ocr_line' id='line_1_14' title="bbox 355 1707 1714 1790; baseline 0.001 -22"><span class='ocrx_word' id='word_1_126' title='bbox 355 1716 388 1769; x_wconf 90' lang='lat' dir='ltr'>nt</span> <span class='ocrx_word' id='word_1_127' title='bbox 412 1709 496 1788; x_wconf 88' lang='lat' dir='ltr'>quasi</span> <span class='ocrx_word' id='word_1_128' title='bbox 522 1728 540 1768; x_wconf 93' lang='lat' dir='ltr'>a</span> <span class='ocrx_word' id='word_1_129' title='bbox 564 1707 723 1787; x_wconf 89' lang='lat' dir='ltr'>longinquo</span> <span class='ocrx_word' id='word_1_130' title='bbox 757 1707 898 1769; x_wconf 90' lang='lat' dir='ltr'>advenire</span> <span class='ocrx_word' id='word_1_131' title='bbox 929 1716 962 1768; x_wconf 84' lang='lat' dir='ltr'>et</span> <span class='ocrx_word' id='word_1_132' title='bbox 988 1708 1106 1768; x_wconf 90' lang='lat' dir='ltr'>oculum</span> <span class='ocrx_word' id='word_1_133' title='bbox 1138 1707 1253 1786; x_wconf 81' lang='lat' dir='ltr'>ingredi</span> <span class='ocrx_word' id='word_1_134' title='bbox 1287 1709 1434 1771; x_wconf 90' lang='lat' dir='ltr'>videatur.</span> <span class='ocrx_word' id='word_1_135' title='bbox 1481 1709 1533 1771; x_wconf 90' lang='lat' dir='ltr'>lta</span> <span class='ocrx_word' id='word_1_136' title='bbox 1555 1710 1714 1790; x_wconf 77' lang='lat' dir='ltr'>corrigitur</span> 
     </span>
     <span class='ocr_line' id='line_1_15' title="bbox 355 1796 1715 1878; baseline -0.001 -19"><span class='ocrx_word' id='word_1_137' title='bbox 355 1816 448 1859; x_wconf 88' lang='lat' dir='ltr'>conus</span> <span class='ocrx_word' id='word_1_138' title='bbox 485 1797 523 1857; x_wconf 88' lang='lat' dir='ltr'>ad</span> <span class='ocrx_word' id='word_1_139' title='bbox 553 1797 680 1858; x_wconf 91' lang='lat' dir='ltr'>retinam</span> <span class='ocrx_word' id='word_1_140' title='bbox 713 1797 940 1868; x_wconf 83' lang='lat' dir='ltr'>terminandus;</span> <span class='ocrx_word' id='word_1_141' title='bbox 973 1797 1021 1875; x_wconf 92' lang='lat' dir='ltr'>qui</span> <span class='ocrx_word' id='word_1_142' title='bbox 1051 1796 1107 1857; x_wconf 87' lang='lat' dir='ltr'>uisi</span> <span class='ocrx_word' id='word_1_143' title='bbox 1135 1798 1310 1859; x_wconf 86' lang='lat' dir='ltr'>emendetur</span> <span class='ocrx_word' id='word_1_144' title='bbox 1337 1798 1541 1877; x_wconf 91' lang='lat' dir='ltr'>perspicillis,</span> <span class='ocrx_word' id='word_1_145' title='bbox 1572 1799 1608 1860; x_wconf 87' lang='lat' dir='ltr'>lit</span> <span class='ocrx_word' id='word_1_146' title='bbox 1641 1798 1715 1878; x_wconf 90' lang='lat' dir='ltr'>quod</span> 
     </span>
     <span class='ocr_line' id='line_1_16' title="bbox 355 1881 1716 1967; baseline 0.001 -19"><span class='ocrx_word' id='word_1_147' title='bbox 355 1904 440 1967; x_wconf 92' lang='lat' dir='ltr'>prop.</span> <span class='ocrx_word' id='word_1_148' title='bbox 465 1881 518 1948; x_wconf 80' lang='lat'>26.</span> <span class='ocrx_word' id='word_1_149' title='bbox 543 1885 712 1964; x_wconf 85' lang='lat' dir='ltr'>praemissa</span> <span class='ocrx_word' id='word_1_150' title='bbox 735 1885 880 1959; x_wconf 81' lang='lat' dir='ltr'>diximus,</span> <span class='ocrx_word' id='word_1_151' title='bbox 913 1893 946 1944; x_wconf 91' lang='lat' dir='ltr'>ut</span> <span class='ocrx_word' id='word_1_152' title='bbox 969 1886 1007 1946; x_wconf 89' lang='lat' dir='ltr'>ob</span> <span class='ocrx_word' id='word_1_153' title='bbox 1031 1884 1179 1947; x_wconf 85' lang='lat' dir='ltr'>radiantis</span> <span class='ocrx_word' id='word_1_154' title='bbox 1208 1887 1312 1965; x_wconf 90' lang='lat' dir='ltr'>puncti</span> <span class='ocrx_word' id='word_1_155' title='bbox 1341 1886 1601 1967; x_wconf 84' lang='lat' dir='ltr'>propinquitatem</span> <span class='ocrx_word' id='word_1_156' title='bbox 1625 1905 1716 1949; x_wconf 86' lang='lat' dir='ltr'>conas</span> 
     </span>
     <span class='ocr_line' id='line_1_17' title="bbox 356 1974 1716 2058; baseline 0.002 -22"><span class='ocrx_word' id='word_1_157' title='bbox 356 1983 437 2037; x_wconf 90' lang='lat' dir='ltr'>retro</span> <span class='ocrx_word' id='word_1_158' title='bbox 460 1974 589 2036; x_wconf 90' lang='lat' dir='ltr'>retinam</span> <span class='ocrx_word' id='word_1_159' title='bbox 612 1975 819 2035; x_wconf 85' lang='lat' dir='ltr'>terminandus</span> <span class='ocrx_word' id='word_1_160' title='bbox 844 1994 862 2034; x_wconf 92' lang='lat' dir='ltr'>a</span> <span class='ocrx_word' id='word_1_161' title='bbox 886 1974 985 2035; x_wconf 92' lang='lat' dir='ltr'>retina</span> <span class='ocrx_word' id='word_1_162' title='bbox 1009 1984 1146 2048; x_wconf 81' lang='lat' dir='ltr'>secetur3</span> <span class='ocrx_word' id='word_1_163' title='bbox 1180 1983 1212 2035; x_wconf 86' lang='lat' dir='ltr'>et</span> <span class='ocrx_word' id='word_1_164' title='bbox 1235 1975 1279 2036; x_wconf 89' lang='lat' dir='ltr'>ita</span> <span class='ocrx_word' id='word_1_165' title='bbox 1301 1975 1368 2036; x_wconf 89' lang='lat' dir='ltr'>coni</span> <span class='ocrx_word' id='word_1_166' title='bbox 1391 1985 1571 2058; x_wconf 89' lang='lat' dir='ltr'>punctorum</span> <span class='ocrx_word' id='word_1_167' title='bbox 1594 1976 1716 2039; x_wconf 89' lang='lat' dir='ltr'>radian-</span> 
     </span>
     <span class='ocr_line' id='line_1_18' title="bbox 355 2063 1367 2126; baseline 0.001 -1"><span class='ocrx_word' id='word_1_168' title='bbox 355 2064 428 2125; x_wconf 89' lang='lat' dir='ltr'>tium</span> <span class='ocrx_word' id='word_1_169' title='bbox 452 2063 642 2126; x_wconf 89' lang='lat' dir='ltr'>latitudincm</span> <span class='ocrx_word' id='word_1_170' title='bbox 666 2064 839 2124; x_wconf 82' lang='lat' dir='ltr'>nonnullam</span> <span class='ocrx_word' id='word_1_171' title='bbox 862 2063 964 2125; x_wconf 85' lang='lat' dir='ltr'>sortiti</span> <span class='ocrx_word' id='word_1_172' title='bbox 989 2081 1022 2123; x_wconf 90' lang='lat' dir='ltr'>se</span> <span class='ocrx_word' id='word_1_173' title='bbox 1046 2072 1148 2124; x_wconf 89' lang='lat' dir='ltr'>mutuo</span> <span class='ocrx_word' id='word_1_174' title='bbox 1171 2063 1367 2126; x_wconf 85' lang='lat' dir='ltr'>confundant.</span> 
     </span>
    </p>

    <p class='ocr_par' dir='ltr' id='par_1_3' title="bbox 457 2152 1726 4549">
     <span class='ocr_line' id='line_1_19' title="bbox 478 2152 1716 2231; baseline 0.001 -16"><span class='ocrx_word' id='word_1_175' title='bbox 478 2204 485 2215; x_wconf 96' lang='lat'>.</span> <span class='ocrx_word' id='word_1_176' title='bbox 766 2152 912 2213; x_wconf 89' lang='lat' dir='ltr'>Vicissim</span> <span class='ocrx_word' id='word_1_177' title='bbox 951 2152 1057 2231; x_wconf 90' lang='lat' dir='ltr'>quibus</span> <span class='ocrx_word' id='word_1_178' title='bbox 1092 2159 1235 2231; x_wconf 90' lang='lat' dir='ltr'>punctum</span> <span class='ocrx_word' id='word_1_179' title='bbox 1268 2172 1322 2214; x_wconf 92' lang='lat' dir='ltr'>seu</span> <span class='ocrx_word' id='word_1_180' title='bbox 1364 2152 1512 2216; x_wconf 87' lang='lat' dir='ltr'>distantia</span> <span class='ocrx_word' id='word_1_181' title='bbox 1556 2154 1716 2217; x_wconf 80' lang='lat' dir='ltr'>distinctae</span> 
     </span>
     <span class='ocr_line' id='line_1_20' title="bbox 457 2201 1717 2322; baseline 0.005 -23"><span class='ocrx_word' id='word_1_182' title='bbox 457 2203 510 2269; x_wconf 47' lang='grc' dir='ltr'>ᾖς’</span> <span class='ocrx_word' id='word_1_183' title='bbox 531 2201 574 2253; x_wconf 68' lang='lat'>⁸⁴⁴</span> <span class='ocrx_word' id='word_1_184' title='bbox 677 2240 801 2302; x_wconf 89' lang='lat' dir='ltr'>visionis</span> <span class='ocrx_word' id='word_1_185' title='bbox 847 2241 1007 2302; x_wconf 86' lang='lat' dir='ltr'>admodum</span> <span class='ocrx_word' id='word_1_186' title='bbox 1050 2239 1151 2302; x_wconf 90' lang='lat' dir='ltr'>brevis</span> <span class='ocrx_word' id='word_1_187' title='bbox 1191 2249 1223 2301; x_wconf 91' lang='lat' dir='ltr'>et</span> <span class='ocrx_word' id='word_1_188' title='bbox 1262 2243 1431 2322; x_wconf 88' lang='lat' dir='ltr'>propinqua</span> <span class='ocrx_word' id='word_1_189' title='bbox 1466 2251 1517 2305; x_wconf 87' lang='lat' dir='ltr'>eat</span> <span class='ocrx_word' id='word_1_190' title='bbox 1553 2262 1574 2304; x_wconf 93' lang='lat' dir='ltr'>a</span> <span class='ocrx_word' id='word_1_191' title='bbox 1611 2253 1717 2305; x_wconf 83' lang='lat' dir='ltr'>natura</span> 
     </span>
     <span class='ocr_line' id='line_1_21' title="bbox 677 2330 1717 2409; baseline 0.002 -18"><span class='ocrx_word' id='word_1_192' title='bbox 677 2330 808 2403; x_wconf 89' lang='lat' dir='ltr'>tributa,</span> <span class='ocrx_word' id='word_1_193' title='bbox 841 2330 862 2391; x_wconf 91' lang='lat' dir='ltr'>ii</span> <span class='ocrx_word' id='word_1_194' title='bbox 893 2330 1036 2391; x_wconf 78' lang='lat' dir='ltr'>concavis</span> <span class='ocrx_word' id='word_1_195' title='bbox 1067 2330 1112 2390; x_wconf 91' lang='lat' dir='ltr'>nsi</span> <span class='ocrx_word' id='word_1_196' title='bbox 1142 2330 1276 2409; x_wconf 88' lang='lat' dir='ltr'>specillis</span> <span class='ocrx_word' id='word_1_197' title='bbox 1314 2350 1421 2394; x_wconf 91' lang='lat' dir='ltr'>conum</span> <span class='ocrx_word' id='word_1_198' title='bbox 1453 2330 1660 2395; x_wconf 86' lang='lat' dir='ltr'>radiationum</span> <span class='ocrx_word' id='word_1_199' title='bbox 1681 2330 1717 2393; x_wconf 84' lang='lat' dir='ltr'>ab</span> 
     </span>
     <span class='ocr_line' id='line_1_22' title="bbox 677 2418 1718 2502; baseline 0.002 -23"><span class='ocrx_word' id='word_1_200' title='bbox 677 2420 784 2480; x_wconf 90' lang='lat' dir='ltr'>eodem</span> <span class='ocrx_word' id='word_1_201' title='bbox 817 2427 931 2480; x_wconf 87' lang='lat' dir='ltr'>remoto</span> <span class='ocrx_word' id='word_1_202' title='bbox 964 2427 1075 2498; x_wconf 90' lang='lat' dir='ltr'>puncto</span> <span class='ocrx_word' id='word_1_203' title='bbox 1112 2418 1296 2481; x_wconf 89' lang='lat' dir='ltr'>venientium</span> <span class='ocrx_word' id='word_1_204' title='bbox 1333 2420 1482 2492; x_wconf 89' lang='lat' dir='ltr'>alteraut,</span> <span class='ocrx_word' id='word_1_205' title='bbox 1514 2430 1551 2482; x_wconf 90' lang='lat' dir='ltr'>nt</span> <span class='ocrx_word' id='word_1_206' title='bbox 1582 2422 1672 2502; x_wconf 82' lang='lat' dir='ltr'>quasi</span> <span class='ocrx_word' id='word_1_207' title='bbox 1701 2441 1718 2481; x_wconf 93' lang='lat' dir='ltr'>a</span> 
     </span>
     <span class='ocr_line' id='line_1_23' title="bbox 677 2507 1717 2589; baseline 0.002 -20"><span class='ocrx_word' id='word_1_208' title='bbox 677 2507 842 2589; x_wconf 90' lang='lat' dir='ltr'>propinquo</span> <span class='ocrx_word' id='word_1_209' title='bbox 872 2508 944 2569; x_wconf 91' lang='lat' dir='ltr'>oriri</span> <span class='ocrx_word' id='word_1_210' title='bbox 977 2516 1009 2568; x_wconf 91' lang='lat' dir='ltr'>et</span> <span class='ocrx_word' id='word_1_211' title='bbox 1040 2508 1155 2570; x_wconf 86' lang='lat' dir='ltr'>oculurn</span> <span class='ocrx_word' id='word_1_212' title='bbox 1187 2508 1302 2587; x_wconf 84' lang='lat' dir='ltr'>ingredi</span> <span class='ocrx_word' id='word_1_213' title='bbox 1332 2508 1481 2572; x_wconf 87' lang='lat' dir='ltr'>videatur.</span> <span class='ocrx_word' id='word_1_214' title='bbox 1537 2509 1610 2574; x_wconf 85' lang='lat' dir='ltr'>Nisi</span> <span class='ocrx_word' id='word_1_215' title='bbox 1643 2511 1717 2573; x_wconf 86' lang='lat' dir='ltr'>enim</span> 
     </span>
     <span class='ocr_line' id='line_1_24' title="bbox 677 2593 1718 2678; baseline 0.005 -21"><span class='ocrx_word' id='word_1_216' title='bbox 677 2596 851 2677; x_wconf 87' lang='lat' dir='ltr'>perspicilla</span> <span class='ocrx_word' id='word_1_217' title='bbox 881 2596 1065 2670; x_wconf 86' lang='lat' dir='ltr'>adhibeant,</span> <span class='ocrx_word' id='word_1_218' title='bbox 1097 2597 1148 2658; x_wconf 81' lang='lat' dir='ltr'>fiet</span> <span class='ocrx_word' id='word_1_219' title='bbox 1180 2596 1256 2671; x_wconf 91' lang='lat' dir='ltr'>illis,</span> <span class='ocrx_word' id='word_1_220' title='bbox 1291 2598 1371 2678; x_wconf 91' lang='lat' dir='ltr'>quod</span> <span class='ocrx_word' id='word_1_221' title='bbox 1403 2616 1488 2678; x_wconf 90' lang='lat' dir='ltr'>prop.</span> <span class='ocrx_word' id='word_1_222' title='bbox 1517 2593 1573 2661; x_wconf 76' lang='lat'>27.</span> <span class='ocrx_word' id='word_1_223' title='bbox 1606 2597 1718 2662; x_wconf 71' lang='lat' dir='ltr'>dictum</span> 
     </span>
     <span class='ocr_line' id='line_1_25' title="bbox 678 2687 1718 2765; baseline 0.003 -18"><span class='ocrx_word' id='word_1_224' title='bbox 678 2694 746 2760; x_wconf 88' lang='lat' dir='ltr'>est;</span> <span class='ocrx_word' id='word_1_225' title='bbox 779 2704 872 2747; x_wconf 88' lang='lat' dir='ltr'>conus</span> <span class='ocrx_word' id='word_1_226' title='bbox 900 2704 1008 2765; x_wconf 88' lang='lat' dir='ltr'>nempe</span> <span class='ocrx_word' id='word_1_227' title='bbox 1032 2695 1094 2747; x_wconf 92' lang='lat' dir='ltr'>tam</span> <span class='ocrx_word' id='word_1_228' title='bbox 1124 2687 1230 2747; x_wconf 87' lang='lat' dir='ltr'>remoti</span> <span class='ocrx_word' id='word_1_229' title='bbox 1258 2687 1361 2765; x_wconf 90' lang='lat' dir='ltr'>puncti</span> <span class='ocrx_word' id='word_1_230' title='bbox 1394 2687 1607 2750; x_wconf 78' lang='lat' dir='ltr'>terminabitur</span> <span class='ocrx_word' id='word_1_231' title='bbox 1630 2697 1718 2750; x_wconf 85' lang='lat' dir='ltr'>ante·</span> 
     </span>
     <span class='ocr_line' id='line_1_26' title="bbox 678 2774 1718 2855; baseline 0.003 -20"><span class='ocrx_word' id='word_1_232' title='bbox 678 2793 768 2855; x_wconf 88' lang='lat' dir='ltr'>quam</span> <span class='ocrx_word' id='word_1_233' title='bbox 791 2774 919 2835; x_wconf 88' lang='lat' dir='ltr'>retinam</span> <span class='ocrx_word' id='word_1_234' title='bbox 944 2776 1088 2855; x_wconf 88' lang='lat' dir='ltr'>attingat,</span> <span class='ocrx_word' id='word_1_235' title='bbox 1113 2784 1145 2836; x_wconf 90' lang='lat' dir='ltr'>et</span> <span class='ocrx_word' id='word_1_236' title='bbox 1167 2793 1345 2855; x_wconf 83' lang='lat' dir='ltr'>progressus</span> <span class='ocrx_word' id='word_1_237' title='bbox 1369 2795 1403 2838; x_wconf 87' lang='lat' dir='ltr'>se</span> <span class='ocrx_word' id='word_1_238' title='bbox 1426 2793 1545 2838; x_wconf 82' lang='lat' dir='ltr'>rursum</span> <span class='ocrx_word' id='word_1_239' title='bbox 1568 2775 1718 2848; x_wconf 72' lang='lat' dir='ltr'>dilatabit</span> 
     </span>
     <span class='ocr_line' id='line_1_27' title="bbox 678 2863 1718 2943; baseline 0.002 -18"><span class='ocrx_word' id='word_1_240' title='bbox 678 2865 780 2943; x_wconf 87' lang='lat' dir='ltr'>itaque</span> <span class='ocrx_word' id='word_1_241' title='bbox 803 2882 870 2924; x_wconf 91' lang='lat' dir='ltr'>cum</span> <span class='ocrx_word' id='word_1_242' title='bbox 894 2864 1054 2925; x_wconf 91' lang='lat' dir='ltr'>latitudine</span> <span class='ocrx_word' id='word_1_243' title='bbox 1077 2864 1191 2926; x_wconf 86' lang='lat' dir='ltr'>incidet</span> <span class='ocrx_word' id='word_1_244' title='bbox 1208 2863 1239 2925; x_wconf 92' lang='lat' dir='ltr'>in</span> <span class='ocrx_word' id='word_1_245' title='bbox 1262 2864 1402 2936; x_wconf 88' lang='lat' dir='ltr'>retinam,</span> <span class='ocrx_word' id='word_1_246' title='bbox 1425 2872 1458 2926; x_wconf 89' lang='lat' dir='ltr'>ct</span> <span class='ocrx_word' id='word_1_247' title='bbox 1475 2865 1543 2927; x_wconf 88' lang='lat' dir='ltr'>conl</span> <span class='ocrx_word' id='word_1_248' title='bbox 1559 2885 1595 2928; x_wconf 86' lang='lat' dir='ltr'>se</span> <span class='ocrx_word' id='word_1_249' title='bbox 1619 2875 1718 2929; x_wconf 83' lang='lat' dir='ltr'>rnntm</span> 
     </span>
     <span class='ocr_line' id='line_1_28' title="bbox 678 2952 1718 3036; baseline 0.003 -23"><span class='ocrx_word' id='word_1_250' title='bbox 678 2952 844 3014; x_wconf 89' lang='lat' dir='ltr'>turbabunt</span> <span class='ocrx_word' id='word_1_251' title='bbox 862 2961 894 3013; x_wconf 91' lang='lat' dir='ltr'>et</span> <span class='ocrx_word' id='word_1_252' title='bbox 918 2953 1110 3014; x_wconf 78' lang='lat' dir='ltr'>confundent.</span> <span class='ocrx_word' id='word_1_253' title='bbox 1134 2954 1265 3032; x_wconf 80' lang='lat' dir='ltr'>Egregie</span> <span class='ocrx_word' id='word_1_254' title='bbox 1281 2954 1439 3016; x_wconf 80' lang='lat' dir='ltr'>confirmat</span> <span class='ocrx_word' id='word_1_255' title='bbox 1452 2972 1501 3016; x_wconf 87' lang='lat' dir='ltr'>me</span> <span class='ocrx_word' id='word_1_256' title='bbox 1521 2954 1718 3036; x_wconf 83' lang='lat' dir='ltr'>experientia</span> 
     </span>
     <span class='ocr_line' id='line_1_29' title="bbox 678 3041 1718 3124; baseline 0.003 -20"><span class='ocrx_word' id='word_1_257' title='bbox 678 3041 763 3104; x_wconf 91' lang='lat' dir='ltr'>Duos</span> <span class='ocrx_word' id='word_1_258' title='bbox 786 3042 854 3102; x_wconf 91' lang='lat' dir='ltr'>novi</span> <span class='ocrx_word' id='word_1_259' title='bbox 878 3059 937 3103; x_wconf 91' lang='lat' dir='ltr'>non</span> <span class='ocrx_word' id='word_1_260' title='bbox 969 3042 1088 3103; x_wconf 87' lang='lat' dir='ltr'>humilis</span> <span class='ocrx_word' id='word_1_261' title='bbox 1112 3043 1204 3104; x_wconf 89' lang='lat' dir='ltr'>sortis</span> <span class='ocrx_word' id='word_1_262' title='bbox 1232 3043 1331 3117; x_wconf 88' lang='lat' dir='ltr'>viros,</span> <span class='ocrx_word' id='word_1_263' title='bbox 1363 3062 1487 3124; x_wconf 90' lang='lat' dir='ltr'>quorum</span> <span class='ocrx_word' id='word_1_264' title='bbox 1516 3043 1599 3107; x_wconf 90' lang='lat' dir='ltr'>alter</span> <span class='ocrx_word' id='word_1_265' title='bbox 1622 3045 1718 3107; x_wconf 89' lang='lat' dir='ltr'>minn-</span> 
     </span>
     <span class='ocr_line' id='line_1_30' title="bbox 679 3130 1719 3212; baseline 0.001 -20"><span class='ocrx_word' id='word_1_266' title='bbox 679 3130 814 3192; x_wconf 88' lang='lat' dir='ltr'>tissimas</span> <span class='ocrx_word' id='word_1_267' title='bbox 838 3130 913 3209; x_wconf 89' lang='lat' dir='ltr'>legit</span> <span class='ocrx_word' id='word_1_268' title='bbox 942 3130 1091 3205; x_wconf 87' lang='lat' dir='ltr'>literulas,</span> <span class='ocrx_word' id='word_1_269' title='bbox 1121 3132 1176 3193; x_wconf 88' lang='lat' dir='ltr'>sed</span> <span class='ocrx_word' id='word_1_270' title='bbox 1199 3131 1244 3193; x_wconf 89' lang='lat' dir='ltr'>ita</span> <span class='ocrx_word' id='word_1_271' title='bbox 1266 3149 1358 3212; x_wconf 91' lang='lat' dir='ltr'>prope</span> <span class='ocrx_word' id='word_1_272' title='bbox 1388 3134 1531 3195; x_wconf 79' lang='lat' dir='ltr'>admovet</span> <span class='ocrx_word' id='word_1_273' title='bbox 1553 3134 1666 3208; x_wconf 81' lang='lat' dir='ltr'>oculis,</span> <span class='ocrx_word' id='word_1_274' title='bbox 1689 3142 1719 3194; x_wconf 90' lang='lat' dir='ltr'>ut</span> 
     </span>
     <span class='ocr_line' id='line_1_31' title="bbox 679 3220 1719 3299; baseline 0.004 -18"><span class='ocrx_word' id='word_1_275' title='bbox 679 3238 738 3281; x_wconf 92' lang='lat' dir='ltr'>non</span> <span class='ocrx_word' id='word_1_276' title='bbox 770 3220 870 3299; x_wconf 89' lang='lat' dir='ltr'>possit</span> <span class='ocrx_word' id='word_1_277' title='bbox 899 3228 1027 3299; x_wconf 88' lang='lat' dir='ltr'>utroque</span> <span class='ocrx_word' id='word_1_278' title='bbox 1059 3221 1146 3283; x_wconf 91' lang='lat' dir='ltr'>simul</span> <span class='ocrx_word' id='word_1_279' title='bbox 1176 3221 1261 3283; x_wconf 88' lang='lat' dir='ltr'>oculo</span> <span class='ocrx_word' id='word_1_280' title='bbox 1285 3222 1340 3282; x_wconf 90' lang='lat' dir='ltr'>uti.</span> <span class='ocrx_word' id='word_1_281' title='bbox 1388 3223 1470 3283; x_wconf 87' lang='lat' dir='ltr'>ldem</span> <span class='ocrx_word' id='word_1_282' title='bbox 1503 3223 1587 3284; x_wconf 89' lang='lat' dir='ltr'>iutra</span> <span class='ocrx_word' id='word_1_283' title='bbox 1619 3223 1719 3285; x_wconf 83' lang='lat' dir='ltr'>decem</span> 
     </span>
     <span class='ocr_line' id='line_1_32' title="bbox 524 3309 1717 3392; baseline 0.003 -23"><span class='ocrx_word' id='word_1_284' title='bbox 524 3365 529 3392; x_wconf 67' lang='lat'>,</span> <span class='ocrx_word' id='word_1_285' title='bbox 678 3327 787 3388; x_wconf 89' lang='lat' dir='ltr'>passus</span> <span class='ocrx_word' id='word_1_286' title='bbox 821 3309 952 3370; x_wconf 88' lang='lat' dir='ltr'>discreto</span> <span class='ocrx_word' id='word_1_287' title='bbox 986 3310 1051 3369; x_wconf 89' lang='lat' dir='ltr'>visu</span> <span class='ocrx_word' id='word_1_288' title='bbox 1082 3329 1140 3372; x_wconf 93' lang='lat' dir='ltr'>non</span> <span class='ocrx_word' id='word_1_289' title='bbox 1174 3310 1339 3389; x_wconf 88' lang='lat' dir='ltr'>pertingit,</span> <span class='ocrx_word' id='word_1_290' title='bbox 1374 3312 1428 3373; x_wconf 91' lang='lat' dir='ltr'>sed</span> <span class='ocrx_word' id='word_1_291' title='bbox 1462 3330 1562 3372; x_wconf 88' lang='lat' dir='ltr'>meras</span> <span class='ocrx_word' id='word_1_292' title='bbox 1594 3312 1717 3375; x_wconf 78' lang='lat' dir='ltr'>nebulas</span> 
     </span>
     <span class='ocr_line' id='line_1_33' title="bbox 488 3398 1716 3478; baseline 0.007 -25"><span class='ocrx_word' id='word_1_293' title='bbox 488 3398 527 3478; x_wconf 58' lang='lat'>35¹</span> <span class='ocrx_word' id='word_1_294' title='bbox 590 3412 601 3453; x_wconf 90' lang='lat' dir='ltr'>r</span> <span class='ocrx_word' id='word_1_295' title='bbox 679 3398 799 3477; x_wconf 91' lang='lat' dir='ltr'>aspicit.</span> <span class='ocrx_word' id='word_1_296' title='bbox 847 3398 923 3459; x_wconf 87' lang='lat' dir='ltr'>Eum</span> <span class='ocrx_word' id='word_1_297' title='bbox 952 3406 1054 3459; x_wconf 88' lang='lat' dir='ltr'>tamen</span> <span class='ocrx_word' id='word_1_298' title='bbox 1085 3400 1259 3478; x_wconf 90' lang='lat' dir='ltr'>perspicilla</span> <span class='ocrx_word' id='word_1_299' title='bbox 1291 3400 1457 3477; x_wconf 78' lang='lat' dir='ltr'>profundae</span> <span class='ocrx_word' id='word_1_300' title='bbox 1490 3401 1638 3464; x_wconf 85' lang='lat' dir='ltr'>cavitatis</span> <span class='ocrx_word' id='word_1_301' title='bbox 1662 3401 1716 3462; x_wconf 89' lang='lat' dir='ltr'>ad·</span> 
     </span>
     <span class='ocr_line' id='line_1_34' title="bbox 493 3484 1717 3570; baseline 0.003 -24"><span class='ocrx_word' id='word_1_302' title='bbox 493 3491 497 3506; x_wconf 80' lang='lat'>¹</span> <span class='ocrx_word' id='word_1_303' title='bbox 516 3484 519 3504; x_wconf 94' lang='lat'>&#39;</span> <span class='ocrx_word' id='word_1_304' title='bbox 675 3487 785 3566; x_wconf 85' lang='lat' dir='ltr'>juvant</span> <span class='ocrx_word' id='word_1_305' title='bbox 800 3487 837 3547; x_wconf 90' lang='lat' dir='ltr'>ad</span> <span class='ocrx_word' id='word_1_306' title='bbox 853 3487 1016 3549; x_wconf 88' lang='lat' dir='ltr'>remotiora</span> <span class='ocrx_word' id='word_1_307' title='bbox 1032 3487 1246 3568; x_wconf 88' lang='lat' dir='ltr'>percipienda:</span> <span class='ocrx_word' id='word_1_308' title='bbox 1272 3490 1378 3567; x_wconf 88' lang='lat' dir='ltr'>quibus</span> <span class='ocrx_word' id='word_1_309' title='bbox 1395 3489 1514 3567; x_wconf 87' lang='lat' dir='ltr'>quidem</span> <span class='ocrx_word' id='word_1_310' title='bbox 1538 3489 1717 3570; x_wconf 84' lang='lat' dir='ltr'>perspicillir</span> 
     </span>
     <span class='ocr_line' id='line_1_35' title="bbox 681 3576 1718 3660; baseline 0.003 -23"><span class='ocrx_word' id='word_1_311' title='bbox 681 3595 764 3637; x_wconf 86' lang='lat' dir='ltr'>meus</span> <span class='ocrx_word' id='word_1_312' title='bbox 788 3576 870 3636; x_wconf 88' lang='lat' dir='ltr'>visus</span> <span class='ocrx_word' id='word_1_313' title='bbox 893 3578 982 3656; x_wconf 86' lang='lat' dir='ltr'>plane</span> <span class='ocrx_word' id='word_1_314' title='bbox 1015 3578 1220 3648; x_wconf 77' lang='lat' dir='ltr'>confunditur,</span> <span class='ocrx_word' id='word_1_315' title='bbox 1254 3577 1390 3656; x_wconf 88' lang='lat' dir='ltr'>quamvis</span> <span class='ocrx_word' id='word_1_316' title='bbox 1415 3579 1478 3656; x_wconf 90' lang='lat' dir='ltr'>ipse</span> <span class='ocrx_word' id='word_1_317' title='bbox 1509 3596 1631 3660; x_wconf 86' lang='lat' dir='ltr'>quoque</span> <span class='ocrx_word' id='word_1_318' title='bbox 1656 3589 1718 3641; x_wconf 91' lang='lat' dir='ltr'>utar</span> 
     </span>
     <span class='ocr_line' id='line_1_36' title="bbox 681 3664 1716 3745; baseline 0.005 -19"><span class='ocrx_word' id='word_1_319' title='bbox 681 3665 775 3737; x_wconf 87' lang='lat' dir='ltr'>cavis,</span> <span class='ocrx_word' id='word_1_320' title='bbox 799 3665 853 3726; x_wconf 92' lang='lat' dir='ltr'>sed</span> <span class='ocrx_word' id='word_1_321' title='bbox 873 3664 1136 3745; x_wconf 87' lang='lat' dir='ltr'>aequabilioribus.</span> <span class='ocrx_word' id='word_1_322' title='bbox 1174 3667 1265 3727; x_wconf 87' lang='lat' dir='ltr'>Alter</span> <span class='ocrx_word' id='word_1_323' title='bbox 1284 3666 1483 3745; x_wconf 88' lang='lat' dir='ltr'>jampridem</span> <span class='ocrx_word' id='word_1_324' title='bbox 1505 3667 1570 3728; x_wconf 82' lang='lat' dir='ltr'>lato</span> <span class='ocrx_word' id='word_1_325' title='bbox 1590 3668 1716 3738; x_wconf 73' lang='lat' dir='ltr'>tnnema</span> 
     </span>
     <span class='ocr_line' id='line_1_37' title="bbox 681 3754 1718 3836; baseline 0.002 -21"><span class='ocrx_word' id='word_1_326' title='bbox 681 3755 720 3815; x_wconf 91' lang='lat' dir='ltr'>ad</span> <span class='ocrx_word' id='word_1_327' title='bbox 743 3754 910 3834; x_wconf 91' lang='lat' dir='ltr'>propinqua</span> <span class='ocrx_word' id='word_1_328' title='bbox 933 3773 1009 3832; x_wconf 91' lang='lat' dir='ltr'>pene</span> <span class='ocrx_word' id='word_1_329' title='bbox 1033 3773 1150 3828; x_wconf 85' lang='lat' dir='ltr'>caecus,</span> <span class='ocrx_word' id='word_1_330' title='bbox 1175 3755 1213 3815; x_wconf 89' lang='lat' dir='ltr'>ad</span> <span class='ocrx_word' id='word_1_331' title='bbox 1238 3763 1354 3816; x_wconf 89' lang='lat' dir='ltr'>remota</span> <span class='ocrx_word' id='word_1_332' title='bbox 1379 3756 1500 3836; x_wconf 84' lang='lat' dir='ltr'>lynceus</span> <span class='ocrx_word' id='word_1_333' title='bbox 1524 3765 1612 3831; x_wconf 86' lang='lat' dir='ltr'>srat;</span> <span class='ocrx_word' id='word_1_334' title='bbox 1647 3757 1718 3819; x_wconf 87' lang='lat' dir='ltr'>adeo</span> 
     </span>
     <span class='ocr_line' id='line_1_38' title="bbox 682 3842 1720 3927; baseline 0.004 -21"><span class='ocrx_word' id='word_1_335' title='bbox 682 3852 716 3906; x_wconf 93' lang='lat' dir='ltr'>ut</span> <span class='ocrx_word' id='word_1_336' title='bbox 747 3842 776 3904; x_wconf 89' lang='lat' dir='ltr'>in</span> <span class='ocrx_word' id='word_1_337' title='bbox 816 3844 904 3905; x_wconf 89' lang='lat' dir='ltr'>domo</span> <span class='ocrx_word' id='word_1_338' title='bbox 942 3843 1059 3922; x_wconf 87' lang='lat' dir='ltr'>aliquot</span> <span class='ocrx_word' id='word_1_339' title='bbox 1094 3844 1204 3906; x_wconf 87' lang='lat' dir='ltr'>stadiis</span> <span class='ocrx_word' id='word_1_340' title='bbox 1240 3844 1372 3906; x_wconf 85' lang='lat' dir='ltr'>distante</span> <span class='ocrx_word' id='word_1_341' title='bbox 1416 3852 1556 3906; x_wconf 86' lang='lat' dir='ltr'>recentes</span> <span class='ocrx_word' id='word_1_342' title='bbox 1601 3847 1720 3927; x_wconf 77' lang='lat' dir='ltr'>tegulae</span> 
     </span>
     <span class='ocr_line' id='line_1_39' title="bbox 681 3932 1721 4015; baseline 0.008 -25"><span class='ocrx_word' id='word_1_343' title='bbox 681 3932 834 3994; x_wconf 88' lang='lat' dir='ltr'>veteribus</span> <span class='ocrx_word' id='word_1_344' title='bbox 868 3932 1021 3993; x_wconf 83' lang='lat' dir='ltr'>immixtas</span> <span class='ocrx_word' id='word_1_345' title='bbox 1059 3952 1091 3993; x_wconf 89' lang='lat' dir='ltr'>se</span> <span class='ocrx_word' id='word_1_346' title='bbox 1131 3952 1286 3996; x_wconf 88' lang='lat' dir='ltr'>numerare</span> <span class='ocrx_word' id='word_1_347' title='bbox 1323 3933 1514 4012; x_wconf 89' lang='lat' dir='ltr'>gloriaretur.</span> <span class='ocrx_word' id='word_1_348' title='bbox 1577 3932 1721 4015; x_wconf 73' lang='lat' dir='ltr'>specillis</span> 
     </span>
     <span class='ocr_line' id='line_1_40' title="bbox 682 4019 1723 4103; baseline 0.006 -22"><span class='ocrx_word' id='word_1_349' title='bbox 682 4022 825 4083; x_wconf 85' lang='lat' dir='ltr'>convexis</span> <span class='ocrx_word' id='word_1_350' title='bbox 862 4019 1006 4082; x_wconf 86' lang='lat' dir='ltr'>adhibitis</span> <span class='ocrx_word' id='word_1_351' title='bbox 1044 4031 1075 4083; x_wconf 89' lang='lat' dir='ltr'>et</span> <span class='ocrx_word' id='word_1_352' title='bbox 1114 4023 1221 4086; x_wconf 87' lang='lat' dir='ltr'>charta</span> <span class='ocrx_word' id='word_1_353' title='bbox 1258 4030 1400 4102; x_wconf 88' lang='lat' dir='ltr'>qnantum</span> <span class='ocrx_word' id='word_1_354' title='bbox 1438 4022 1562 4084; x_wconf 87' lang='lat' dir='ltr'>brachio</span> <span class='ocrx_word' id='word_1_355' title='bbox 1599 4031 1723 4103; x_wconf 82' lang='lat' dir='ltr'>poterat</span> 
     </span>
     <span class='ocr_line' id='line_1_41' title="bbox 682 4109 1725 4189; baseline 0.005 -18"><span class='ocrx_word' id='word_1_356' title='bbox 682 4109 798 4171; x_wconf 90' lang='lat' dir='ltr'>eminus</span> <span class='ocrx_word' id='word_1_357' title='bbox 826 4111 979 4189; x_wconf 81' lang='lat' dir='ltr'>explicata</span> <span class='ocrx_word' id='word_1_358' title='bbox 1009 4111 1131 4188; x_wconf 86' lang='lat' dir='ltr'>legebat</span> <span class='ocrx_word' id='word_1_359' title='bbox 1154 4130 1211 4172; x_wconf 91' lang='lat' dir='ltr'>uon</span> <span class='ocrx_word' id='word_1_360' title='bbox 1236 4112 1324 4173; x_wconf 86' lang='lat' dir='ltr'>male.</span> <span class='ocrx_word' id='word_1_361' title='bbox 1371 4111 1488 4173; x_wconf 87' lang='lat' dir='ltr'>Audiat</span> <span class='ocrx_word' id='word_1_362' title='bbox 1507 4111 1725 4188; x_wconf 81' lang='lat' dir='ltr'>Aristotelem,</span> 
     </span>
     <span class='ocr_line' id='line_1_42' title="bbox 682 4198 1725 4279; baseline 0.005 -18"><span class='ocrx_word' id='word_1_363' title='bbox 682 4199 708 4262; x_wconf 89' lang='lat' dir='ltr'>si</span> <span class='ocrx_word' id='word_1_364' title='bbox 733 4198 798 4278; x_wconf 90' lang='lat' dir='ltr'>quis</span> <span class='ocrx_word' id='word_1_365' title='bbox 822 4200 896 4260; x_wconf 89' lang='lat' dir='ltr'>meis</span> <span class='ocrx_word' id='word_1_366' title='bbox 931 4199 1143 4279; x_wconf 80' lang='lat' dir='ltr'>experimentis</span> <span class='ocrx_word' id='word_1_367' title='bbox 1177 4201 1274 4262; x_wconf 88' lang='lat' dir='ltr'>minus</span> <span class='ocrx_word' id='word_1_368' title='bbox 1302 4198 1427 4262; x_wconf 81' lang='lat' dir='ltr'>adhibet</span> <span class='ocrx_word' id='word_1_369' title='bbox 1449 4200 1528 4263; x_wconf 87' lang='lat' dir='ltr'>lidei.</span> <span class='ocrx_word' id='word_1_370' title='bbox 1578 4199 1725 4266; x_wconf 74' lang='lat' dir='ltr'>Suetium</span> 
     </span>
     <span class='ocr_line' id='line_1_43' title="bbox 682 4284 1725 4371; baseline 0.001 -20"><span class='ocrx_word' id='word_1_371' title='bbox 682 4287 734 4361; x_wconf 84' lang='grc'>31,</span> <span class='ocrx_word' id='word_1_372' title='bbox 759 4288 904 4367; x_wconf 88' lang='lat' dir='ltr'>problem.</span> <span class='ocrx_word' id='word_1_373' title='bbox 930 4284 960 4351; x_wconf 91' lang='lat'>8.</span> <span class='ocrx_word' id='word_1_374' title='bbox 992 4286 1040 4351; x_wconf 86' lang='grc'>15.</span> <span class='ocrx_word' id='word_1_375' title='bbox 1070 4284 1117 4351; x_wconf 88' lang='grc'>16.</span> <span class='ocrx_word' id='word_1_376' title='bbox 1141 4286 1192 4352; x_wconf 82' lang='grc'>25.</span> <span class='ocrx_word' id='word_1_377' title='bbox 1221 4290 1311 4369; x_wconf 88' lang='lat' dir='ltr'>plane</span> <span class='ocrx_word' id='word_1_378' title='bbox 1335 4290 1391 4352; x_wconf 90' lang='lat' dir='ltr'>hoc</span> <span class='ocrx_word' id='word_1_379' title='bbox 1421 4289 1554 4368; x_wconf 91' lang='lat' dir='ltr'>quaerit,</span> <span class='ocrx_word' id='word_1_380' title='bbox 1589 4292 1640 4371; x_wconf 90' lang='lat' dir='ltr'>qui</span> <span class='ocrx_word' id='word_1_381' title='bbox 1670 4292 1725 4353; x_wconf 86' lang='lat' dir='ltr'>liat</span> 
     </span>
     <span class='ocr_line' id='line_1_44' title="bbox 681 4378 1726 4462; baseline 0.005 -23"><span class='ocrx_word' id='word_1_382' title='bbox 681 4378 759 4459; x_wconf 92' lang='lat' dir='ltr'>quod</span> <span class='ocrx_word' id='word_1_383' title='bbox 783 4400 904 4452; x_wconf 76' lang='grc' dir='ltr'>μυωπις</span> <span class='ocrx_word' id='word_1_384' title='bbox 931 4388 963 4438; x_wconf 90' lang='lat' dir='ltr'>et</span> <span class='ocrx_word' id='word_1_385' title='bbox 986 4380 1150 4457; x_wconf 72' lang='grc' dir='ltr'>πρεσβυται</span> <span class='ocrx_word' id='word_1_386' title='bbox 1176 4381 1330 4441; x_wconf 81' lang='lat' dir='ltr'>contraria</span> <span class='ocrx_word' id='word_1_387' title='bbox 1357 4378 1525 4459; x_wconf 88' lang='lat' dir='ltr'>patiantur,</span> <span class='ocrx_word' id='word_1_388' title='bbox 1557 4379 1603 4444; x_wconf 90' lang='lat' dir='ltr'>illi</span> <span class='ocrx_word' id='word_1_389' title='bbox 1626 4398 1726 4462; x_wconf 79' lang='lat' dir='ltr'>propo</span> 
     </span>
     <span class='ocr_line' id='line_1_45' title="bbox 681 4466 1725 4549; baseline 0.001 -20"><span class='ocrx_word' id='word_1_390' title='bbox 681 4467 877 4540; x_wconf 86' lang='lat' dir='ltr'>admoveant,</span> <span class='ocrx_word' id='word_1_391' title='bbox 907 4466 936 4528; x_wconf 93' lang='lat' dir='ltr'>hi</span> <span class='ocrx_word' id='word_1_392' title='bbox 966 4478 1141 4529; x_wconf 83' lang='lat' dir='ltr'>removeant</span> <span class='ocrx_word' id='word_1_393' title='bbox 1163 4487 1201 4529; x_wconf 88' lang='lat' dir='ltr'>ea</span> <span class='ocrx_word' id='word_1_394' title='bbox 1224 4487 1300 4549; x_wconf 89' lang='lat' dir='ltr'>quae</span> <span class='ocrx_word' id='word_1_395' title='bbox 1324 4478 1395 4530; x_wconf 85' lang='lat' dir='ltr'>snnt</span> <span class='ocrx_word' id='word_1_396' title='bbox 1424 4468 1598 4544; x_wconf 85' lang='lat' dir='ltr'>lustraturi,</span> <span class='ocrx_word' id='word_1_397' title='bbox 1622 4480 1658 4532; x_wconf 85' lang='lat' dir='ltr'>et</span> <span class='ocrx_word' id='word_1_398' title='bbox 1681 4468 1725 4533; x_wconf 88' lang='lat' dir='ltr'>illi</span> 
     </span>
    </p>

    <p class='ocr_par' dir='ltr' id='par_1_4' title="bbox 681 4556 1724 5083">
     <span class='ocr_line' id='line_1_46' title="bbox 682 4556 1678 4637; baseline 0.002 -19"><span class='ocrx_word' id='word_1_399' title='bbox 682 4557 800 4637; x_wconf 91' lang='lat' dir='ltr'>quidem</span> <span class='ocrx_word' id='word_1_400' title='bbox 824 4557 889 4617; x_wconf 90' lang='lat' dir='ltr'>visu</span> <span class='ocrx_word' id='word_1_401' title='bbox 914 4556 1015 4617; x_wconf 90' lang='lat' dir='ltr'>hebeti</span> <span class='ocrx_word' id='word_1_402' title='bbox 1039 4558 1223 4619; x_wconf 85' lang='lat' dir='ltr'>minusculas</span> <span class='ocrx_word' id='word_1_403' title='bbox 1243 4569 1344 4619; x_wconf 86' lang='lat' dir='ltr'>tamen</span> <span class='ocrx_word' id='word_1_404' title='bbox 1369 4556 1503 4620; x_wconf 87' lang='lat' dir='ltr'>scribant</span> <span class='ocrx_word' id='word_1_405' title='bbox 1526 4558 1678 4622; x_wconf 86' lang='lat' dir='ltr'>liternlaa.</span> 
     </span>
     <span class='ocr_line' id='line_1_47' title="bbox 770 4643 1724 4726; baseline 0.003 -18"><span class='ocrx_word' id='word_1_406' title='bbox 770 4646 860 4708; x_wconf 80' lang='lat' dir='ltr'>Addo</span> <span class='ocrx_word' id='word_1_407' title='bbox 889 4654 921 4706; x_wconf 90' lang='lat' dir='ltr'>et</span> <span class='ocrx_word' id='word_1_408' title='bbox 953 4646 1126 4721; x_wconf 84' lang='lat' dir='ltr'>schemata,</span> <span class='ocrx_word' id='word_1_409' title='bbox 1159 4665 1196 4707; x_wconf 91' lang='lat' dir='ltr'>ne</span> <span class='ocrx_word' id='word_1_410' title='bbox 1227 4646 1297 4726; x_wconf 92' lang='lat' dir='ltr'>qnid</span> <span class='ocrx_word' id='word_1_411' title='bbox 1329 4646 1526 4709; x_wconf 86' lang='lat' dir='ltr'>desideretur.</span> <span class='ocrx_word' id='word_1_412' title='bbox 1573 4643 1626 4710; x_wconf 88' lang='lat' dir='ltr'>Sit</span> <span class='ocrx_word' id='word_1_413' title='bbox 1648 4649 1724 4726; x_wconf 63' lang='grc' dir='ltr'>ιβιδ</span> 
     </span>
     <span class='ocr_line' id='line_1_48' title="bbox 681 4735 1721 4815; baseline 0 -19"><span class='ocrx_word' id='word_1_414' title='bbox 681 4735 836 4814; x_wconf 89' lang='lat' dir='ltr'>specillum</span> <span class='ocrx_word' id='word_1_415' title='bbox 861 4753 982 4803; x_wconf 85' lang='lat' dir='ltr'>ravum,</span> <span class='ocrx_word' id='word_1_416' title='bbox 1005 4744 1148 4815; x_wconf 84' lang='lat' dir='ltr'>punctum</span> <span class='ocrx_word' id='word_1_417' title='bbox 1178 4735 1308 4797; x_wconf 86' lang='lat' dir='ltr'>lucidum</span> <span class='ocrx_word' id='word_1_418' title='bbox 1331 4736 1408 4798; x_wconf 90' lang='lat' dir='ltr'>adeo</span> <span class='ocrx_word' id='word_1_419' title='bbox 1435 4745 1585 4799; x_wconf 83' lang='lat' dir='ltr'>remotum</span> <span class='ocrx_word' id='word_1_420' title='bbox 1607 4737 1664 4810; x_wconf 83' lang='lat' dir='ltr'>ait,</span> <span class='ocrx_word' id='word_1_421' title='bbox 1689 4745 1721 4798; x_wconf 87' lang='lat' dir='ltr'>ut</span> 
     </span>
     <span class='ocr_line' id='line_1_49' title="bbox 682 4822 1718 4906; baseline 0.001 -20"><span class='ocrx_word' id='word_1_422' title='bbox 682 4822 867 4886; x_wconf 86' lang='lat' dir='ltr'>radiationes</span> <span class='ocrx_word' id='word_1_423' title='bbox 890 4824 1104 4904; x_wconf 88' lang='lat' dir='ltr'>propemodum</span> <span class='ocrx_word' id='word_1_424' title='bbox 1126 4824 1263 4903; x_wconf 87' lang='lat' dir='ltr'>paralleli</span> <span class='ocrx_word' id='word_1_425' title='bbox 1283 4824 1354 4899; x_wconf 88' lang='lat' dir='ltr'>sint,</span> <span class='ocrx_word' id='word_1_426' title='bbox 1378 4825 1503 4887; x_wconf 87' lang='lat' dir='ltr'>veniant</span> <span class='ocrx_word' id='word_1_427' title='bbox 1525 4824 1718 4906; x_wconf 71' lang='lat' dir='ltr'>inquamda,</span> 
     </span>
     <span class='ocr_line' id='line_1_50' title="bbox 682 4912 1718 4996; baseline 0 -21"><span class='ocrx_word' id='word_1_428' title='bbox 682 4912 924 4991; x_wconf 66' lang='lat' dir='ltr'>rpradiationcs</span> <span class='ocrx_word' id='word_1_429' title='bbox 952 4913 992 4974; x_wconf 91' lang='lat' dir='ltr'>ab</span> <span class='ocrx_word' id='word_1_430' title='bbox 1024 4914 1130 4976; x_wconf 89' lang='lat' dir='ltr'>eodem</span> <span class='ocrx_word' id='word_1_431' title='bbox 1162 4914 1280 4976; x_wconf 85' lang='lat' dir='ltr'>lucente</span> <span class='ocrx_word' id='word_1_432' title='bbox 1311 4923 1442 4992; x_wconf 83' lang='lat' dir='ltr'>punct03</span> <span class='ocrx_word' id='word_1_433' title='bbox 1475 4912 1547 4993; x_wconf 91' lang='lat' dir='ltr'>qnia</span> <span class='ocrx_word' id='word_1_434' title='bbox 1577 4933 1651 4996; x_wconf 81' lang='lat' dir='ltr'>ergo</span> <span class='ocrx_word' id='word_1_435' title='bbox 1677 4914 1718 4992; x_wconf 69' lang='lat' dir='ltr'>ap</span> 
     </span>
     <span class='ocr_line' id='line_1_51' title="bbox 681 5000 1713 5083; baseline 0.002 -19"><span class='ocrx_word' id='word_1_436' title='bbox 681 5000 832 5066; x_wconf 76' lang='lat' dir='ltr'>densioris</span> <span class='ocrx_word' id='word_1_437' title='bbox 854 5000 1027 5082; x_wconf 78' lang='lat' dir='ltr'>auperteiss</span> <span class='ocrx_word' id='word_1_438' title='bbox 1050 5022 1129 5066; x_wconf 84' lang='lat' dir='ltr'>caua</span> <span class='ocrx_word' id='word_1_439' title='bbox 1150 5012 1208 5080; x_wconf 85' lang='lat' dir='ltr'>est,</span> <span class='ocrx_word' id='word_1_440' title='bbox 1233 5002 1319 5083; x_wconf 82' lang='lat' dir='ltr'>cnjus</span> <span class='ocrx_word' id='word_1_441' title='bbox 1340 5012 1475 5068; x_wconf 78' lang='lat' dir='ltr'>matrum</span> <span class='ocrx_word' id='word_1_442' title='bbox 1497 5005 1516 5068; x_wconf 72' lang='grc' dir='ltr'><strong><em>λ</em></strong></span> <span class='ocrx_word' id='word_1_443' title='bbox 1537 5003 1674 5080; x_wconf 75' lang='lat' dir='ltr'>interd,</span> <span class='ocrx_word' id='word_1_444' title='bbox 1695 5029 1713 5076; x_wconf 80' lang='grc' dir='ltr'>ι,</span> 
     </span>
    </p>
   </div>
   <div class='ocr_carea' id='block_1_3' title="bbox 0 0 1860 5842">
    <p class='ocr_par' dir='ltr' id='par_1_5' title="bbox 0 0 1860 5842">
     <span class='ocr_line' id='line_1_52' title="bbox 0 0 1860 5842; baseline 0 0"><span class='ocrx_word' id='word_1_445' title='bbox 0 0 1860 5842; x_wconf 95' lang='lat' dir='ltr'> </span> 
     </span>
    </p>
   </div>
  </div>
 </body>
</html>
