3692 5842
699 260 730 311 ue
748 262 820 311 renus
840 261 943 327 opaca.
1452 265 1495 334 53

138 431 223 493 tione
246 434 334 495 medii
367 434 525 497 densioris.
573 432 654 506 Quid
687 442 788 498 autern
823 437 859 497 de
888 437 1042 517 geminata
1070 437 1160 516 iride,
1194 441 1232 502 de
1262 445 1439 508 monstrosis
1464 454 1496 508 et

139 521 289 584 traversis
311 523 493 586 halonibus?
538 523 660 586 Nescio.

228 609 373 691 Epistola
396 612 604 675 concludenda
627 623 686 676 est.
724 614 768 674 Tu
783 614 928 676 meditare
954 623 984 676 et
1008 635 1082 696 quae
1098 617 1247 680 inveneris
1271 619 1342 681 mihi
1366 619 1494 701 imperti.

139 696 263 770 Quaero
288 709 569 781 tamen-antequam
589 704 773 776 concludam,
799 722 875 783 quae
900 712 952 765 tua
976 705 1017 765 sit
1040 707 1192 768 sententia
1216 709 1252 768 de
1277 708 1493 773 illuminatione

138 789 350 853 chasmatum?
394 792 474 855 Nam
498 792 616 853 videtur
639 811 731 855 causa
756 794 870 871 optica,
905 793 975 873 quia
1003 813 1120 874 semper
1144 795 1174 856 in
1197 798 1401 875 septentrione
1425 819 1494 861 cer·

139 887 251 942 huntur
273 886 364 955 (comp.
377 889 425 939 rol.
435 889 456 939 1.
475 905 499 954 p.
514 885 588 949 340).

229 969 311 1030 Vale
334 970 461 1050 denique
485 979 517 1031 et
539 969 605 1030 rudi
629 978 718 1049 atque
742 971 916 1049 properanti
941 971 1095 1050 scriptioni
1120 973 1255 1053 ignosce:
1278 994 1356 1038 nunc
1370 976 1448 1038 enim
1464 978 1492 1039 in

137 1057 295 1138 procinctu
318 1079 383 1121 snm
397 1057 577 1121 breviusculi
601 1058 755 1136 cujusdam
772 1059 903 1133 itineris,
929 1060 1030 1142 itaque
1045 1061 1127 1139 prius
1148 1063 1364 1142 expediendam
1387 1065 1493 1147 scripsi

138 1146 217 1208 hanc
241 1147 403 1227 epistolam
426 1166 483 1209 nou
508 1147 572 1209 sine
596 1147 689 1207 unrlta
712 1148 886 1209 confusione
909 1149 1135 1228 cogitationum.

229 1236 349 1316 Pragae
376 1236 426 1299 17.
450 1234 519 1298 Jau.
549 1230 641 1298 1605.

230 1323 303 1385 Quae
315 1324 438 1389 Keplerns
451 1325 536 1374 nltimo
548 1325 602 1374 loco
617 1324 646 1373 de
661 1323 729 1382 „rndi
743 1338 790 1373 sua
802 1326 949 1388 scriptione“
965 1326 1031 1386 dicit,
1055 1327 1162 1377 maxima
1180 1341 1209 1375 ex
1222 1334 1292 1391 parte
1306 1326 1339 1377 ad
1353 1332 1491 1391 „queastio-

138 1410 196 1445 nem
208 1395 277 1445 illam
289 1397 413 1461 opticam¹⁴
428 1396 459 1447 de
471 1396 533 1445 iride
545 1397 667 1460 pertinere
680 1396 801 1451 ridentur,
826 1412 890 1460 qnae
910 1412 940 1446 ex
952 1404 1023 1460 parte
1037 1399 1134 1462 quidem
1155 1413 1241 1461 parum
1261 1399 1354 1448 habeat
1366 1399 1436 1456 lucis,
1456 1402 1495 1451 ita

137 1475 167 1517 srt
188 1467 348 1517 deiicientem
365 1469 390 1518 in
400 1467 528 1518 Hanschio
542 1465 582 1529 (ut
595 1469 670 1516 ctiam
690 1468 714 1514 in
728 1466 804 1516 literis
822 1471 1003 1532 manuscriptis,
1024 1484 1086 1534 quas
1107 1475 1235 1518 conservat
1255 1469 1404 1519 bibliotheca
1417 1470 1492 1521 Vien-

139 1535 237 1598 nensis)
251 1538 356 1603 ligoram
368 1540 526 1603 posteriorem
539 1553 589 1588 non
602 1539 655 1586 ausi
668 1539 743 1585 simus
757 1537 897 1602 depingere.

227 1609 449 1676 Brenggerns,
473 1625 522 1659 non
542 1615 642 1659 secutus
656 1608 757 1671 Kepleri
771 1610 916 1672 exemplum,
940 1612 980 1674 qui
1002 1612 1068 1660 intra
1081 1608 1095 1659 3
1107 1613 1258 1674 septimanas
1280 1611 1312 1660 ad
1329 1612 1393 1661 illins
1407 1614 1492 1663 literas

138 1680 311 1744 responderat,
334 1696 378 1745 per
389 1683 521 1731 triennium
540 1680 591 1729 l'ere
612 1695 660 1728 non
671 1680 801 1741 rescripsit.
829 1679 915 1730 Mense
930 1682 1026 1730 domurn
1040 1681 1107 1745 Sept.
1123 1683 1180 1730 anni
1196 1680 1263 1730 1607
1276 1683 1410 1747 Keplerum
1432 1685 1493 1743 adit,

136 1752 249 1817 perlecto
262 1751 365 1816 Kepleri
378 1766 451 1816 opere
464 1752 495 1801 de
508 1765 572 1800 nora
585 1750 666 1806 stella,
690 1765 810 1798 excusans
830 1752 953 1801 silentium
971 1767 1049 1813 suum,
1071 1754 1159 1803 deindo
1178 1753 1297 1815 iudicium
1317 1770 1387 1804 sunm
1404 1756 1434 1804 de
1451 1756 1493 1806 illo

138 1838 215 1888 opere
232 1837 371 1887 proponens
385 1822 477 1886 (comp.
490 1822 567 1886 prael.
584 1821 616 1871 ad
638 1822 724 1870 librum
744 1821 774 1869 de
788 1821 867 1872 Stella
884 1821 968 1885 nova).
1006 1824 1183 1873 Excusationes
1208 1825 1297 1874 silentii
1320 1827 1357 1874 sni
1377 1825 1492 1883 diuturni,

136 1895 255 1961 aquibus
268 1895 393 1944 exorditur
404 1896 571 1958 Brenggerus,
591 1891 681 1942 adhoc
694 1893 806 1953 redeunt,
826 1897 980 1957 proposuisse
998 1896 1042 1943 sibi
1057 1894 1173 1958 Opticam
1187 1896 1283 1953 „denno
1304 1899 1424 1946 attentius
1436 1912 1492 1961 per·

135 1965 249 2032 legere“,
262 1965 306 2015 sed
318 1981 415 2030 semper
426 1980 453 2015 se
466 1964 499 2013 ad
512 1964 563 2014 alia
576 1964 720 2013 distractum
732 1965 816 2013 inisse.
854 1965 926 2026 Quae
944 1968 968 2014 in
989 1966 1026 2014 his
1038 1966 1115 2014 literis
1131 1965 1162 2014 ad
1175 1965 1277 2029 Kepleri
1290 1966 1405 2031 Opticam
1417 1970 1492 2031 perti·

135 2045 207 2093 nent,
227 2037 317 2087 eadem
331 2051 381 2101 qua
392 2038 473 2100 priora
485 2037 580 2084 ratim
594 2035 752 2099 proponenda
764 2049 902 2093 censemus,
922 2038 1068 2086 intermixtis
1078 2038 1179 2101 Kepleri
1197 2039 1393 2100 responsionibus
1407 2039 1440 2090 ad
1453 2054 1492 2098 ea,

134 2122 200 2173 qnae
213 2108 372 2173 Brenggerns
384 2109 500 2158 dubitans
513 2114 558 2155 aut
570 2121 612 2171 pro
626 2114 692 2155 certo
705 2106 831 2156 affirmans
845 2107 926 2157 affert.
1557 2109 1566 2115 '

226 2178 309 2236 Nunc,
329 2180 414 2229 scribit
425 2179 642 2242 Brenggerus,
663 2178 721 2226 ordo
735 2179 832 2242 exigere
842 2179 946 2238 videtur,
969 2185 998 2228 ut
1010 2180 1086 2228 etiam
1103 2179 1133 2228 de
1146 2179 1200 2236 illis,
1221 2193 1285 2243 quae
1299 2180 1355 2228 olim
1369 2181 1491 2231 internos

134 2251 266 2316 &mutata
277 2251 356 2311 fuere,
370 2250 462 2315 aliquid
475 2249 574 2299 addam.
616 2247 708 2297 Verum
722 2251 789 2313 quia.
804 2256 918 2315 utsupra
931 2252 1038 2306 memini,
1053 2257 1099 2299 tna
1111 2250 1300 2314 Paralipomena
1311 2251 1369 2300 mihi
1383 2252 1492 2303 revidere

135 2323 246 2373 nondum
260 2322 345 2372 datum
358 2323 413 2378 init,
426 2322 515 2370 saltem
533 2321 619 2383 paneis
633 2334 664 2369 ea
676 2321 806 2383 attingam.

226 2392 319 2444 Scribis
341 2399 367 2443 te
385 2391 517 2442 universali
539 2392 626 2456 regula
641 2391 721 2441 locum
738 2393 853 2456 imaginis
876 2407 919 2455 per
936 2393 1094 2441 reflexionem
1111 2395 1254 2456 apparentis
1276 2393 1399 2444 definiisse
1419 2401 1492 2460 atque

135 2465 233 2516 duabus
247 2464 432 2528 exceptionibns
446 2462 589 2516 ostendisse,
613 2463 710 2525 quando
723 2464 804 2527 imago
825 2467 857 2512 sit
875 2471 946 2511 extra
958 2463 1093 2520 cathetum,
1116 2478 1218 2528 quarum
1231 2478 1282 2513 nna
1296 2472 1341 2520 est.
1363 2466 1420 2515 dnm
1433 2482 1492 2517 oon.

134 2538 214 2587 lorum
227 2537 323 2600 positor
336 2543 441 2585 naturae
454 2535 532 2582 ordini
547 2541 681 2589 arceatur,
696 2533 784 2589 altera,
805 2535 863 2583 dnm
875 2534 1002 2598 speculum
1020 2540 1058 2583 est
1076 2536 1168 2584 mixtae
1188 2534 1283 2601 figurae
1296 2533 1388 2600 (comp.
1402 2554 1425 2601 p.
1437 2535 1492 2599 42).

135 2607 186 2658 Sed
215 2608 283 2657 istae
304 2608 462 2669 exceptiones
481 2621 532 2653 non
557 2604 695 2661 sufficiunt,
726 2606 790 2668 qnod
816 2607 988 2656 demonstrabo
1015 2605 1125 2669 exemplo
1150 2605 1235 2656 Vitell.
1262 2606 1318 2671 Opt.
1345 2607 1422 2666 vlu,
1450 2609 1491 2657 ll.

134 2677 172 2729 sn
191 2680 219 2728 in
231 2678 276 2727 illa
288 2677 368 2742 figura
381 2674 435 2741 [sig.
448 2674 494 2736 21)
508 2675 632 2725 oculorum
646 2676 709 2725 alter
727 2677 793 2724 solus
813 2685 913 2741 apertus
927 2679 987 2726 iuA
1002 2673 1072 2738 (num
1086 2679 1105 2725 si
1119 2683 1248 2742 utrumque
1261 2681 1368 2742 aperias,
1386 2687 1491 2744 puncto·

133 2765 185 2800 rum
208 2750 333 2814 imagines
356 2754 477 2812 apparent
495 2744 630 2812 geminae).
668 2747 716 2796 Hic
737 2750 798 2796 situs
820 2749 884 2797 oculi
906 2756 1011 2797 naturae
1037 2756 1076 2797 est
1096 2762 1227 2813 congruus,
1250 2758 1276 2799 et
1293 2752 1420 2814 speculum
1442 2767 1492 2802 non

134 2822 249 2876 mixtum,
264 2821 308 2870 sed
321 2818 477 2884 sphaericum
491 2833 633 2867 concavum.
653 2819 718 2882 Ergo
734 2822 806 2881 juxta
818 2829 886 2868 tuam
900 2820 1011 2884 regulam
1030 2822 1114 2883 puncti
1128 2819 1150 2880 Q
1163 2821 1246 2885 imago
1259 2820 1360 2873 deberet
1370 2838 1490 2887 apparere

135 2896 159 2943 in
173 2892 287 2942 amera
325 2891 417 2941 Verum
431 2891 499 2940 alind
512 2890 620 2939 ostendit
633 2891 793 2953 experientia,
812 2906 875 2954 quae
889 2891 956 2940 illam
970 2907 1019 2939 non
1032 2893 1057 2939 in
1071 2889 1092 2939 0
1105 2899 1195 2954 puncto
1209 2892 1302 2942 catheti
1315 2902 1371 2957 post
1382 2894 1489 2955 oculum,

133 2964 176 3014 sed
189 2965 217 3012 in
230 2964 299 3013 linea
312 2963 356 3012 AG
369 2971 425 3027 post
437 2962 563 3026 speculum
576 2963 680 3024 reponit,
700 2963 725 3010 in
738 2962 792 3011 loeo
805 2976 821 3011 a
834 2963 934 3011 catheto
949 2969 1049 3011 remoto.
1086 2963 1122 3011 Ex
1136 2978 1182 3027 quo
1196 2963 1272 3020 rides,
1295 2966 1408 3031 regulam
1420 2973 1490 3017 tuam

134 3037 183 3086 sire
196 3036 357 3098 exceptiones
370 3050 420 3083 non
434 3034 545 3083 omnibus
560 3034 658 3081 casibus
671 3032 823 3082 satisfacere.

223 3105 385 3170 Keplerns
405 3105 530 3169 respondit
550 3102 586 3160 (in
606 3103 682 3152 literis
705 3104 725 3152 d.
743 3104 766 3152 d.
781 3102 822 3152 30.
836 3104 898 3153 Nou.
914 3100 992 3161 1607,
1014 3118 1116 3169 quarum
1130 3114 1226 3169 partem
1238 3108 1357 3171 puriorem
1379 3108 1487 3159 exhibui.

134 3193 186 3229 mus
198 3178 226 3227 ln
238 3179 349 3242 proemio
363 3177 395 3226 ad
406 3177 493 3225 librum
506 3177 537 3224 de
550 3175 623 3224 stella
635 3172 723 3236 noval:

224 3268 278 3329 Ad
303 3267 425 3347 Optica.
472 3266 560 3325 Meas
583 3265 790 3344 exceptiones,
812 3265 872 3335 ais,
898 3283 956 3325 non
981 3284 1048 3326 esse
1064 3267 1258 3329 sufficientes.
1306 3269 1431 3341 Fateor;
1457 3275 1490 3329 at

138 3359 202 3439 quis
227 3375 334 3418 omnes
359 3355 552 3434 exceptiones
575 3355 793 3433 persequatur?
831 3353 906 3414 Mihi
930 3354 1041 3414 sufficit
1065 3355 1161 3417 locum
1186 3355 1324 3435 imaginis
1348 3355 1488 3417 definisse

138 3466 192 3508 nou
216 3464 274 3526 per
296 3446 464 3518 cathetum;
488 3443 590 3504 thema
613 3462 671 3503 non
695 3444 808 3505 affirmo
833 3451 865 3504 et
887 3444 968 3504 insto
993 3450 1098 3503 contra
1113 3444 1143 3505 id
1167 3445 1196 3504 in
1221 3447 1332 3523 specie.
1384 3445 1488 3506 Instas

139 3545 166 3598 et
189 3544 239 3610 tn,
275 3545 306 3597 et
329 3533 384 3615 per
407 3552 453 3594 me
478 3533 558 3595 licet.
606 3530 704 3603 Quam
729 3552 799 3593 vero
823 3542 855 3594 tu
879 3533 969 3594 affers
993 3532 1183 3607 instantiam,
1217 3533 1276 3595 etsi
1295 3534 1360 3613 jam
1386 3532 1488 3596 Vitel-

138 3624 223 3687 lionis
248 3625 327 3687 liber
348 3641 407 3685 uon
432 3631 482 3683 est
514 3622 552 3683 ad
575 3641 694 3696 manns,
729 3622 815 3682 video
849 3629 950 3683 tamen
984 3640 1042 3682 non
1074 3622 1306 3698 admittendam,
1341 3622 1398 3685 etsi
1423 3642 1490 3685 mea

138 3715 208 3776 nihil
233 3715 373 3776 interest.
419 3711 499 3773 Dum
523 3711 601 3773 enim
624 3711 683 3782 ais,
719 3720 842 3789 utroque
867 3713 952 3772 oculo
986 3719 1091 3789 aperto
1115 3712 1190 3773 duas
1213 3713 1308 3775 videri
1331 3712 1488 3793 imagines,

108 3843 110 3848 -
138 3822 170 3865 eo
193 3803 313 3883 prodis,
347 3802 443 3863 locum
467 3801 509 3863 ibi
532 3799 671 3880 imaginis
695 3818 763 3860 esse
793 3799 870 3860 inter
902 3801 1019 3862 oculum
1044 3808 1076 3861 et
1099 3802 1260 3881 speculum.
1306 3800 1395 3873 Quod
1418 3822 1489 3864 vero

137 3892 234 3972 imago
258 3910 313 3971 per
337 3910 424 3952 unum
448 3892 564 3951 oculum
588 3891 678 3951 situm
702 3889 821 3949 videtur
836 3889 980 3968 accipere,
1007 3890 1045 3950 ad
1068 3890 1100 3951 id
1114 3899 1185 3970 puto
1201 3910 1376 3955 concurrere
1391 3891 1488 3953 aesti-

137 3980 299 4044 mationem
333 3979 512 4061 quantitatis
544 3978 665 4059 speciei.
711 3978 791 4040 Nam
815 3978 840 4038 si
864 3979 981 4057 species
1005 3979 1060 4039 hoc
1085 3982 1194 4058 angulo
1218 4000 1346 4060 aequare
1369 3980 1490 4060 ponitur
1536 3999 1542 4016 ’

137 4071 256 4144 laciem,
281 4078 351 4132 tunc
376 4068 511 4148 sequitur
534 4077 618 4130 certa
642 4068 707 4146 ejus
731 4067 868 4128 remotio.
916 4066 1027 4128 Nescio
1051 4075 1152 4129 tamen
1177 4070 1298 4131 definire
1322 4070 1387 4130 siue
1411 4068 1487 4129 libro

108 4169 166 4222 ‚et
188 4162 353 4223 schemate.
402 4156 473 4220 Sive
505 4157 597 4237 igitur
629 4165 691 4218 stet
722 4165 775 4218 tna
808 4156 935 4236 objectio
959 4156 1021 4217 sive
1044 4157 1152 4232 cadat,
1186 4160 1265 4219 nullo
1290 4178 1356 4219 meo
1380 4159 1487 4219 damno

135 4269 245 4329 magno
270 4247 445 4321 concludes,
470 4247 663 4326 exceptiones
687 4263 770 4307 meas
795 4264 851 4307 non
876 4245 1011 4306 omnibus
1037 4247 1157 4309 casibus
1181 4248 1376 4321 satisfacere,
1400 4248 1487 4308 durn-

135 4339 223 4400 modo
247 4336 320 4399 illud
353 4336 503 4414 corrigas:
540 4336 695 4415 „regulam
727 4336 790 4397 sire
820 4335 1032 4412 exceptiones“
1058 4336 1112 4397 tire.
1160 4337 1289 4398 Diversa
1312 4337 1389 4397 enirn
1412 4335 1487 4397 hacc

134 4437 219 4490 sunt:
244 4426 351 4505 regula
373 4424 601 4498 universalium,
626 4425 816 4504 exceptiones
840 4423 1044 4503 singularium.

223 4535 305 4585 Bren
312 4543 447 4600 ggerur:
467 4532 566 4581 Deinde
578 4547 627 4581 non
640 4532 724 4595 probo,
745 4530 810 4595 quod
821 4530 901 4580 locurn
913 4533 1029 4596 imaginis
1043 4538 1068 4580 et
1080 4533 1159 4594 ipsam
1172 4531 1301 4580 locationis
1314 4533 1367 4591 ejus
1384 4542 1488 4580 eausam

133 4605 196 4656 net·
209 4618 357 4655 scamnum
376 4604 498 4653 radiorum
518 4603 655 4658 ritualium,
676 4617 720 4651 sen
740 4603 860 4651 linearum
873 4605 1039 4653 metatricium
1058 4617 1089 4651 ex
1108 4610 1210 4667 unoque
1223 4601 1293 4651 oculo
1314 4601 1488 4664 productorum

132 4678 226 4740 (semp.
239 4692 265 4740 p.
279 4672 335 4736 43).
372 4675 462 4729 Primo.
482 4670 602 4738 quianon
615 4688 675 4736 opus
688 4680 727 4723 est
740 4674 833 4723 dnobus
846 4675 932 4731 oculis,
952 4690 1007 4725 cum
1026 4689 1075 4724 nno
1090 4674 1160 4723 oculo
1173 4675 1249 4723 etiam
1259 4680 1384 4737 spectetur
1404 4673 1487 4739 imago

131 4749 238 4798 dmm
274 4745 324 4796 Hie
343 4752 371 4795 tu
388 4744 541 4810 edpupillae
557 4745 713 4794 latitudinem
733 4746 853 4810 coniugis,
876 4754 904 4796 nt
922 4746 1069 4795 dualitatem
1088 4751 1185 4796 tuarum
1208 4746 1373 4796 meretricium
1395 4746 1487 4796 tuosne
1592 4749 1596 4757 “

131 4819 224 4870 salum
240 4820 268 4869 tn
286 4831 336 4869 uno
358 4816 444 4875 ooulo;
464 4815 509 4869 sed
520 4815 581 4867 nihil
594 4816 680 4878 efficis,
703 4830 761 4866 nam
774 4830 846 4868 nemo
859 4819 994 4882 opticorum
1012 4817 1133 4868 hactenns
1147 4817 1238 4874 docuit,
1260 4818 1333 4870 unius
1346 4818 1430 4884 puncti
1449 4818 1484 4869 ret
