3692 5842
363 468 426 536 150
831 470 1022 536 Paralipomana
1039 472 1064 520 in
1083 470 1251 521 Vitellionem.

360 650 433 705 dium
454 649 566 704 attinet.
588 665 690 719 quaero
711 666 818 702 rursum
840 652 910 720 quod
932 659 1034 703 antea:
1057 650 1084 704 Si
1107 650 1222 703 medium
1243 657 1287 704 est
1307 640 1343 705 a'd
1364 650 1563 704 informandum
1585 648 1718 712 auditura,

360 748 410 784 cur
430 746 498 799 puro
520 735 586 783 adro
609 729 693 782 latius
715 747 797 783 sonus
819 732 971 800 spargitur,
995 731 1121 800 numquid
1143 732 1208 799 quia
1230 730 1347 784 materia
1367 747 1463 784 sonum
1484 730 1618 799 impedit?
1639 747 1718 783 omne

360 827 426 864 vero
453 810 586 874 medium,
614 827 667 880 quo
688 810 776 881 magis
805 811 920 864 medium
943 811 994 863 dici
1016 819 1150 872 meretur,
1180 811 1232 863 hoc
1253 812 1341 881 magis
1369 810 1546 864 materiatum
1566 819 1633 862 estt
1664 810 1719 862 Cur

360 891 426 945 item
448 891 469 943 si
491 891 606 944 medium
630 891 728 944 format
750 891 881 954 auditum,
904 892 1005 944 rectius
1021 911 1036 943 e
1052 891 1203 960 propinquo
1226 891 1366 943 haurimus
1387 908 1469 944 sonos
1491 907 1573 959 quant
1594 889 1719 943 eminus!

360 970 484 1025 decuisse
513 987 630 1040 namque
660 979 727 1038 puto
749 982 779 1023 ut
801 987 885 1024 causa
916 981 1000 1024 aucta
1030 979 1183 1041 augeretur
1212 973 1336 1023 effectus.
1379 972 1409 1024 ln
1435 970 1592 1024 universum
1623 969 1719 1040 itaque

361 1051 502 1106 sensionea
524 1069 617 1104 omnes
637 1052 706 1103 liunt
727 1068 786 1103 cum
808 1052 915 1119 patitur
937 1051 1154 1104 instrumentum.
1188 1051 1225 1104 [ἰ
1245 1068 1310 1103 rero
1332 1068 1350 1104 a
1369 1052 1453 1105 rebus
1474 1050 1638 1104 absentibus
1659 1050 1719 1119 pati

361 1139 483 1202 possent,
505 1132 656 1185 effluxuum
677 1131 750 1183 ratio
779 1131 935 1183 introducta
960 1141 1015 1192 est,
1040 1139 1070 1183 ut
1092 1133 1163 1200 quod
1185 1148 1203 1183 a
1224 1132 1306 1183 rebus
1335 1131 1401 1200 ipsis
1424 1148 1477 1184 non
1503 1130 1597 1199 potuit
1618 1147 1635 1182 a
1656 1147 1720 1198 spe·

361 1212 455 1267 clebus
486 1219 686 1280 praestaretur.
730 1210 821 1262 Media
843 1228 907 1262 vero
930 1212 991 1263 sola
1020 1219 1137 1264 naturae
1169 1211 1336 1263 necessitate
1364 1220 1427 1263 sunt
1453 1212 1487 1263 ad
1517 1211 1719 1263 excludendum

363 1309 487 1346 vacuum.
530 1292 607 1353 Quae
629 1308 689 1342 cum
710 1290 858 1343 effluxibus
880 1303 973 1343 essent
1000 1290 1192 1359 impedimento
1222 1292 1330 1352 futura,
1358 1293 1496 1360 depurata
1516 1298 1546 1343 et
1571 1290 1720 1342 distributa

363 1380 445 1427 sunt:
468 1372 606 1441 pellucida
626 1370 734 1423 scilicet
754 1378 817 1423 sunt
839 1371 922 1432 sacta,
947 1371 997 1424 hoc
1018 1382 1061 1424 est
1083 1378 1241 1432 attenuata,
1264 1372 1426 1425 cotttinuata
1447 1379 1476 1424 et
1496 1371 1667 1430 decolorata
1690 1381 1721 1422 ut

363 1453 413 1507 lux
434 1458 530 1521 posset
550 1468 711 1513 commeare,
734 1459 763 1504 et
784 1451 929 1504 odorantia
943 1451 1125 1521 annuntiatque
1141 1451 1168 1504 in
1189 1457 1254 1503 aere
1274 1453 1434 1513 constituta,
1450 1462 1481 1504 ut
1495 1459 1524 1503 et
1538 1452 1593 1504 bae
1614 1449 1720 1519 species

363 1533 459 1602 spargi
481 1539 602 1600 possent.

452 1612 604 1682 sequentes
626 1618 746 1682 quatuor
764 1610 920 1663 sententiae
940 1610 1183 1663 contradictionem
1203 1611 1316 1671 habent,
1336 1626 1417 1679 quam
1431 1609 1619 1664 aristotelicis
1638 1611 1720 1664 relin-

364 1709 418 1764 quo
440 1691 654 1750 discutiendam
678 1692 703 1744 in
730 1690 772 1744 18.
794 1690 900 1759 quidem
923 1689 991 1743 nibil
1011 1692 1151 1752 desidero,
1178 1708 1317 1743 commune
1339 1690 1479 1758 quippiam
1500 1690 1606 1743 habere
1628 1691 1721 1761 ignem

364 1781 394 1825 et
414 1773 504 1825 lucem
525 1773 683 1825 coelestem.
717 1771 753 1823 Et
775 1771 916 1823 sententia
939 1771 982 1824 19.
1005 1772 1041 1823 ab
1063 1771 1239 1839 experientia
1258 1779 1302 1823 est
1323 1772 1458 1823 desumto.
1500 1770 1614 1832 Sidera,
1638 1770 1719 1841 ignis.

364 1852 444 1923 ligna
464 1851 559 1920 putria
579 1860 608 1905 et
629 1850 783 1920 hujusmodi
805 1852 839 1902 de
864 1862 944 1903 nocte
973 1862 1128 1904 cernuntur.
1171 1851 1302 1919 Quodque
1324 1849 1490 1902 Aristoteles
1511 1850 1653 1904 sententia
1674 1850 1720 1902 20.

363 1931 422 2003 igni
444 1931 541 1985 tribuit
562 1949 611 1985 suo
633 1933 718 1992 modo,
742 1930 832 1983 tribuo
854 1939 884 1982 et
904 1947 959 2000 ego
982 1948 1048 1984 meo.
1090 1931 1145 2000 lpsi
1167 1939 1196 1982 et
1218 1930 1290 2000 ignis
1312 1929 1441 1982 informat
1463 1930 1589 1992 medium,
1611 1932 1644 1982 de
1666 1946 1720 2000 quo

363 2027 462 2080 supra.
493 2012 558 2065 mihi
585 2019 614 2065 et
641 2012 713 2081 ignis
743 2010 868 2063 illustrat
898 2011 1013 2062 colores.
1055 2015 1093 2063 At
1123 2010 1189 2064 lacit
1216 2010 1269 2063 hoc
1297 2010 1358 2062 ideo
1382 2009 1544 2071 Aristoteli.
1576 2011 1643 2080 quia
1661 2030 1723 2082 φας

362 2092 486 2165 lanosae,
505 2099 535 2144 et
553 2112 615 2164 φυς
635 2103 677 2144 est
700 2091 816 2160 energia
836 2091 983 2159 perspicui.
1029 2092 1127 2142 l'erum
1157 2090 1308 2144 (sententia
1329 2089 1438 2142 ultimal
1460 2107 1513 2143 non
1542 2090 1650 2143 faciunt
1670 2091 1722 2144 hor

363 2170 443 2242 ligna
457 2171 558 2239 putria,
581 2172 700 2225 haedina
714 2170 807 2232 salita,
830 2186 901 2239 quae
916 2178 1023 2223 tantum
1039 2174 1190 2241 (lapsana)
1212 2171 1367 2239 splendent.
1396 2170 1472 2238 Ergo
1486 2169 1557 2222 haec
1571 2181 1723 2223 cernuntur

364 2256 431 2306 aare
453 2269 505 2304 non
527 2259 592 2305 actu
613 2250 774 2320 perspicuo:
804 2251 853 2302 lux
874 2250 947 2302 enim
968 2262 1011 2302 est
1040 2262 1117 2303 actus
1144 2250 1281 2318 perspicui
1303 2259 1331 2302 et
1354 2249 1423 2301 haec
1445 2250 1535 2302 abest.
1578 2250 1632 2303 llic
1651 2267 1721 2321 ergo

363 2330 432 2385 nihil
453 2332 548 2384 oculus
570 2348 587 2384 a
607 2331 694 2384 medio
716 2330 831 2398 patitur.
867 2334 906 2382 At
927 2348 976 2383 nec
998 2347 1015 2382 a
1035 2348 1065 2383 re
1088 2330 1149 2398 ipsa
1170 2347 1241 2400 quac
1262 2330 1357 2382 distat.
1400 2329 1453 2382 Sed
1474 2347 1527 2382 nec
1546 2331 1585 2382 ab
1606 2330 1721 2388 effluxu.

364 2427 444 2483 quctn
474 2421 563 2481 negat
587 2411 763 2463 Aristoteles.
805 2410 849 2463 Fit
877 2409 963 2479 igitur
988 2411 1056 2462 risio
1087 2410 1154 2462 nihil
1186 2410 1309 2478 patiente
1337 2409 1426 2461 oculo.
1469 2409 1566 2462 Potest
1594 2410 1667 2463 idem
1694 2423 1722 2462 et

366 2491 523 2546 tententiae
547 2492 591 2544 14.
614 2490 705 2558 objici.
742 2490 770 2543 Si
792 2489 900 2542 omnino
917 2491 976 2543 sine
991 2498 1108 2543 externo
1129 2490 1216 2543 tuedlo
1238 2490 1306 2542 risio
1327 2506 1380 2541 non
1402 2490 1551 2557 perficitur,
1573 2490 1620 2558 qui
1640 2490 1673 2544 bt
1693 2499 1724 2542 ut

364 2570 425 2643 quis
447 2587 556 2624 suorum
582 2571 720 2623 oculorum
752 2582 913 2622 nocturnam
939 2570 1163 2623 scintillationem
1190 2570 1296 2629 rideat.
1328 2585 1399 2638 quae
1427 2569 1501 2622 intra
1526 2571 1636 2623 oculum
1657 2575 1723 2622 est?

365 2650 394 2705 Si
415 2652 491 2704 dicas
513 2651 654 2705 humorem
675 2650 745 2702 oculi
767 2667 828 2702 esse
850 2667 900 2718 pro
922 2650 1023 2710 medio,
1045 2667 1145 2719 regere
1167 2667 1233 2720 ego,
1263 2667 1345 2718 posse
1367 2649 1450 2701 etiam
1476 2667 1539 2702 esse
1561 2650 1622 2702 loco
1643 2649 1723 2702 medii

364 2732 399 2787 ad
421 2747 478 2785 rent
500 2737 646 2784 externam
667 2730 824 2792 ridendam,
854 2748 914 2783 curn
936 2731 985 2784 illa
1014 2731 1150 2799 contingit
1176 2730 1292 2782 oculum.
1335 2729 1412 2782 Ilaec
1438 2739 1531 2783 autem
1558 2746 1614 2799 quo
1635 2730 1723 2783 minus

365 2810 501 2873 rideatur,
522 2826 637 2864 causant
659 2812 737 2862 all'ert
759 2810 926 2863 Aristoteles
948 2811 1084 2864 defectum
1106 2811 1185 2863 medii
1207 2809 1327 2862 externi.

453 2907 527 2961 Satis
553 2907 615 2960 hinc
646 2916 736 2975 patet,
769 2908 892 2960 omnibus
924 2926 993 2976 pene
1024 2908 1167 2962 sententiis
1199 2907 1330 2960 dissidere
1360 2906 1465 2974 opticos
1492 2907 1528 2958 ab
1558 2906 1721 2959 Aristotele.

365 2988 482 3056 Oportet
504 3004 572 3058 ergo
594 2988 621 3040 in
643 2987 726 3055 ipsius
748 2989 1035 3058 argumentationibus
1057 2989 1151 3040 vitium
1173 2989 1272 3050 inesse,
1295 3004 1362 3056 quas
1380 2985 1440 3053 jam
1463 2988 1633 3053 pondernbo.

456 3075 547 3129 Series
570 3076 640 3128 haec
661 3084 713 3129 est.
730 3078 751 3130 1.
789 3078 904 3130 inomni
921 3096 1049 3132 sensuro
1070 3083 1252 3146 αισθητηριον
1272 3079 1308 3130 ab
1330 3078 1423 3145 aliquo
1444 3082 1568 3146 clcdqrqs
1588 3089 1721 3131 moretur.

365 3156 419 3209 Est
439 3156 510 3208 enim
532 3174 628 3208 sensus
651 3157 751 3224 passio.
775 3175 827 3210 non
843 3159 950 3227 quidem
972 3175 1041 3227 quae
1058 3161 1091 3209 nd
1108 3167 1225 3230 qdopns·
1244 3160 1290 3209 sed
1313 3174 1384 3227 quae
1400 3172 1416 3208 a
1431 3158 1559 3226 potentia
1574 3158 1601 3210 in
1622 3171 1722 3216 actutu.

366 3235 461 3289 similis
483 3234 640 3297 dilucescet.
663 3255 716 3289 non
738 3245 828 3290 tamen
850 3236 1007 3298 ἅλλοιωσις.
1050 3241 1117 3306 Cap.
1143 3239 1169 3290 ι’).

452 3317 533 3370 Visus
555 3326 598 3369 est
620 3334 724 3370 sensus.
753 3319 829 3388 Ergo
845 3327 873 3370 ct
889 3320 914 3369 in
930 3319 1016 3371 visunt
1038 3329 1163 3370 moretur
1178 3338 1208 3371 ro
1235 3322 1414 3389 cluaqrqpcoa
1429 3317 1465 3369 ab
1480 3317 1575 3386 aliquo
1590 3322 1721 3385 αἱσθηιῳ.

443 3397 476 3450 ll.
506 3397 588 3450 Color
608 3397 630 3448 si
652 3398 730 3450 oculo
752 3400 933 3451 admoveatur
954 3416 1006 3450 non
1029 3399 1145 3451 ridetur.
1180 3399 1256 3467 Ergo
1278 3398 1393 3449 ntedium
1414 3396 1564 3465 requiritur
1585 3406 1618 3450 ut
1640 3399 1721 3450 inter·

363 3475 459 3530 veniat
479 3477 506 3530 in
527 3477 641 3530 risione.
684 3478 712 3529 ld
735 3479 880 3531 roboratur
901 3478 1034 3547 analogia
1056 3489 1208 3531 ceterorum
1230 3494 1365 3530 sensuum.

450 3558 496 3610 lll
527 3557 616 3627 lgitur
637 3565 687 3610 aut
713 3558 788 3609 color
809 3568 850 3609 est
873 3567 921 3610 aut
949 3559 1081 3621 medium,
1112 3561 1182 3627 quod
1209 3559 1295 3609 risum
1322 3565 1420 3611 moret.
1464 3558 1525 3610 Non
1554 3574 1621 3610 reru
1647 3561 1721 3612 color

360 3634 503 3706 (intelligo
525 3637 589 3706 quia
614 3637 761 3705 interjecto
788 3638 875 3690 medio
897 3655 949 3689 non
972 3640 1064 3708 tangit
1085 3638 1116 3692 ιὸ
1136 3637 1327 3705 αἰιιθηιηριον.
1349 3639 1440 3690 ιιιιΙΙιιιι
1462 3654 1526 3690 vero
1549 3651 1641 3691 motus
1662 3639 1720 3691 sine

360 3713 515 3780 contactu).
558 3718 733 3785 Relinquitur
754 3733 822 3787 ergo
842 3717 967 3774 medium.
991 3722 1060 3787 quod
1082 3731 1190 3771 moveat
1214 3717 1243 3773 ιό
1263 3716 1452 3788 ιὶισθηιηριον.

449 3796 496 3848 lv.
527 3798 604 3857 Quod
627 3810 715 3850 movet
739 3816 791 3850 non
814 3815 863 3865 per
879 3819 924 3858 se,
949 3798 973 3849 id
996 3810 1084 3851 tuoset
1108 3800 1172 3869 quia
1195 3800 1269 3867 prius
1291 3800 1327 3850 ab
1349 3799 1403 3850 alio
1425 3804 1558 3853 moretur.
1602 3799 1720 3853 bladium

360 3885 452 3928 noret
473 3875 560 3928 risum
582 3894 635 3929 non
656 3893 707 3944 per
728 3895 766 3939 se,
789 3878 854 3944 quin
874 3878 966 3931 colore
988 3891 1070 3932 rarat
1092 3880 1189 3948 ipsum.
1233 3880 1327 3932 lloret
1350 3878 1436 3948 igitur
1462 3887 1563 3931 metunt
1586 3879 1663 3946 prius
1685 3881 1721 3932 ab

360 3953 430 4016 alio,
461 3954 565 4008 scilicet
596 3956 748 4010 coloratum
769 3974 785 4010 n
807 3957 913 4018 colore,
946 3958 1003 4010 sire
1032 3962 1101 4028 quod
1134 3961 1201 4012 idem
1226 3973 1269 4011 est
1297 3959 1372 4010 color
1402 3957 1523 4022 (risibile
1552 3958 1721 4012 confessuml

363 4042 455 4089 moret
475 4035 601 4090 medium.

449 4115 481 4167 V.
513 4116 595 4169 Color
615 4127 707 4169 tuoret
736 4117 851 4169 medium
873 4120 906 4170 ad
933 4118 1032 4178 risum.
1065 4119 1135 4187 quod
1166 4118 1330 4186 pellucidum
1356 4118 1485 4170 dicimus:
1518 4127 1549 4170 at
1570 4119 1648 4172 color
1668 4135 1721 4172 non

359 4203 452 4249 moret
472 4196 587 4250 medium
610 4199 802 4266 quodcunque.
826 4199 846 4249 si
870 4198 895 4250 iu
919 4199 1040 4250 tenebris
1062 4198 1168 4251 existat
1190 4199 1348 4266 (intelligo,
1371 4198 1436 4266 quia
1457 4198 1483 4250 in
1506 4198 1630 4251 tenebris
1654 4199 1721 4251 risio

361 4275 440 4332 nulla
461 4275 607 4345 sequiturl.
650 4278 726 4346 Ergo
749 4277 863 4331 medium
887 4279 1061 4331 tenebrosum
1083 4289 1195 4332 nonest
1216 4279 1398 4346 pellucidum:
1420 4296 1469 4330 seu
1488 4280 1559 4348 quod
1582 4279 1654 4333 idem
1668 4291 1721 4338 cst,

359 4358 410 4408 adr
430 4364 459 4409 ct
481 4356 635 4423 hujusmodl
658 4357 684 4410 iu
707 4357 829 4409 tenebris
851 4360 969 4410 nondum
991 4368 1033 4410 est
1056 4359 1217 4426 pellucidus.

448 4436 495 4489 l'l.
525 4435 610 4504 thjus
626 4437 759 4489 tenebrae
775 4450 837 4489 sunt
852 4439 980 4506 privatio,
1003 4438 1064 4504 ejus
1080 4440 1128 4491 lux
1144 4451 1185 4490 est
1206 4438 1325 4492 habitus.
1344 4436 1409 4507 quia
1424 4439 1493 4490 haec
1508 4438 1721 4494 doxtelvcms.

357 4512 412 4568 Sed
433 4516 566 4570 tenebrae
587 4523 652 4568 sunt
675 4516 794 4584 privatio
816 4517 954 4585 pellucidi.
976 4528 1007 4570 ut
1029 4521 1106 4571 ruodo
1128 4519 1292 4578 conclusum,
1316 4535 1384 4586 ergo
1407 4518 1455 4570 lux
1470 4531 1513 4570 est
1535 4519 1650 4572 habitus
1672 4535 1720 4570 seu

357 4600 436 4648 ulna
459 4594 598 4663 pellucidl.
621 4624 659 4633 —
681 4597 835 4664 Responsio
857 4599 890 4649 ad
913 4598 983 4650 llaec
1004 4609 1178 4668 argumenta.

448 4691 565 4746 Primum
595 4695 729 4761 approbo.
772 4694 864 4748 Solum
887 4694 939 4746 hoc
967 4696 1057 4748 obiter
1083 4697 1151 4747 addo
1173 4712 1226 4747 non
1259 4696 1311 4747 deb
1331 4713 1359 4747 re
1387 4705 1443 4748 tam
1475 4695 1595 4748 sollicite
1621 4713 1721 4749 carere

357 4770 545 4831 Aristotelem.
567 4790 601 4825 ne
622 4773 691 4826 visio
712 4775 823 4826 allectet
846 4775 969 4843 aliquam
991 4783 1125 4846 pauper:
1152 4775 1229 4845 quasi
1251 4776 1302 4827 hoc
1324 4776 1465 4846 indignum
1487 4776 1524 4828 sit
1546 4777 1580 4828 do
1601 4795 1637 4828 eo
1658 4794 1720 4829 sen·

356 4848 419 4914 fite,
441 4852 512 4921 quod
533 4854 627 4907 datum
648 4867 691 4906 est
712 4854 898 4907 animantibus
922 4857 956 4906 ud
979 4857 1107 4907 sulutem.
1151 4856 1266 4908 (lumino
1293 4873 1425 4925 uanique,
1457 4858 1528 4925 quod
1551 4856 1603 4908 hoc
1624 4857 1720 4925 capite

357 4937 497 4986 nunaunt
518 4942 574 4993 est,
601 4934 650 4988 lux
672 4933 808 5002 capitales
835 4933 990 4988 inimicitius
1019 4944 1131 4987 exercet
1154 4953 1213 4987 cum
1235 4936 1306 4988 omrri
1328 4936 1461 4997 lucteris,
1485 4937 1636 5004 praecipue
1657 4952 1719 4990 cun

356 5005 499 5080 ninam
518 5012 638 5078 familia.
665 5029 737 5085 quse
758 5020 823 5068 sunt
843 5015 924 5084 quasi
952 5015 1116 5070 materiatae
1144 5017 1286 5068 tenebrae.
1329 5016 1431 5070 Oculus
1461 5031 1528 5070 rere
1548 5025 1580 5070 et
1599 5014 1721 5072 masis
