3692 5842
762 512 818 548 enm
837 496 935 548 Nuneio
955 495 1064 548 Sidereo.
1526 497 1592 566 497

229 667 346 750 liquido
369 669 500 733 minime.
541 669 656 734 contra
679 674 859 736 tenebrosae
883 684 987 755 partes
1006 681 1096 736 notae
1122 674 1286 755 antiquitus
1312 682 1383 738 sunt
1406 676 1590 755 aequabiles,

229 758 413 822 tenebrosae
435 769 541 840 partes
564 762 651 822 tarde
676 763 892 839 illuminantur,
923 765 1001 844 quod
1031 783 1132 825 earum
1164 765 1263 842 arguit
1287 764 1499 839 humilitatem,
1524 785 1590 828 curu

228 847 463 911 circumstantes
501 850 666 912 eminentes
690 853 754 930 jam
791 854 879 932 longe
917 856 1038 933 lateque
1076 854 1259 925 colluceant,
1298 861 1328 914 et
1365 874 1384 914 a
1420 853 1591 917 tenebrosis

227 934 410 1000 illuminatis
434 938 551 1018 nigrore
577 940 715 1018 quodam,
740 942 824 1002 velut
847 944 962 1017 umbra,
987 942 1234 1020 distinguantur;
1258 942 1338 1003 linea
1361 941 1590 1005 illuminationis

227 1023 258 1088 iu
273 1034 363 1105 parte
384 1027 544 1089 tenebrosa
559 1036 643 1088 recta
658 1037 706 1090 est
720 1030 748 1090 in
770 1032 908 1110 quadris:
935 1050 1010 1111 quae
1034 1031 1167 1091 vicissim
1184 1031 1211 1091 in
1232 1031 1384 1092 humorem
1405 1040 1587 1110 competunt,

227 1111 292 1176 lma
313 1123 468 1195 petentem
492 1125 524 1177 et
546 1118 677 1195 pondere
702 1138 755 1179 suo
781 1120 878 1180 fusum
902 1121 940 1179 ad
966 1119 1183 1198 aequilibrium.

317 1203 376 1266 His
400 1203 521 1284 inquam
546 1207 730 1286 argumentis
749 1209 838 1287 plane
863 1208 1062 1269 satisfecisti:
1088 1209 1135 1283 do,
1160 1207 1293 1268 maculas
1316 1226 1383 1268 esse
1407 1207 1512 1282 maria,
1539 1207 1587 1283 do,

227 1290 348 1354 lucidas
375 1302 480 1376 partes
505 1313 573 1355 esse
603 1303 726 1358 terram.
774 1297 878 1377 Neque
903 1298 978 1358 lraec
1010 1306 1061 1357 tua
1090 1296 1295 1375 experimenta
1324 1296 1589 1376 perspicacissima

226 1379 279 1442 vel
302 1399 370 1443 meo
394 1382 488 1461 ipsius
512 1383 684 1445 testimonio
705 1396 819 1446 carent.
857 1387 935 1447 Nam
957 1386 1006 1446 tol.
1022 1382 1097 1448 285.
1119 1385 1244 1464 Optices
1264 1403 1349 1447 rueae
1369 1385 1463 1445 habes
1483 1386 1587 1448 Lunae

225 1465 366 1531 bicectae
386 1471 496 1532 lineam
521 1479 698 1547 tortuosam,
720 1493 833 1553 exque
854 1474 940 1536 elicui
966 1475 1142 1535 eminentias
1163 1482 1193 1535 et
1212 1473 1422 1553 depressiones
1437 1473 1466 1534 in
1482 1473 1587 1536 Lunae

225 1575 365 1638 corpore.
417 1557 580 1624 r01.286.
612 1563 737 1623 exhibeo
762 1564 879 1625 Lunam
904 1564 932 1624 in
962 1563 1081 1642 eclipsi,
1114 1564 1210 1641 figura
1240 1561 1372 1622 laniatae
1404 1562 1503 1623 carnis
1536 1571 1589 1623 aut

224 1647 342 1708 asseris
367 1649 522 1720 confracti,
549 1651 632 1710 striis
657 1650 762 1712 lucidis
787 1672 853 1713 sese
877 1652 906 1711 in
932 1661 1046 1730 partem
1076 1651 1244 1712 umbrosam
1270 1650 1504 1724 insinuantibus,
1529 1670 1588 1730 qua

225 1733 441 1798 observatione
471 1737 549 1799 idem
581 1749 678 1800 tecum
702 1741 754 1801 sed
780 1741 839 1802 alio
870 1741 1038 1820 argumenti
1070 1759 1180 1817 genere
1209 1739 1330 1812 evinco,
1355 1740 1459 1800 Lunae
1482 1746 1586 1818 partes

225 1824 403 1904 inaequales
426 1845 504 1896 esse,
529 1827 584 1887 bas
609 1829 791 1903 eminentes,
825 1829 894 1889 illas
917 1830 1102 1908 profundas3
1134 1848 1192 1889 non
1219 1828 1280 1907 jam
1304 1847 1342 1887 ex
1365 1828 1487 1890 umbrae
1511 1846 1584 1907 pro-

224 1911 370 1991 jectione,
396 1915 450 1975 sed
474 1934 511 1975 ex
536 1934 581 1990 eo,
608 1918 684 1997 quod
710 1918 898 1978 debilitatum
913 1918 995 1979 Solis
1019 1918 1134 1978 radium
1155 1917 1183 1977 in
1209 1916 1335 1978 confinio
1359 1915 1481 1994 eclipsis
1505 1916 1583 1977 aliae

224 2000 333 2064 Lunae
357 2010 461 2080 partes
486 2004 602 2078 fortius,
628 2006 705 2065 aliae
726 2006 853 2067 debilius
878 2007 1030 2085 excipiunt
1049 2015 1080 2067 et
1103 2005 1267 2067 revibrant.
1306 2004 1349 2065 At
1367 2004 1442 2065 haec
1461 2004 1584 2066 contuse

224 2097 347 2152 tanturn
372 2100 403 2152 et
426 2094 627 2170 superficiarie
653 2116 670 2155 a
694 2115 740 2155 me
765 2103 910 2156 annotata
934 2105 1018 2166 sunt,
1043 2094 1125 2156 nulla
1149 2093 1342 2155 distinctione
1366 2093 1583 2155 maculosarnm

224 2178 357 2260 partium
382 2201 400 2240 a
424 2181 540 2242 lucidis.
588 2183 653 2243 Tua
678 2203 747 2245 vero
772 2185 930 2262 diligentia
954 2204 1041 2263 quam
1066 2184 1227 2245 ordinatim
1252 2182 1350 2243 omnia
1376 2181 1583 2261 persequitur!

224 2263 285 2340 Qui
301 2268 393 2330 etiam
410 2272 544 2332 maculas
567 2271 648 2350 ipsas
671 2281 788 2333 veteres
813 2273 1014 2334 albicantibus
1037 2272 1147 2334 areolis
1176 2270 1383 2351 aequabilibus
1407 2290 1461 2331 ceu
1488 2270 1585 2331 maria

224 2355 327 2437 planis
350 2358 455 2420 insulis
480 2359 687 2422 interstinctas
712 2361 847 2422 exhibes.

316 2446 421 2525 Neque
441 2448 517 2510 satis
533 2450 633 2510 mirari
657 2470 790 2529 possum,
815 2451 884 2531 qnid
904 2451 961 2511 sibi
983 2448 1057 2509 velit
1077 2449 1183 2527 ingens
1204 2448 1257 2508 illa
1280 2447 1448 2525 circuloque
1472 2451 1581 2506 rotun-

224 2533 296 2596 datu
315 2536 433 2596 cavitas
457 2538 486 2597 in
512 2538 644 2612 sinistro,
669 2547 703 2599 ut
727 2540 807 2619 loqui
831 2541 923 2612 soleo,
950 2537 1010 2599 oris
1035 2538 1164 2615 angulo:
1190 2545 1355 2597 naturaene
1379 2554 1454 2612 opus
1478 2534 1520 2595 sit
1543 2553 1582 2595 an

224 2641 329 2686 manus
354 2625 500 2687 artificis?
514 2620 540 2699 ⁸)
565 2628 643 2690 Nam
668 2630 802 2706 profecte
827 2637 1060 2689 consentaneum
1077 2634 1133 2700 est,
1159 2626 1184 2686 si
1200 2633 1271 2685 sunt
1290 2624 1318 2684 in
1334 2624 1421 2684 Luna
1443 2624 1582 2684 viventes

224 2722 382 2774 creaturae
406 2716 481 2793 (qua
504 2714 531 2775 in
564 2716 692 2776 materia
721 2716 792 2777 milri
824 2725 892 2795 pust
916 2715 1120 2797 Pythagoram
1145 2724 1177 2775 et
1199 2713 1392 2774 Plutarchum
1419 2712 1483 2789 jam
1511 2711 1581 2772 olim

224 2797 415 2865 rnn01593.
441 2802 595 2881 Tubingae
611 2806 725 2884 scripta
750 2799 1002 2883 disputatione,⁹)
1028 2803 1095 2863 inde.
1121 2804 1149 2864 in
1175 2800 1294 2881 Opticis
1323 2802 1397 2861 meis
1427 2800 1478 2860 sot.
1503 2797 1580 2863 286.

224 2899 251 2952 st
278 2892 447 2969 nuperrime
480 2892 507 2952 in
534 2893 708 2971 supradicta
726 2895 913 2972 geographia
928 2893 1039 2953 Lunari
1062 2892 1162 2952 ludere
1186 2890 1325 2970 placuit),
1346 2889 1414 2950 illas
1430 2888 1579 2968 ingenium

224 2997 295 3042 suae
320 2980 491 3058 provinciae
514 2980 640 3054 imitari,
670 3002 745 3062 qnae
770 2983 863 3044 multo
894 2982 1024 3059 majores
1055 2980 1148 3041 habet
1175 2987 1293 3041 montes
1317 2985 1349 3038 et
1371 2977 1468 3038 valles
1492 2996 1581 3057 qnam

224 3077 327 3130 nostra
358 3068 479 3138 Tellus,
513 3070 638 3149 ideoque
667 3072 743 3131 mole
782 3091 937 3150 corporum
967 3069 1097 3130 maxima
1127 3070 1284 3148 praeditas
1317 3067 1460 3128 immania
1488 3066 1580 3141 etiam

224 3173 315 3236 spera
347 3166 492 3236 patrare3
525 3178 648 3239 cumque
678 3161 756 3221 diem
788 3161 922 3221 babeant
953 3156 991 3221 15
1018 3169 1137 3219 nostros
1168 3159 1232 3219 dies
1266 3158 1385 3235 longam
1417 3163 1579 3234 aestusque

224 3245 357 3308 sentiant
390 3246 610 3322 intolerabiles,
644 3257 674 3310 et
704 3251 834 3311 fortasse
862 3256 987 3310 careant
1021 3248 1170 3325 lapidibus
1194 3248 1233 3306 ad
1261 3245 1441 3307 munitiones
1474 3251 1580 3304 contra

224 3331 324 3398 Solem
340 3334 508 3413 erigendas,
529 3345 561 3397 at
576 3346 683 3398 contra
697 3337 816 3415 glebam
833 3339 934 3398 forsan
951 3337 1084 3397 habeant
1098 3338 1127 3396 in
1143 3335 1261 3396 modum
1281 3334 1406 3412 argillae
1426 3340 1577 3393 tenacem:

224 3425 298 3486 hanc
322 3423 414 3502 igitur
446 3424 506 3485 illis
539 3426 716 3487 aedificandi
750 3427 895 3488 rationem
931 3426 1075 3486 usitatam
1108 3444 1192 3493 esse,
1232 3433 1264 3483 ut
1294 3441 1416 3501 campos
1440 3420 1578 3498 ingentes

224 3511 407 3592 ieprimant,
432 3520 513 3574 terra
536 3514 647 3576 circulo
672 3524 778 3594 egesta
798 3525 829 3578 et
852 3514 1040 3587 circumfusa,
1066 3515 1142 3575 torte
1168 3520 1199 3573 et
1222 3511 1352 3572 humoris
1376 3510 1404 3570 in
1428 3508 1576 3587 profundo

224 3600 361 3664 eliciendi
386 3621 498 3676 causa;
527 3611 559 3663 ut
583 3604 628 3665 ita
652 3605 680 3664 in
703 3605 850 3683 profundo
874 3612 945 3683 post
973 3604 1102 3664 tumulos
1130 3609 1252 3681 egestos
1275 3599 1304 3660 in
1329 3599 1432 3659 umbra
1459 3597 1577 3658 lateant

224 3681 363 3770 lutusque
403 3691 440 3751 ad
471 3702 583 3753 motum
616 3693 696 3755 Solis
730 3702 761 3753 et
792 3694 849 3773 ipsi
882 3692 1149 3753 circumambulent
1177 3689 1313 3750 umbram
1345 3692 1574 3757 consectantes;

224 3790 313 3860 atque
347 3780 422 3840 haec
455 3781 497 3842 sit
528 3781 589 3842 illis
623 3783 715 3843 veluti
749 3784 896 3861 quaedam
930 3781 1046 3860 species
1079 3780 1159 3841 urhis
1190 3777 1424 3847 subterraneae,
1458 3774 1574 3847 domus,

224 3869 383 3949 speluncae
402 3868 611 3944 creberrimae,
633 3871 663 3931 in
681 3871 862 3949 crepidinem
879 3872 960 3931 illam
981 3870 1155 3931 circularem
1175 3866 1306 3939 incisae;
1330 3884 1404 3945 ager
1418 3873 1449 3926 et
1464 3884 1578 3945 pascua

224 3958 249 4020 in
264 3957 374 4031 medio,
399 3966 431 4018 ut
446 3957 548 4019 Solem
571 3959 718 4039 thgientes
735 3982 752 4019 a
771 3961 904 4040 praediis
927 3969 1026 4021 tamen
1047 3958 1164 4036 longius
1180 3971 1240 4018 'non
1261 3963 1407 4033 cogantur
1425 3955 1576 4016 recedere.

310 4044 371 4108 Sed
396 4065 557 4126 sequamur
588 4067 675 4126 porro
708 4050 799 4110 etiam
830 4051 910 4110 filum
944 4060 1014 4109 tuae
1048 4046 1228 4126 scriptionis.
1276 4042 1415 4119 Quaeris,
1444 4064 1495 4105 cur
1518 4062 1577 4104 non

225 4135 387 4216 'naequalis
402 4137 494 4197 etiam
510 4145 656 4215 appareat
671 4147 821 4199 extremus
832 4139 937 4199 Lunae
952 4136 1103 4198 circulus?
1126 4134 1248 4208 Nescio,
1269 4153 1357 4213 quam
1372 4134 1402 4193 id
1418 4132 1577 4209 diligenter

224 4224 312 4288 tueris
336 4226 567 4304 contemplatus,
594 4246 669 4286 anne
693 4227 795 4305 potius
820 4227 866 4287 bic
891 4247 929 4287 ex
953 4226 1090 4304 opinione
1114 4224 1196 4302 vulgi
1220 4222 1369 4302 quaeras?
1397 4222 1474 4282 Nam
1499 4220 1575 4281 libro

224 4331 285 4376 neo
310 4313 364 4374 sot.
389 4310 464 4376 286.
490 4315 518 4376 in
549 4315 719 4394 pleniluniis
744 4316 856 4396 aliquid
879 4335 952 4376 sane
977 4315 1005 4374 in
1031 4314 1087 4374 hac
1112 4313 1225 4373 extima
1257 4308 1359 4371 circuli
1391 4308 1574 4388 perfectione

224 4401 393 4465 lesiderare
430 4423 476 4464 me
509 4404 662 4484 protessus
696 4423 771 4467 sum.
819 4404 995 4484 Perpende3
1029 4412 1061 4464 et
1094 4402 1163 4482 quid
1196 4398 1249 4461 tibi
1278 4399 1417 4459 videatur
1452 4397 1574 4471 iterato,

224 4491 358 4565 enuncia,
384 4493 444 4553 tuis
469 4492 546 4552 enim
570 4492 740 4554 ocularibus
764 4494 863 4556 fidam.
911 4500 1009 4563 (comp.
1033 4515 1055 4563 p.
1075 4494 1149 4558 475.)

309 4581 360 4641 Ad
385 4580 588 4659 quaestionem
614 4588 646 4643 tu
680 4584 797 4660 quidem
826 4591 859 4643 ut
887 4583 923 4642 de
949 4601 979 4641 re
1014 4587 1098 4640 certa
1130 4577 1293 4658 respondes
1323 4574 1441 4653 gemino
1474 4574 1573 4635 modo.

224 4667 336 4734 mnus
361 4669 436 4729 meis
460 4669 673 4748 experimentis
702 4690 759 4730 non
788 4678 946 4750 repugnat.
993 4670 1072 4732 Nam
1097 4668 1123 4728 si
1147 4664 1314 4746 frequentia
1337 4672 1368 4724 et
1390 4663 1573 4742 constipatio

224 4759 365 4822 rerticum
399 4757 524 4819 aliorum
556 4767 627 4838 post
660 4759 736 4820 alios
767 4759 796 4820 in
831 4767 964 4821 extremo
1002 4756 1196 4836 aspectabilis
1235 4752 1443 4831 hemisphaerii
1481 4752 1573 4813 limbo

224 4848 351 4930 speciem
376 4846 497 4908 exhibet
528 4848 654 4926 perfecti
686 4848 802 4921 circuli,
835 4848 897 4909 fieri
922 4868 980 4909 non
1004 4854 1122 4926 potest,
1156 4844 1214 4905 nisi
1238 4842 1366 4903 vertices
1391 4840 1429 4902 ad
1453 4850 1572 4902 tornum

224 4936 341 5018 requeti
366 4944 398 4997 et
421 4935 521 4997 abrasi
552 4937 630 5009 sint,
664 4946 778 4998 utnon
813 4937 975 4998 minutulae
1009 4935 1169 4997 nonnullae
1202 4931 1326 4993 rimulae
1351 4938 1403 4991 aut
1425 4929 1573 4992 tuberculi

224 5032 430 5107 rcrnpareant,
464 5025 542 5105 quod
575 5025 650 5087 meis
681 5026 851 5088 observatis
884 5033 968 5087 esset
1000 5031 1243 5086 consentaneum.
1289 5021 1325 5082 In
1356 5021 1453 5082 altero
1486 5019 1574 5084 modo

266 5128 496 5180 monna
1325 5121 1360 5184 ³²
