<?xml version="1.0" encoding="UTF-8"?>
<!DOCTYPE html PUBLIC "-//W3C//DTD XHTML 1.0 Transitional//EN"
    "http://www.w3.org/TR/xhtml1/DTD/xhtml1-transitional.dtd">
<html xmlns="http://www.w3.org/1999/xhtml" xml:lang="en" lang="en">
 <head>
  <title>
</title>
<meta http-equiv="Content-Type" content="text/html;charset=utf-8" />
  <meta name='ocr-system' content='tesseract 3.04.00' />
  <meta name='ocr-capabilities' content='ocr_page ocr_carea ocr_par ocr_line ocrx_word'/>
</head>
<body>
  <div class='ocr_page' id='page_1' title='image "./joanniskepleria01frisgoog/joanniskepleria01frisgoog_0286.png"; bbox 0 0 3692 5842; ppageno 0'>
   <div class='ocr_carea' id='block_1_1' title="bbox 345 468 1211 538">
    <p class='ocr_par' dir='ltr' id='par_1_1' title="bbox 345 468 1211 538">
     <span class='ocr_line' id='line_1_1' title="bbox 345 468 1211 538; baseline -0.002 -14"><span class='ocrx_word' id='word_1_1' title='bbox 345 468 414 538; x_wconf 72' lang='lat' dir='ltr'><strong>m</strong></span> <span class='ocrx_word' id='word_1_2' title='bbox 838 468 1211 537; x_wconf 60' lang='lat' dir='ltr'><strong>amma-Opica.</strong></span> 
     </span>
    </p>
   </div>
   <div class='ocr_carea' id='block_1_2' title="bbox 346 644 1708 1346">
    <p class='ocr_par' dir='ltr' id='par_1_2' title="bbox 346 644 1706 904">
     <span class='ocr_line' id='line_1_2' title="bbox 347 644 1706 727; baseline -0.001 -17"><span class='ocrx_word' id='word_1_3' title='bbox 347 664 406 727; x_wconf 86' lang='lat' dir='ltr'><strong>qno</strong></span> <span class='ocrx_word' id='word_1_4' title='bbox 429 644 585 710; x_wconf 77' lang='lat' dir='ltr'>sublimior</span> <span class='ocrx_word' id='word_1_5' title='bbox 605 654 655 707; x_wconf 87' lang='lat' dir='ltr'><strong>est</strong></span> <span class='ocrx_word' id='word_1_6' title='bbox 676 646 771 708; x_wconf 84' lang='lat' dir='ltr'><strong>centri</strong></span> <span class='ocrx_word' id='word_1_7' title='bbox 791 665 882 727; x_wconf 89' lang='lat' dir='ltr'><strong>qnam</strong></span> <span class='ocrx_word' id='word_1_8' title='bbox 904 647 1015 727; x_wconf 88' lang='lat' dir='ltr'><strong>reliqui</strong></span> <span class='ocrx_word' id='word_1_9' title='bbox 1035 647 1172 725; x_wconf 86' lang='lat' dir='ltr'><strong>corporis</strong></span> <span class='ocrx_word' id='word_1_10' title='bbox 1193 646 1388 719; x_wconf 75' lang='lat' dir='ltr'><strong>informatio,</strong></span> <span class='ocrx_word' id='word_1_11' title='bbox 1412 645 1469 709; x_wconf 78' lang='lat' dir='ltr'><strong>lae</strong></span> <span class='ocrx_word' id='word_1_12' title='bbox 1487 644 1597 710; x_wconf 65' lang='lat' dir='ltr'><strong>tortia</strong></span> <span class='ocrx_word' id='word_1_13' title='bbox 1614 646 1706 709; x_wconf 68' lang='lat' dir='ltr'><strong>sesa</strong></span> 
     </span>
     <span class='ocr_line' id='line_1_3' title="bbox 348 733 1706 816; baseline -0.001 -19"><span class='ocrx_word' id='word_1_14' title='bbox 348 735 445 798; x_wconf 81' lang='lat' dir='ltr'><strong>uentri</strong></span> <span class='ocrx_word' id='word_1_15' title='bbox 468 734 507 796; x_wconf 88' lang='lat' dir='ltr'><strong>ad</strong></span> <span class='ocrx_word' id='word_1_16' title='bbox 531 742 645 796; x_wconf 91' lang='lat' dir='ltr'><strong>certum</strong></span> <span class='ocrx_word' id='word_1_17' title='bbox 677 736 845 813; x_wconf 82' lang='lat' dir='ltr'><strong>superficiei</strong></span> <span class='ocrx_word' id='word_1_18' title='bbox 868 744 1020 814; x_wconf 89' lang='lat' dir='ltr'><strong>punctum,</strong></span> <span class='ocrx_word' id='word_1_19' title='bbox 1045 754 1134 816; x_wconf 89' lang='lat' dir='ltr'><strong>quam</strong></span> <span class='ocrx_word' id='word_1_20' title='bbox 1159 736 1365 799; x_wconf 81' lang='lat' dir='ltr'><strong>universorum</strong></span> <span class='ocrx_word' id='word_1_21' title='bbox 1386 733 1616 815; x_wconf 69' lang='lat' dir='ltr'><strong>mulleolum</strong></span> <span class='ocrx_word' id='word_1_22' title='bbox 1638 751 1706 796; x_wconf 85' lang='lat' dir='ltr'><strong>cor·</strong></span> 
     </span>
     <span class='ocr_line' id='line_1_4' title="bbox 346 822 865 904; baseline -0.004 -18"><span class='ocrx_word' id='word_1_23' title='bbox 346 822 430 904; x_wconf 82' lang='lat' dir='ltr'><strong>poris</strong></span> <span class='ocrx_word' id='word_1_24' title='bbox 452 832 629 903; x_wconf 91' lang='lat' dir='ltr'><strong>punctorum</strong></span> <span class='ocrx_word' id='word_1_25' title='bbox 652 833 701 883; x_wconf 91' lang='lat' dir='ltr'><strong>est</strong></span> <span class='ocrx_word' id='word_1_26' title='bbox 724 823 865 885; x_wconf 89' lang='lat' dir='ltr'><strong>radiatio.</strong></span> 
     </span>
    </p>

    <p class='ocr_par' dir='ltr' id='par_1_3' title="bbox 346 908 1708 1346">
     <span class='ocr_line' id='line_1_5' title="bbox 435 908 1707 992; baseline -0.001 -18"><span class='ocrx_word' id='word_1_27' title='bbox 435 911 581 991; x_wconf 79' lang='lat' dir='ltr'>Adeoque</span> <span class='ocrx_word' id='word_1_28' title='bbox 606 911 669 972; x_wconf 85' lang='lat' dir='ltr'><strong>lere</strong></span> <span class='ocrx_word' id='word_1_29' title='bbox 692 913 808 973; x_wconf 89' lang='lat' dir='ltr'><strong>unicum</strong></span> <span class='ocrx_word' id='word_1_30' title='bbox 833 920 969 974; x_wconf 83' lang='lat' dir='ltr'><strong>centrum</strong></span> <span class='ocrx_word' id='word_1_31' title='bbox 991 911 1127 990; x_wconf 86' lang='lat' dir='ltr'><strong>corporis</strong></span> <span class='ocrx_word' id='word_1_32' title='bbox 1146 908 1265 973; x_wconf 87' lang='lat' dir='ltr'><strong>Solaria</strong></span> <span class='ocrx_word' id='word_1_33' title='bbox 1289 918 1348 984; x_wconf 83' lang='lat' dir='ltr'><strong>eat,</strong></span> <span class='ocrx_word' id='word_1_34' title='bbox 1372 911 1452 992; x_wconf 83' lang='lat' dir='ltr'><strong>qaod</strong></span> <span class='ocrx_word' id='word_1_35' title='bbox 1474 918 1581 975; x_wconf 75' lang='lat' dir='ltr'><strong>mneos</strong></span> <span class='ocrx_word' id='word_1_36' title='bbox 1603 919 1707 973; x_wconf 75' lang='lat' dir='ltr'><strong>aerem</strong></span> 
     </span>
     <span class='ocr_line' id='line_1_6' title="bbox 349 998 1707 1079; baseline 0.001 -17"><span class='ocrx_word' id='word_1_37' title='bbox 349 1000 483 1063; x_wconf 84' lang='lat' dir='ltr'><strong>excitat:</strong></span> <span class='ocrx_word' id='word_1_38' title='bbox 517 1009 550 1060; x_wconf 84' lang='lat' dir='ltr'><strong>et</strong></span> <span class='ocrx_word' id='word_1_39' title='bbox 579 999 603 1059; x_wconf 90' lang='lat' dir='ltr'><strong>si</strong></span> <span class='ocrx_word' id='word_1_40' title='bbox 633 999 742 1061; x_wconf 90' lang='lat' dir='ltr'><strong>subeat</strong></span> <span class='ocrx_word' id='word_1_41' title='bbox 769 1000 898 1061; x_wconf 90' lang='lat' dir='ltr'><strong>animum</strong></span> <span class='ocrx_word' id='word_1_42' title='bbox 931 998 1094 1077; x_wconf 79' lang='lat' dir='ltr'><strong>cogitatio,</strong></span> <span class='ocrx_word' id='word_1_43' title='bbox 1130 998 1271 1079; x_wconf 87' lang='lat' dir='ltr'><strong>quidnam</strong></span> <span class='ocrx_word' id='word_1_44' title='bbox 1303 998 1450 1062; x_wconf 66' lang='lat' dir='ltr'><strong>iunearia</strong></span> <span class='ocrx_word' id='word_1_45' title='bbox 1478 998 1566 1063; x_wconf 79' lang='lat' dir='ltr'><strong>sotis</strong></span> <span class='ocrx_word' id='word_1_46' title='bbox 1599 1016 1707 1078; x_wconf 79' lang='lat' dir='ltr'><strong>corpus</strong></span> 
     </span>
     <span class='ocr_line' id='line_1_7' title="bbox 347 1087 1708 1169; baseline -0.001 -19"><span class='ocrx_word' id='word_1_47' title='bbox 347 1087 510 1169; x_wconf 79' lang='lat' dir='ltr'><strong>aspiciens,</strong></span> <span class='ocrx_word' id='word_1_48' title='bbox 534 1088 626 1148; x_wconf 93' lang='lat' dir='ltr'><strong>nolito</strong></span> <span class='ocrx_word' id='word_1_49' title='bbox 649 1088 782 1162; x_wconf 88' lang='lat' dir='ltr'><strong>credere,</strong></span> <span class='ocrx_word' id='word_1_50' title='bbox 806 1096 837 1148; x_wconf 90' lang='lat' dir='ltr'><strong>ts</strong></span> <span class='ocrx_word' id='word_1_51' title='bbox 860 1088 958 1149; x_wconf 90' lang='lat' dir='ltr'><strong>solam</strong></span> <span class='ocrx_word' id='word_1_52' title='bbox 981 1106 1103 1150; x_wconf 91' lang='lat' dir='ltr'><strong>cernere</strong></span> <span class='ocrx_word' id='word_1_53' title='bbox 1118 1087 1325 1165; x_wconf 78' lang='lat' dir='ltr'><strong>superficiem:</strong></span> <span class='ocrx_word' id='word_1_54' title='bbox 1349 1107 1409 1149; x_wconf 92' lang='lat' dir='ltr'><strong>nou</strong></span> <span class='ocrx_word' id='word_1_55' title='bbox 1429 1095 1520 1152; x_wconf 68' lang='lat' dir='ltr'><strong>unta</strong></span> <span class='ocrx_word' id='word_1_56' title='bbox 1533 1088 1582 1149; x_wconf 78' lang='lat' dir='ltr'><strong>vis</strong></span> <span class='ocrx_word' id='word_1_57' title='bbox 1600 1087 1708 1150; x_wconf 88' lang='lat' dir='ltr'><strong>lraeret</strong></span> 
     </span>
     <span class='ocr_line' id='line_1_8' title="bbox 346 1176 1706 1257; baseline -0.001 -18"><span class='ocrx_word' id='word_1_58' title='bbox 346 1178 378 1239; x_wconf 92' lang='lat' dir='ltr'><strong>iu</strong></span> <span class='ocrx_word' id='word_1_59' title='bbox 401 1176 613 1256; x_wconf 88' lang='lat' dir='ltr'><strong>superficiebus</strong></span> <span class='ocrx_word' id='word_1_60' title='bbox 627 1195 795 1255; x_wconf 89' lang='lat' dir='ltr'><strong>corporum,</strong></span> <span class='ocrx_word' id='word_1_61' title='bbox 820 1178 874 1238; x_wconf 88' lang='lat' dir='ltr'><strong>sed</strong></span> <span class='ocrx_word' id='word_1_62' title='bbox 897 1177 979 1238; x_wconf 90' lang='lat' dir='ltr'><strong>intus</strong></span> <span class='ocrx_word' id='word_1_63' title='bbox 1003 1176 1032 1237; x_wconf 93' lang='lat' dir='ltr'><strong>in</strong></span> <span class='ocrx_word' id='word_1_64' title='bbox 1051 1176 1198 1254; x_wconf 88' lang='lat' dir='ltr'><strong>proluudo</strong></span> <span class='ocrx_word' id='word_1_65' title='bbox 1222 1176 1308 1250; x_wconf 76' lang='lat' dir='ltr'><strong>latet,</strong></span> <span class='ocrx_word' id='word_1_66' title='bbox 1332 1184 1368 1238; x_wconf 90' lang='lat' dir='ltr'><strong>ut</strong></span> <span class='ocrx_word' id='word_1_67' title='bbox 1389 1176 1585 1257; x_wconf 80' lang='lat' dir='ltr'><strong>iurusgnata,</strong></span> <span class='ocrx_word' id='word_1_68' title='bbox 1610 1176 1706 1238; x_wconf 66' lang='lat' dir='ltr'><strong>mao-</strong></span> 
     </span>
     <span class='ocr_line' id='line_1_9' title="bbox 347 1262 1704 1346; baseline -0.002 -18"><span class='ocrx_word' id='word_1_69' title='bbox 347 1284 405 1346; x_wconf 89' lang='lat' dir='ltr'><strong>qne</strong></span> <span class='ocrx_word' id='word_1_70' title='bbox 428 1283 520 1343; x_wconf 91' lang='lat' dir='ltr'><strong>supra</strong></span> <span class='ocrx_word' id='word_1_71' title='bbox 543 1282 610 1344; x_wconf 92' lang='lat' dir='ltr'><strong>cap.</strong></span> <span class='ocrx_word' id='word_1_72' title='bbox 634 1265 660 1325; x_wconf 94' lang='grc' dir='ltr'><strong>Ι.</strong></span> <span class='ocrx_word' id='word_1_73' title='bbox 684 1283 730 1343; x_wconf 87' lang='lat' dir='ltr'><strong>pr.</strong></span> <span class='ocrx_word' id='word_1_74' title='bbox 758 1262 808 1327; x_wconf 85' lang='lat'><strong>15.</strong></span> <span class='ocrx_word' id='word_1_75' title='bbox 833 1284 870 1326; x_wconf 94' lang='lat' dir='ltr'><strong>ne</strong></span> <span class='ocrx_word' id='word_1_76' title='bbox 894 1265 1011 1327; x_wconf 89' lang='lat' dir='ltr'><strong>colores</strong></span> <span class='ocrx_word' id='word_1_77' title='bbox 1034 1263 1153 1343; x_wconf 90' lang='lat' dir='ltr'><strong>quidem</strong></span> <span class='ocrx_word' id='word_1_78' title='bbox 1175 1282 1215 1325; x_wconf 85' lang='lat' dir='ltr'><strong>ex</strong></span> <span class='ocrx_word' id='word_1_79' title='bbox 1235 1264 1324 1326; x_wconf 87' lang='lat' dir='ltr'><strong>nudis</strong></span> <span class='ocrx_word' id='word_1_80' title='bbox 1347 1263 1564 1346; x_wconf 72' lang='lat' dir='ltr'><strong>sup-meabas</strong></span> <span class='ocrx_word' id='word_1_81' title='bbox 1580 1263 1704 1326; x_wconf 76' lang='lat' dir='ltr'><strong>derisa·</strong></span> 
     </span>
    </p>
   </div>
   <div class='ocr_carea' id='block_1_3' title="bbox 213 1350 1705 1434">
    <p class='ocr_par' dir='ltr' id='par_1_4' title="bbox 213 1350 1705 1434">
     <span class='ocr_line' id='line_1_10' title="bbox 213 1350 1705 1434; baseline -0.001 -17"><span class='ocrx_word' id='word_1_82' title='bbox 213 1425 217 1434; x_wconf 32' lang='lat'>¹</span> <span class='ocrx_word' id='word_1_83' title='bbox 347 1354 465 1417; x_wconf 82' lang='lat' dir='ltr'><strong>bamus.</strong></span> <span class='ocrx_word' id='word_1_84' title='bbox 511 1351 574 1414; x_wconf 87' lang='lat' dir='ltr'><strong>Sed</strong></span> <span class='ocrx_word' id='word_1_85' title='bbox 597 1361 631 1413; x_wconf 93' lang='lat' dir='ltr'><strong>tn</strong></span> <span class='ocrx_word' id='word_1_86' title='bbox 653 1370 760 1431; x_wconf 90' lang='lat' dir='ltr'><strong>corpus</strong></span> <span class='ocrx_word' id='word_1_87' title='bbox 784 1351 866 1415; x_wconf 88' lang='lat' dir='ltr'><strong>Solis</strong></span> <span class='ocrx_word' id='word_1_88' title='bbox 889 1351 1058 1432; x_wconf 78' lang='lat' dir='ltr'><strong>aspiciens,</strong></span> <span class='ocrx_word' id='word_1_89' title='bbox 1087 1350 1165 1413; x_wconf 89' lang='lat' dir='ltr'><strong>scito</strong></span> <span class='ocrx_word' id='word_1_90' title='bbox 1188 1360 1220 1414; x_wconf 93' lang='lat' dir='ltr'><strong>te</strong></span> <span class='ocrx_word' id='word_1_91' title='bbox 1242 1352 1373 1433; x_wconf 87' lang='lat' dir='ltr'><strong>undique</strong></span> <span class='ocrx_word' id='word_1_92' title='bbox 1402 1351 1434 1414; x_wconf 88' lang='lat' dir='ltr'><strong>in</strong></span> <span class='ocrx_word' id='word_1_93' title='bbox 1456 1361 1526 1415; x_wconf 88' lang='lat' dir='ltr'><strong>tota</strong></span> <span class='ocrx_word' id='word_1_94' title='bbox 1547 1352 1705 1433; x_wconf 76' lang='lat' dir='ltr'><strong>saperbde</strong></span> 
     </span>
    </p>
   </div>
   <div class='ocr_carea' id='block_1_4' title="bbox 346 1439 1709 2663">
    <p class='ocr_par' dir='ltr' id='par_1_5' title="bbox 346 1439 1706 1610">
     <span class='ocr_line' id='line_1_11' title="bbox 346 1439 1706 1523; baseline -0.004 -18"><span class='ocrx_word' id='word_1_95' title='bbox 346 1440 528 1523; x_wconf 68' lang='lat' dir='ltr'><strong>aspectabili</strong></span> <span class='ocrx_word' id='word_1_96' title='bbox 551 1448 685 1502; x_wconf 89' lang='lat' dir='ltr'><strong>centrum</strong></span> <span class='ocrx_word' id='word_1_97' title='bbox 709 1440 790 1503; x_wconf 88' lang='lat' dir='ltr'><strong>Solis</strong></span> <span class='ocrx_word' id='word_1_98' title='bbox 813 1460 867 1521; x_wconf 91' lang='lat' dir='ltr'><strong>per</strong></span> <span class='ocrx_word' id='word_1_99' title='bbox 889 1440 1101 1502; x_wconf 84' lang='lat' dir='ltr'><strong>refractionem</strong></span> <span class='ocrx_word' id='word_1_100' title='bbox 1124 1439 1251 1502; x_wconf 88' lang='lat' dir='ltr'><strong>intueri:</strong></span> <span class='ocrx_word' id='word_1_101' title='bbox 1280 1448 1315 1502; x_wconf 91' lang='lat' dir='ltr'><strong>ut</strong></span> <span class='ocrx_word' id='word_1_102' title='bbox 1340 1440 1427 1520; x_wconf 88' lang='lat' dir='ltr'><strong>cujus</strong></span> <span class='ocrx_word' id='word_1_103' title='bbox 1458 1441 1628 1504; x_wconf 71' lang='lat' dir='ltr'><strong>fortissima</strong></span> <span class='ocrx_word' id='word_1_104' title='bbox 1659 1449 1706 1501; x_wconf 83' lang='lat' dir='ltr'><strong>eat</strong></span> 
     </span>
     <span class='ocr_line' id='line_1_12' title="bbox 347 1526 1704 1610; baseline -0.001 -16"><span class='ocrx_word' id='word_1_105' title='bbox 347 1529 525 1603; x_wconf 85' lang='lat' dir='ltr'><strong>illustratio;</strong></span> <span class='ocrx_word' id='word_1_106' title='bbox 553 1530 584 1591; x_wconf 93' lang='lat' dir='ltr'><strong>id</strong></span> <span class='ocrx_word' id='word_1_107' title='bbox 609 1529 666 1591; x_wconf 89' lang='lat' dir='ltr'><strong>nisi</strong></span> <span class='ocrx_word' id='word_1_108' title='bbox 689 1538 755 1591; x_wconf 90' lang='lat' dir='ltr'><strong>tam</strong></span> <span class='ocrx_word' id='word_1_109' title='bbox 777 1530 854 1591; x_wconf 89' lang='lat' dir='ltr'><strong>lorte</strong></span> <span class='ocrx_word' id='word_1_110' title='bbox 877 1537 976 1604; x_wconf 89' lang='lat' dir='ltr'><strong>esset,</strong></span> <span class='ocrx_word' id='word_1_111' title='bbox 1007 1528 1119 1608; x_wconf 89' lang='lat' dir='ltr'><strong>aliquid</strong></span> <span class='ocrx_word' id='word_1_112' title='bbox 1143 1547 1218 1591; x_wconf 90' lang='lat' dir='ltr'><strong>sans</strong></span> <span class='ocrx_word' id='word_1_113' title='bbox 1240 1528 1279 1590; x_wconf 90' lang='lat' dir='ltr'><strong>de</strong></span> <span class='ocrx_word' id='word_1_114' title='bbox 1301 1526 1384 1591; x_wconf 84' lang='lat' dir='ltr'><strong>Solis</strong></span> <span class='ocrx_word' id='word_1_115' title='bbox 1406 1547 1533 1610; x_wconf 84' lang='lat' dir='ltr'><strong>corpora</strong></span> <span class='ocrx_word' id='word_1_116' title='bbox 1555 1546 1704 1592; x_wconf 73' lang='lat' dir='ltr'><strong>carnem</strong></span> 
     </span>
    </p>

    <p class='ocr_par' dir='ltr' id='par_1_6' title="bbox 348 1616 1709 2663">
     <span class='ocr_line' id='line_1_13' title="bbox 439 1616 1705 1699; baseline 0 -19"><span class='ocrx_word' id='word_1_117' title='bbox 439 1616 582 1681; x_wconf 79' lang='lat' dir='ltr'><strong>Centrum</strong></span> <span class='ocrx_word' id='word_1_118' title='bbox 606 1617 699 1695; x_wconf 86' lang='lat' dir='ltr'><strong>igitur</strong></span> <span class='ocrx_word' id='word_1_119' title='bbox 721 1626 779 1691; x_wconf 89' lang='lat' dir='ltr'><strong>est,</strong></span> <span class='ocrx_word' id='word_1_120' title='bbox 803 1619 880 1679; x_wconf 91' lang='lat' dir='ltr'><strong>unde</strong></span> <span class='ocrx_word' id='word_1_121' title='bbox 904 1617 989 1697; x_wconf 90' lang='lat' dir='ltr'><strong>origo</strong></span> <span class='ocrx_word' id='word_1_122' title='bbox 1008 1625 1057 1678; x_wconf 92' lang='lat' dir='ltr'><strong>est</strong></span> <span class='ocrx_word' id='word_1_123' title='bbox 1075 1616 1154 1679; x_wconf 90' lang='lat' dir='ltr'><strong>luci:</strong></span> <span class='ocrx_word' id='word_1_124' title='bbox 1178 1616 1352 1698; x_wconf 75' lang='lat' dir='ltr'><strong>superficiei</strong></span> <span class='ocrx_word' id='word_1_125' title='bbox 1373 1625 1432 1689; x_wconf 85' lang='lat' dir='ltr'><strong>est,</strong></span> <span class='ocrx_word' id='word_1_126' title='bbox 1455 1635 1534 1699; x_wconf 86' lang='lat' dir='ltr'><strong>qnae</strong></span> <span class='ocrx_word' id='word_1_127' title='bbox 1548 1635 1589 1679; x_wconf 85' lang='lat' dir='ltr'><strong>ex</strong></span> <span class='ocrx_word' id='word_1_128' title='bbox 1602 1625 1705 1679; x_wconf 64' lang='lat' dir='ltr'><strong>“atro</strong></span> 
     </span>
     <span class='ocr_line' id='line_1_14' title="bbox 348 1704 1706 1786; baseline -0.002 -16"><span class='ocrx_word' id='word_1_129' title='bbox 348 1707 409 1770; x_wconf 89' lang='lat' dir='ltr'><strong>rim</strong></span> <span class='ocrx_word' id='word_1_130' title='bbox 433 1706 511 1769; x_wconf 91' lang='lat' dir='ltr'><strong>hanc</strong></span> <span class='ocrx_word' id='word_1_131' title='bbox 534 1706 662 1785; x_wconf 74' lang='lat' dir='ltr'><strong>suscipit</strong></span> <span class='ocrx_word' id='word_1_132' title='bbox 684 1715 716 1766; x_wconf 89' lang='lat' dir='ltr'><strong>et</strong></span> <span class='ocrx_word' id='word_1_133' title='bbox 739 1706 796 1767; x_wconf 89' lang='lat' dir='ltr'><strong>toti</strong></span> <span class='ocrx_word' id='word_1_134' title='bbox 819 1707 929 1768; x_wconf 89' lang='lat' dir='ltr'><strong>mundo</strong></span> <span class='ocrx_word' id='word_1_135' title='bbox 953 1706 1119 1785; x_wconf 87' lang='lat' dir='ltr'><strong>dispensat,</strong></span> <span class='ocrx_word' id='word_1_136' title='bbox 1142 1707 1279 1786; x_wconf 91' lang='lat' dir='ltr'><strong>quodque</strong></span> <span class='ocrx_word' id='word_1_137' title='bbox 1302 1724 1336 1768; x_wconf 89' lang='lat' dir='ltr'><strong>se</strong></span> <span class='ocrx_word' id='word_1_138' title='bbox 1358 1705 1426 1786; x_wconf 86' lang='lat' dir='ltr'><strong>ipso</strong></span> <span class='ocrx_word' id='word_1_139' title='bbox 1448 1706 1555 1768; x_wconf 81' lang='lat' dir='ltr'><strong>oculos</strong></span> <span class='ocrx_word' id='word_1_140' title='bbox 1576 1706 1619 1769; x_wconf 92' lang='lat' dir='ltr'><strong>ob</strong></span> <span class='ocrx_word' id='word_1_141' title='bbox 1641 1704 1706 1767; x_wconf 80' lang='lat' dir='ltr'><strong>exi·</strong></span> 
     </span>
     <span class='ocr_line' id='line_1_15' title="bbox 349 1793 1706 1873; baseline -0.001 -14"><span class='ocrx_word' id='word_1_142' title='bbox 349 1795 469 1859; x_wconf 80' lang='lat' dir='ltr'><strong>litatem</strong></span> <span class='ocrx_word' id='word_1_143' title='bbox 492 1802 559 1856; x_wconf 88' lang='lat' dir='ltr'><strong>erat</strong></span> <span class='ocrx_word' id='word_1_144' title='bbox 578 1793 776 1873; x_wconf 80' lang='lat' dir='ltr'><strong>effugiturum,</strong></span> <span class='ocrx_word' id='word_1_145' title='bbox 802 1794 833 1856; x_wconf 90' lang='lat' dir='ltr'><strong>id</strong></span> <span class='ocrx_word' id='word_1_146' title='bbox 855 1793 1028 1873; x_wconf 83' lang='lat' dir='ltr'><strong>superficies</strong></span> <span class='ocrx_word' id='word_1_147' title='bbox 1042 1793 1176 1856; x_wconf 87' lang='lat' dir='ltr'><strong>dilatans</strong></span> <span class='ocrx_word' id='word_1_148' title='bbox 1198 1793 1238 1856; x_wconf 88' lang='lat' dir='ltr'><strong>ob</strong></span> <span class='ocrx_word' id='word_1_149' title='bbox 1255 1794 1359 1857; x_wconf 88' lang='lat' dir='ltr'><strong>oculos</strong></span> <span class='ocrx_word' id='word_1_150' title='bbox 1372 1793 1474 1857; x_wconf 79' lang='lat' dir='ltr'><strong>sistit:</strong></span> <span class='ocrx_word' id='word_1_151' title='bbox 1497 1793 1706 1857; x_wconf 69' lang='lat' dir='ltr'><strong>intermedia</strong></span> 
     </span>
     <span class='ocr_line' id='line_1_16' title="bbox 349 1881 1706 1964; baseline -0.002 -17"><span class='ocrx_word' id='word_1_152' title='bbox 349 1884 478 1964; x_wconf 87' lang='lat' dir='ltr'><strong>deniqne</strong></span> <span class='ocrx_word' id='word_1_153' title='bbox 500 1891 556 1957; x_wconf 89' lang='lat' dir='ltr'><strong>est,</strong></span> <span class='ocrx_word' id='word_1_154' title='bbox 582 1882 661 1963; x_wconf 93' lang='lat' dir='ltr'><strong>quod</strong></span> <span class='ocrx_word' id='word_1_155' title='bbox 683 1891 716 1944; x_wconf 87' lang='lat' dir='ltr'><strong>et</strong></span> <span class='ocrx_word' id='word_1_156' title='bbox 738 1892 841 1944; x_wconf 80' lang='lat' dir='ltr'><strong>centro</strong></span> <span class='ocrx_word' id='word_1_157' title='bbox 856 1882 1018 1944; x_wconf 74' lang='lat' dir='ltr'><strong>transitum</strong></span> <span class='ocrx_word' id='word_1_158' title='bbox 1041 1881 1072 1944; x_wconf 91' lang='lat' dir='ltr'><strong>iu</strong></span> <span class='ocrx_word' id='word_1_159' title='bbox 1085 1883 1271 1963; x_wconf 80' lang='lat' dir='ltr'><strong>superficiem</strong></span> <span class='ocrx_word' id='word_1_160' title='bbox 1295 1888 1328 1944; x_wconf 91' lang='lat' dir='ltr'><strong>et</strong></span> <span class='ocrx_word' id='word_1_161' title='bbox 1347 1881 1516 1963; x_wconf 81' lang='lat' dir='ltr'><strong>superdeiei</strong></span> <span class='ocrx_word' id='word_1_162' title='bbox 1538 1882 1603 1945; x_wconf 79' lang='lat' dir='ltr'><strong>vim</strong></span> <span class='ocrx_word' id='word_1_163' title='bbox 1616 1901 1706 1963; x_wconf 83' lang='lat' dir='ltr'><strong>apar-</strong></span> 
     </span>
     <span class='ocr_line' id='line_1_17' title="bbox 348 1970 1707 2053; baseline -0.001 -20"><span class='ocrx_word' id='word_1_164' title='bbox 348 1972 440 2053; x_wconf 84' lang='lat' dir='ltr'><strong>geudi</strong></span> <span class='ocrx_word' id='word_1_165' title='bbox 463 1971 560 2034; x_wconf 88' lang='lat' dir='ltr'><strong>lucem</strong></span> <span class='ocrx_word' id='word_1_166' title='bbox 583 1990 637 2050; x_wconf 91' lang='lat' dir='ltr'><strong>per</strong></span> <span class='ocrx_word' id='word_1_167' title='bbox 659 1970 882 2050; x_wconf 86' lang='lat' dir='ltr'><strong>hemisphaeria</strong></span> <span class='ocrx_word' id='word_1_168' title='bbox 911 1970 1063 2034; x_wconf 75' lang='lat' dir='ltr'><strong>conciliet</strong></span> <span class='ocrx_word' id='word_1_169' title='bbox 1108 1972 1194 2033; x_wconf 86' lang='lat' dir='ltr'><strong>Haec</strong></span> <span class='ocrx_word' id='word_1_170' title='bbox 1210 1980 1299 2034; x_wconf 78' lang='lat' dir='ltr'><strong>mota</strong></span> <span class='ocrx_word' id='word_1_171' title='bbox 1329 1980 1362 2034; x_wconf 89' lang='lat' dir='ltr'><strong>et</strong></span> <span class='ocrx_word' id='word_1_172' title='bbox 1391 1990 1459 2033; x_wconf 80' lang='lat' dir='ltr'><strong>sun</strong></span> <span class='ocrx_word' id='word_1_173' title='bbox 1481 1970 1596 2034; x_wconf 74' lang='lat' dir='ltr'><strong>divinis</strong></span> <span class='ocrx_word' id='word_1_174' title='bbox 1618 1970 1707 2034; x_wconf 78' lang='lat' dir='ltr'><strong>rebus</strong></span> 
     </span>
     <span class='ocr_line' id='line_1_18' title="bbox 349 2057 1707 2140; baseline -0.002 -16"><span class='ocrx_word' id='word_1_175' title='bbox 349 2078 473 2140; x_wconf 87' lang='lat' dir='ltr'><strong>cumque</strong></span> <span class='ocrx_word' id='word_1_176' title='bbox 496 2060 543 2134; x_wconf 90' lang='lat' dir='ltr'><strong>iis,</strong></span> <span class='ocrx_word' id='word_1_177' title='bbox 567 2059 696 2139; x_wconf 75' lang='lat' dir='ltr'><strong>quasin</strong></span> <span class='ocrx_word' id='word_1_178' title='bbox 720 2058 909 2139; x_wconf 78' lang='lat' dir='ltr'><strong>praefatione</strong></span> <span class='ocrx_word' id='word_1_179' title='bbox 933 2059 1043 2138; x_wconf 88' lang='lat' dir='ltr'><strong>capitis</strong></span> <span class='ocrx_word' id='word_1_180' title='bbox 1066 2060 1153 2139; x_wconf 93' lang='lat' dir='ltr'><strong>primi</strong></span> <span class='ocrx_word' id='word_1_181' title='bbox 1176 2058 1249 2135; x_wconf 87' lang='lat' dir='ltr'><strong>dixi,</strong></span> <span class='ocrx_word' id='word_1_182' title='bbox 1274 2060 1386 2122; x_wconf 76' lang='lat' dir='ltr'><strong>confer.</strong></span> <span class='ocrx_word' id='word_1_183' title='bbox 1430 2058 1560 2122; x_wconf 77' lang='lat' dir='ltr'><strong>Videbis</strong></span> <span class='ocrx_word' id='word_1_184' title='bbox 1581 2059 1615 2121; x_wconf 87' lang='lat' dir='ltr'><strong>in</strong></span> <span class='ocrx_word' id='word_1_185' title='bbox 1636 2057 1707 2121; x_wconf 83' lang='lat' dir='ltr'><strong>Sole</strong></span> 
     </span>
     <span class='ocr_line' id='line_1_19' title="bbox 349 2146 1708 2229; baseline -0.004 -15"><span class='ocrx_word' id='word_1_186' title='bbox 349 2148 461 2220; x_wconf 78' lang='lat' dir='ltr'><strong>nundi,</strong></span> <span class='ocrx_word' id='word_1_187' title='bbox 485 2148 516 2210; x_wconf 91' lang='lat' dir='ltr'><strong>iu</strong></span> <span class='ocrx_word' id='word_1_188' title='bbox 539 2148 649 2210; x_wconf 93' lang='lat' dir='ltr'><strong>mundo</strong></span> <span class='ocrx_word' id='word_1_189' title='bbox 671 2147 730 2210; x_wconf 90' lang='lat' dir='ltr'><strong>Dei</strong></span> <span class='ocrx_word' id='word_1_190' title='bbox 753 2147 915 2210; x_wconf 88' lang='lat' dir='ltr'><strong>conditoris</strong></span> <span class='ocrx_word' id='word_1_191' title='bbox 947 2147 1106 2226; x_wconf 83' lang='lat' dir='ltr'><strong>imaginem</strong></span> <span class='ocrx_word' id='word_1_192' title='bbox 1137 2148 1331 2229; x_wconf 77' lang='lat' dir='ltr'><strong>palpabilem.</strong></span> <span class='ocrx_word' id='word_1_193' title='bbox 1377 2146 1446 2211; x_wconf 72' lang='lat' dir='ltr'><strong>sai</strong></span> <span class='ocrx_word' id='word_1_194' title='bbox 1469 2165 1542 2211; x_wconf 86' lang='lat' dir='ltr'><strong>vero</strong></span> <span class='ocrx_word' id='word_1_195' title='bbox 1564 2147 1708 2210; x_wconf 87' lang='lat' dir='ltr'><strong>exomni</strong></span> 
     </span>
     <span class='ocr_line' id='line_1_20' title="bbox 350 2226 1708 2317; baseline -0.004 -16"><span class='ocrx_word' id='word_1_196' title='bbox 350 2234 518 2317; x_wconf 81' lang='lat' dir='ltr'><strong>superficiei</strong></span> <span class='ocrx_word' id='word_1_197' title='bbox 540 2244 628 2317; x_wconf 84' lang='lat' dir='ltr'><strong>parte</strong></span> <span class='ocrx_word' id='word_1_198' title='bbox 651 2236 779 2316; x_wconf 90' lang='lat' dir='ltr'><strong>undique</strong></span> <span class='ocrx_word' id='word_1_199' title='bbox 803 2255 892 2297; x_wconf 94' lang='lat' dir='ltr'><strong>unum</strong></span> <span class='ocrx_word' id='word_1_200' title='bbox 910 2244 1047 2298; x_wconf 88' lang='lat' dir='ltr'><strong>centrum</strong></span> <span class='ocrx_word' id='word_1_201' title='bbox 1061 2237 1191 2300; x_wconf 87' lang='lat' dir='ltr'><strong>emicat:</strong></span> <span class='ocrx_word' id='word_1_202' title='bbox 1215 2255 1273 2299; x_wconf 91' lang='lat' dir='ltr'><strong>nou</strong></span> <span class='ocrx_word' id='word_1_203' title='bbox 1297 2244 1398 2299; x_wconf 86' lang='lat' dir='ltr'><strong>tamen</strong></span> <span class='ocrx_word' id='word_1_204' title='bbox 1412 2226 1553 2313; x_wconf 72' lang='lat' dir='ltr'><strong>eldoiiur,</strong></span> <span class='ocrx_word' id='word_1_205' title='bbox 1577 2236 1708 2317; x_wconf 84' lang='lat' dir='ltr'><strong>uadiqae</strong></span> 
     </span>
     <span class='ocr_line' id='line_1_21' title="bbox 350 2322 1709 2408; baseline 0.001 -21"><span class='ocrx_word' id='word_1_206' title='bbox 350 2325 509 2408; x_wconf 86' lang='lat' dir='ltr'><strong>aequalem</strong></span> <span class='ocrx_word' id='word_1_207' title='bbox 530 2343 598 2388; x_wconf 87' lang='lat' dir='ltr'><strong>esse</strong></span> <span class='ocrx_word' id='word_1_208' title='bbox 621 2322 682 2386; x_wconf 87' lang='lat' dir='ltr'><strong>vim</strong></span> <span class='ocrx_word' id='word_1_209' title='bbox 705 2324 927 2387; x_wconf 85' lang='lat' dir='ltr'><strong>illustrationis.</strong></span> <span class='ocrx_word' id='word_1_210' title='bbox 971 2324 1052 2386; x_wconf 83' lang='lat' dir='ltr'><strong>Nam</strong></span> <span class='ocrx_word' id='word_1_211' title='bbox 1074 2344 1094 2387; x_wconf 91' lang='lat' dir='ltr'><strong>a</strong></span> <span class='ocrx_word' id='word_1_212' title='bbox 1116 2334 1226 2407; x_wconf 85' lang='lat' dir='ltr'><strong>puncto</strong></span> <span class='ocrx_word' id='word_1_213' title='bbox 1250 2324 1348 2387; x_wconf 91' lang='lat' dir='ltr'><strong>medio</strong></span> <span class='ocrx_word' id='word_1_214' title='bbox 1377 2326 1428 2387; x_wconf 82' lang='lat' dir='ltr'><strong>lux</strong></span> <span class='ocrx_word' id='word_1_215' title='bbox 1448 2324 1709 2407; x_wconf 67' lang='lat' dir='ltr'><strong>perpendiculwis</strong></span> 
     </span>
     <span class='ocr_line' id='line_1_22' title="bbox 349 2412 1708 2496; baseline -0.001 -18"><span class='ocrx_word' id='word_1_216' title='bbox 349 2414 414 2478; x_wconf 78' lang='lat' dir='ltr'><strong>exit</strong></span> <span class='ocrx_word' id='word_1_217' title='bbox 436 2423 468 2475; x_wconf 87' lang='lat' dir='ltr'><strong>st</strong></span> <span class='ocrx_word' id='word_1_218' title='bbox 490 2412 598 2477; x_wconf 85' lang='lat' dir='ltr'><strong>lortius</strong></span> <span class='ocrx_word' id='word_1_219' title='bbox 622 2413 701 2488; x_wconf 85' lang='lat' dir='ltr'><strong>ferit,</strong></span> <span class='ocrx_word' id='word_1_220' title='bbox 725 2435 745 2473; x_wconf 93' lang='lat' dir='ltr'><strong>a</strong></span> <span class='ocrx_word' id='word_1_221' title='bbox 767 2412 913 2474; x_wconf 87' lang='lat' dir='ltr'><strong>lateribus</strong></span> <span class='ocrx_word' id='word_1_222' title='bbox 936 2414 1070 2476; x_wconf 86' lang='lat' dir='ltr'><strong>refracta</strong></span> <span class='ocrx_word' id='word_1_223' title='bbox 1092 2413 1275 2477; x_wconf 86' lang='lat' dir='ltr'><strong>debilitatur.</strong></span> <span class='ocrx_word' id='word_1_224' title='bbox 1317 2413 1353 2475; x_wconf 90' lang='lat' dir='ltr'><strong>ld</strong></span> <span class='ocrx_word' id='word_1_225' title='bbox 1376 2412 1456 2476; x_wconf 87' lang='lat' dir='ltr'><strong>enim</strong></span> <span class='ocrx_word' id='word_1_226' title='bbox 1479 2432 1518 2476; x_wconf 84' lang='lat' dir='ltr'><strong>ex</strong></span> <span class='ocrx_word' id='word_1_227' title='bbox 1541 2413 1708 2496; x_wconf 78' lang='lat' dir='ltr'><strong>optieom</strong></span> 
     </span>
     <span class='ocr_line' id='line_1_23' title="bbox 351 2500 1709 2584; baseline -0.001 -17"><span class='ocrx_word' id='word_1_228' title='bbox 351 2501 489 2567; x_wconf 79' lang='lat' dir='ltr'><strong>doctrina</strong></span> <span class='ocrx_word' id='word_1_229' title='bbox 510 2502 700 2564; x_wconf 78' lang='lat' dir='ltr'><strong>retractionis</strong></span> <span class='ocrx_word' id='word_1_230' title='bbox 723 2502 873 2580; x_wconf 79' lang='lat' dir='ltr'><strong>ingenium</strong></span> <span class='ocrx_word' id='word_1_231' title='bbox 897 2509 956 2564; x_wconf 87' lang='lat' dir='ltr'><strong>eat</strong></span> <span class='ocrx_word' id='word_1_232' title='bbox 1002 2501 1132 2564; x_wconf 85' lang='lat' dir='ltr'><strong>Proinde</strong></span> <span class='ocrx_word' id='word_1_233' title='bbox 1155 2512 1187 2565; x_wconf 88' lang='lat' dir='ltr'><strong>st</strong></span> <span class='ocrx_word' id='word_1_234' title='bbox 1208 2502 1307 2583; x_wconf 90' lang='lat' dir='ltr'><strong>major</strong></span> <span class='ocrx_word' id='word_1_235' title='bbox 1328 2500 1412 2565; x_wconf 89' lang='lat' dir='ltr'><strong>Solia</strong></span> <span class='ocrx_word' id='word_1_236' title='bbox 1433 2501 1535 2583; x_wconf 89' lang='lat' dir='ltr'><strong>portio</strong></span> <span class='ocrx_word' id='word_1_237' title='bbox 1563 2502 1709 2584; x_wconf 51' lang='lat' dir='ltr'><strong>mquam</strong></span> 
     </span>
     <span class='ocr_line' id='line_1_24' title="bbox 352 2589 1053 2663; baseline -0.003 -10"><span class='ocrx_word' id='word_1_238' title='bbox 352 2591 522 2654; x_wconf 88' lang='lat' dir='ltr'><strong>illustrandi</strong></span> <span class='ocrx_word' id='word_1_239' title='bbox 546 2591 606 2652; x_wconf 87' lang='lat' dir='ltr'><strong>rim</strong></span> <span class='ocrx_word' id='word_1_240' title='bbox 629 2590 757 2663; x_wconf 86' lang='lat' dir='ltr'><strong>obtinet,</strong></span> <span class='ocrx_word' id='word_1_241' title='bbox 778 2589 875 2651; x_wconf 87' lang='lat' dir='ltr'><strong>minor</strong></span> <span class='ocrx_word' id='word_1_242' title='bbox 898 2590 1053 2653; x_wconf 87' lang='lat' dir='ltr'><strong>minorem.</strong></span> 
     </span>
    </p>
   </div>
   <div class='ocr_carea' id='block_1_5' title="bbox 747 2781 1315 2847">
    <p class='ocr_par' dir='ltr' id='par_1_7' title="bbox 747 2781 1315 2847">
     <span class='ocr_line' id='line_1_25' title="bbox 747 2781 1315 2847; baseline 0 -1"><span class='ocrx_word' id='word_1_243' title='bbox 747 2781 778 2846; x_wconf 79' lang='lat'><strong>2.</strong></span> <span class='ocrx_word' id='word_1_244' title='bbox 815 2784 867 2846; x_wconf 93' lang='lat' dir='ltr'><strong>De</strong></span> <span class='ocrx_word' id='word_1_245' title='bbox 890 2783 1017 2845; x_wconf 91' lang='lat' dir='ltr'><strong>Lunae</strong></span> <span class='ocrx_word' id='word_1_246' title='bbox 1041 2782 1315 2847; x_wconf 86' lang='lat' dir='ltr'><strong>illustratione.</strong></span> 
     </span>
    </p>
   </div>
   <div class='ocr_carea' id='block_1_6' title="bbox 352 2940 1719 5061">
    <p class='ocr_par' dir='ltr' id='par_1_8' title="bbox 352 2940 1712 3199">
     <span class='ocr_line' id='line_1_26' title="bbox 440 2940 1709 3026; baseline -0.001 -21"><span class='ocrx_word' id='word_1_247' title='bbox 440 2944 526 3006; x_wconf 85' lang='lat' dir='ltr'><strong>Haec</strong></span> <span class='ocrx_word' id='word_1_248' title='bbox 549 2940 760 3022; x_wconf 89' lang='lat' dir='ltr'><strong>antiquissima</strong></span> <span class='ocrx_word' id='word_1_249' title='bbox 782 2942 984 3005; x_wconf 82' lang='lat' dir='ltr'><strong>astronomiae</strong></span> <span class='ocrx_word' id='word_1_250' title='bbox 1006 2962 1079 3026; x_wconf 87' lang='lat' dir='ltr'><strong>pars</strong></span> <span class='ocrx_word' id='word_1_251' title='bbox 1101 2942 1167 3018; x_wconf 86' lang='lat' dir='ltr'><strong>luit,</strong></span> <span class='ocrx_word' id='word_1_252' title='bbox 1192 2952 1226 3006; x_wconf 90' lang='lat' dir='ltr'><strong>ut</strong></span> <span class='ocrx_word' id='word_1_253' title='bbox 1248 2943 1278 3005; x_wconf 92' lang='lat' dir='ltr'><strong>iu</strong></span> <span class='ocrx_word' id='word_1_254' title='bbox 1302 2961 1334 3005; x_wconf 89' lang='lat' dir='ltr'><strong>re</strong></span> <span class='ocrx_word' id='word_1_255' title='bbox 1357 2941 1496 3005; x_wconf 83' lang='lat' dir='ltr'><strong>omnibns</strong></span> <span class='ocrx_word' id='word_1_256' title='bbox 1519 2942 1615 3006; x_wconf 79' lang='lat' dir='ltr'><strong>obvia</strong></span> <span class='ocrx_word' id='word_1_257' title='bbox 1637 2962 1709 3005; x_wconf 90' lang='lat' dir='ltr'><strong>cau·</strong></span> 
     </span>
     <span class='ocr_line' id='line_1_27' title="bbox 352 3028 1712 3113; baseline -0.002 -18"><span class='ocrx_word' id='word_1_258' title='bbox 352 3053 404 3096; x_wconf 87' lang='lat' dir='ltr'><strong>aaa</strong></span> <span class='ocrx_word' id='word_1_259' title='bbox 428 3033 626 3113; x_wconf 86' lang='lat' dir='ltr'><strong>inquirerent;</strong></span> <span class='ocrx_word' id='word_1_260' title='bbox 660 3031 738 3094; x_wconf 92' lang='lat' dir='ltr'><strong>unde</strong></span> <span class='ocrx_word' id='word_1_261' title='bbox 762 3028 879 3091; x_wconf 88' lang='lat' dir='ltr'><strong>scilicet</strong></span> <span class='ocrx_word' id='word_1_262' title='bbox 901 3031 1050 3104; x_wconf 87' lang='lat' dir='ltr'><strong>eveniret,</strong></span> <span class='ocrx_word' id='word_1_263' title='bbox 1074 3039 1108 3093; x_wconf 90' lang='lat' dir='ltr'><strong>ut</strong></span> <span class='ocrx_word' id='word_1_264' title='bbox 1130 3032 1218 3094; x_wconf 91' lang='lat' dir='ltr'><strong>Luna</strong></span> <span class='ocrx_word' id='word_1_265' title='bbox 1239 3040 1392 3094; x_wconf 84' lang='lat' dir='ltr'><strong>menstruo</strong></span> <span class='ocrx_word' id='word_1_266' title='bbox 1416 3029 1545 3094; x_wconf 87' lang='lat' dir='ltr'><strong>circuitu</strong></span> <span class='ocrx_word' id='word_1_267' title='bbox 1568 3041 1712 3095; x_wconf 82' lang='lat' dir='ltr'><strong>nascatur</strong></span> 
     </span>
     <span class='ocr_line' id='line_1_28' title="bbox 353 3118 1023 3199; baseline -0.006 -14"><span class='ocrx_word' id='word_1_268' title='bbox 353 3131 386 3185; x_wconf 90' lang='lat' dir='ltr'><strong>et</strong></span> <span class='ocrx_word' id='word_1_269' title='bbox 406 3130 563 3192; x_wconf 83' lang='lat' dir='ltr'><strong>vanescat,</strong></span> <span class='ocrx_word' id='word_1_270' title='bbox 586 3120 745 3199; x_wconf 78' lang='lat' dir='ltr'><strong>vanasque</strong></span> <span class='ocrx_word' id='word_1_271' title='bbox 769 3118 886 3197; x_wconf 85' lang='lat' dir='ltr'><strong>species</strong></span> <span class='ocrx_word' id='word_1_272' title='bbox 910 3119 1023 3181; x_wconf 88' lang='lat' dir='ltr'><strong>induat.</strong></span> 
     </span>
    </p>

    <p class='ocr_par' dir='ltr' id='par_1_9' title="bbox 353 3207 1712 3556">
     <span class='ocr_line' id='line_1_29' title="bbox 440 3207 1711 3287; baseline -0.002 -16"><span class='ocrx_word' id='word_1_273' title='bbox 440 3210 573 3271; x_wconf 89' lang='lat' dir='ltr'><strong>Berosus</strong></span> <span class='ocrx_word' id='word_1_274' title='bbox 598 3207 781 3281; x_wconf 81' lang='lat' dir='ltr'><strong>Chaldaeus,</strong></span> <span class='ocrx_word' id='word_1_275' title='bbox 805 3207 957 3269; x_wconf 80' lang='lat' dir='ltr'><strong>referente</strong></span> <span class='ocrx_word' id='word_1_276' title='bbox 981 3207 1118 3287; x_wconf 82' lang='lat' dir='ltr'><strong>Diogene</strong></span> <span class='ocrx_word' id='word_1_277' title='bbox 1132 3207 1267 3282; x_wconf 77' lang='lat' dir='ltr'><strong>Laertio,</strong></span> <span class='ocrx_word' id='word_1_278' title='bbox 1291 3209 1408 3272; x_wconf 89' lang='lat' dir='ltr'><strong>Lunam</strong></span> <span class='ocrx_word' id='word_1_279' title='bbox 1431 3208 1565 3273; x_wconf 85' lang='lat' dir='ltr'><strong>docebat</strong></span> <span class='ocrx_word' id='word_1_280' title='bbox 1587 3226 1657 3271; x_wconf 84' lang='lat' dir='ltr'><strong>asse</strong></span> <span class='ocrx_word' id='word_1_281' title='bbox 1676 3225 1711 3269; x_wconf 82' lang='lat' dir='ltr'><strong>ax</strong></span> 
     </span>
     <span class='ocr_line' id='line_1_30' title="bbox 354 3293 1712 3378; baseline -0.001 -17"><span class='ocrx_word' id='word_1_282' title='bbox 354 3297 478 3362; x_wconf 88' lang='lat' dir='ltr'><strong>dimidia</strong></span> <span class='ocrx_word' id='word_1_283' title='bbox 505 3305 592 3377; x_wconf 89' lang='lat' dir='ltr'><strong>parte</strong></span> <span class='ocrx_word' id='word_1_284' title='bbox 621 3297 768 3371; x_wconf 90' lang='lat' dir='ltr'><strong>lucidam,</strong></span> <span class='ocrx_word' id='word_1_285' title='bbox 801 3314 855 3357; x_wconf 89' lang='lat' dir='ltr'><strong>seu</strong></span> <span class='ocrx_word' id='word_1_286' title='bbox 889 3303 920 3357; x_wconf 93' lang='lat' dir='ltr'><strong>ut</strong></span> <span class='ocrx_word' id='word_1_287' title='bbox 950 3293 1128 3358; x_wconf 78' lang='lat' dir='ltr'><strong>cleomedes</strong></span> <span class='ocrx_word' id='word_1_288' title='bbox 1161 3297 1256 3359; x_wconf 81' lang='lat' dir='ltr'><strong>relect</strong></span> <span class='ocrx_word' id='word_1_289' title='bbox 1286 3298 1488 3378; x_wconf 89' lang='lat' dir='ltr'><strong>semigueam,</strong></span> <span class='ocrx_word' id='word_1_290' title='bbox 1522 3316 1562 3359; x_wconf 85' lang='lat' dir='ltr'><strong>ex</strong></span> <span class='ocrx_word' id='word_1_291' title='bbox 1593 3296 1712 3360; x_wconf 82' lang='lat' dir='ltr'><strong>residua</strong></span> 
     </span>
     <span class='ocr_line' id='line_1_31' title="bbox 353 3384 1712 3470; baseline -0.001 -22"><span class='ocrx_word' id='word_1_292' title='bbox 353 3387 463 3450; x_wconf 89' lang='lat' dir='ltr'><strong>lumine</strong></span> <span class='ocrx_word' id='word_1_293' title='bbox 493 3385 572 3447; x_wconf 87' lang='lat' dir='ltr'><strong>omui</strong></span> <span class='ocrx_word' id='word_1_294' title='bbox 605 3385 757 3446; x_wconf 90' lang='lat' dir='ltr'><strong>orbatam:</strong></span> <span class='ocrx_word' id='word_1_295' title='bbox 791 3384 912 3464; x_wconf 84' lang='lat' dir='ltr'><strong>fierique</strong></span> <span class='ocrx_word' id='word_1_296' title='bbox 941 3404 980 3445; x_wconf 84' lang='lat' dir='ltr'><strong>ex</strong></span> <span class='ocrx_word' id='word_1_297' title='bbox 1007 3384 1089 3464; x_wconf 91' lang='lat' dir='ltr'><strong>globi</strong></span> <span class='ocrx_word' id='word_1_298' title='bbox 1118 3386 1329 3459; x_wconf 87' lang='lat' dir='ltr'><strong>conversione,</strong></span> <span class='ocrx_word' id='word_1_299' title='bbox 1363 3395 1397 3449; x_wconf 90' lang='lat' dir='ltr'><strong>ut</strong></span> <span class='ocrx_word' id='word_1_300' title='bbox 1425 3386 1525 3449; x_wconf 90' lang='lat' dir='ltr'><strong>lucida</strong></span> <span class='ocrx_word' id='word_1_301' title='bbox 1546 3405 1622 3470; x_wconf 83' lang='lat' dir='ltr'><strong>para</strong></span> <span class='ocrx_word' id='word_1_302' title='bbox 1644 3394 1712 3467; x_wconf 76' lang='lat' dir='ltr'><strong>post</strong></span> 
     </span>
     <span class='ocr_line' id='line_1_32' title="bbox 354 3472 1281 3556; baseline -0.002 -18"><span class='ocrx_word' id='word_1_303' title='bbox 354 3494 462 3556; x_wconf 88' lang='lat' dir='ltr'><strong>corpus</strong></span> <span class='ocrx_word' id='word_1_304' title='bbox 485 3476 583 3536; x_wconf 91' lang='lat' dir='ltr'><strong>latens</strong></span> <span class='ocrx_word' id='word_1_305' title='bbox 607 3474 752 3553; x_wconf 90' lang='lat' dir='ltr'><strong>paulatim</strong></span> <span class='ocrx_word' id='word_1_306' title='bbox 776 3472 873 3551; x_wconf 82' lang='lat' dir='ltr'><strong>magis</strong></span> <span class='ocrx_word' id='word_1_307' title='bbox 897 3480 987 3553; x_wconf 91' lang='lat' dir='ltr'><strong>atque</strong></span> <span class='ocrx_word' id='word_1_308' title='bbox 1011 3472 1108 3552; x_wconf 90' lang='lat' dir='ltr'><strong>magis</strong></span> <span class='ocrx_word' id='word_1_309' title='bbox 1132 3482 1281 3554; x_wconf 82' lang='lat' dir='ltr'><strong>emergat</strong></span> 
     </span>
    </p>

    <p class='ocr_par' dir='ltr' id='par_1_10' title="bbox 353 3560 1719 5061">
     <span class='ocr_line' id='line_1_33' title="bbox 443 3560 1712 3644; baseline -0.001 -20"><span class='ocrx_word' id='word_1_310' title='bbox 443 3564 538 3643; x_wconf 83' lang='lat' dir='ltr'><strong>Hujus</strong></span> <span class='ocrx_word' id='word_1_311' title='bbox 562 3563 744 3624; x_wconf 88' lang='lat' dir='ltr'><strong>sententiam</strong></span> <span class='ocrx_word' id='word_1_312' title='bbox 761 3561 872 3622; x_wconf 83' lang='lat' dir='ltr'><strong>Thales</strong></span> <span class='ocrx_word' id='word_1_313' title='bbox 887 3561 1026 3623; x_wconf 86' lang='lat' dir='ltr'><strong>Milesius</strong></span> <span class='ocrx_word' id='word_1_314' title='bbox 1050 3562 1203 3624; x_wconf 88' lang='lat' dir='ltr'><strong>meliorem</strong></span> <span class='ocrx_word' id='word_1_315' title='bbox 1227 3562 1368 3636; x_wconf 90' lang='lat' dir='ltr'><strong>reddidit,</strong></span> <span class='ocrx_word' id='word_1_316' title='bbox 1391 3562 1566 3644; x_wconf 88' lang='lat' dir='ltr'><strong>primusque</strong></span> <span class='ocrx_word' id='word_1_317' title='bbox 1590 3560 1622 3623; x_wconf 94' lang='lat' dir='ltr'><strong>id</strong></span> <span class='ocrx_word' id='word_1_318' title='bbox 1636 3560 1712 3642; x_wconf 86' lang='lat' dir='ltr'><strong>quod</strong></span> 
     </span>
     <span class='ocr_line' id='line_1_34' title="bbox 354 3648 1713 3731; baseline -0.003 -17"><span class='ocrx_word' id='word_1_319' title='bbox 354 3672 404 3715; x_wconf 90' lang='lat' dir='ltr'><strong>res</strong></span> <span class='ocrx_word' id='word_1_320' title='bbox 437 3662 501 3724; x_wconf 89' lang='lat' dir='ltr'><strong>est,</strong></span> <span class='ocrx_word' id='word_1_321' title='bbox 537 3662 633 3713; x_wconf 90' lang='lat' dir='ltr'><strong>totum</strong></span> <span class='ocrx_word' id='word_1_322' title='bbox 667 3652 723 3713; x_wconf 92' lang='lat' dir='ltr'><strong>hoc</strong></span> <span class='ocrx_word' id='word_1_323' title='bbox 751 3648 1003 3728; x_wconf 83' lang='lat' dir='ltr'><strong>hemisphaerium</strong></span> <span class='ocrx_word' id='word_1_324' title='bbox 1034 3670 1054 3711; x_wconf 90' lang='lat' dir='ltr'><strong>a</strong></span> <span class='ocrx_word' id='word_1_325' title='bbox 1076 3648 1148 3712; x_wconf 88' lang='lat' dir='ltr'><strong>Sole</strong></span> <span class='ocrx_word' id='word_1_326' title='bbox 1181 3651 1324 3713; x_wconf 86' lang='lat' dir='ltr'><strong>illustrari</strong></span> <span class='ocrx_word' id='word_1_327' title='bbox 1354 3651 1529 3731; x_wconf 85' lang='lat' dir='ltr'><strong>Lunamque</strong></span> <span class='ocrx_word' id='word_1_328' title='bbox 1563 3649 1649 3712; x_wconf 92' lang='lat' dir='ltr'><strong>nulla</strong></span> <span class='ocrx_word' id='word_1_329' title='bbox 1678 3668 1713 3710; x_wconf 81' lang='lat' dir='ltr'><strong>ex</strong></span> 
     </span>
     <span class='ocr_line' id='line_1_35' title="bbox 353 3737 1714 3821; baseline 0 -20"><span class='ocrx_word' id='word_1_330' title='bbox 353 3750 441 3821; x_wconf 80' lang='lat' dir='ltr'><strong>parte</strong></span> <span class='ocrx_word' id='word_1_331' title='bbox 465 3760 498 3801; x_wconf 93' lang='lat' dir='ltr'><strong>se</strong></span> <span class='ocrx_word' id='word_1_332' title='bbox 522 3740 591 3819; x_wconf 89' lang='lat' dir='ltr'><strong>ipsa</strong></span> <span class='ocrx_word' id='word_1_333' title='bbox 620 3741 719 3801; x_wconf 88' lang='lat' dir='ltr'><strong>lucere</strong></span> <span class='ocrx_word' id='word_1_334' title='bbox 750 3738 847 3800; x_wconf 78' lang='lat' dir='ltr'><strong>dixit:</strong></span> <span class='ocrx_word' id='word_1_335' title='bbox 882 3739 960 3818; x_wconf 91' lang='lat' dir='ltr'><strong>qnod</strong></span> <span class='ocrx_word' id='word_1_336' title='bbox 984 3739 1164 3801; x_wconf 89' lang='lat' dir='ltr'><strong>Plutarchus</strong></span> <span class='ocrx_word' id='word_1_337' title='bbox 1187 3740 1391 3819; x_wconf 82' lang='lat' dir='ltr'><strong>Anaxagorae</strong></span> <span class='ocrx_word' id='word_1_338' title='bbox 1425 3739 1541 3801; x_wconf 87' lang='lat' dir='ltr'><strong>tribuit.</strong></span> <span class='ocrx_word' id='word_1_339' title='bbox 1587 3737 1714 3801; x_wconf 79' lang='lat' dir='ltr'><strong>Poterat</strong></span> 
     </span>
     <span class='ocr_line' id='line_1_36' title="bbox 355 3826 1713 3908; baseline -0.002 -17"><span class='ocrx_word' id='word_1_340' title='bbox 355 3829 386 3891; x_wconf 87' lang='lat' dir='ltr'><strong>id</strong></span> <span class='ocrx_word' id='word_1_341' title='bbox 409 3830 541 3890; x_wconf 87' lang='lat' dir='ltr'><strong>Berosus</strong></span> <span class='ocrx_word' id='word_1_342' title='bbox 565 3829 612 3889; x_wconf 88' lang='lat' dir='ltr'><strong>vel</strong></span> <span class='ocrx_word' id='word_1_343' title='bbox 636 3848 675 3889; x_wconf 80' lang='lat' dir='ltr'><strong>ex</strong></span> <span class='ocrx_word' id='word_1_344' title='bbox 697 3846 733 3888; x_wconf 92' lang='lat' dir='ltr'><strong>eo</strong></span> <span class='ocrx_word' id='word_1_345' title='bbox 756 3827 909 3907; x_wconf 88' lang='lat' dir='ltr'><strong>colligere,</strong></span> <span class='ocrx_word' id='word_1_346' title='bbox 934 3827 1013 3906; x_wconf 90' lang='lat' dir='ltr'><strong>quud</strong></span> <span class='ocrx_word' id='word_1_347' title='bbox 1036 3827 1076 3889; x_wconf 92' lang='lat' dir='ltr'><strong>ad</strong></span> <span class='ocrx_word' id='word_1_348' title='bbox 1098 3828 1216 3889; x_wconf 90' lang='lat' dir='ltr'><strong>oculum</strong></span> <span class='ocrx_word' id='word_1_349' title='bbox 1238 3836 1342 3908; x_wconf 90' lang='lat' dir='ltr'><strong>patet,</strong></span> <span class='ocrx_word' id='word_1_350' title='bbox 1367 3846 1425 3889; x_wconf 93' lang='lat' dir='ltr'><strong>non</strong></span> <span class='ocrx_word' id='word_1_351' title='bbox 1448 3844 1568 3907; x_wconf 87' lang='lat' dir='ltr'><strong>semper</strong></span> <span class='ocrx_word' id='word_1_352' title='bbox 1592 3826 1713 3889; x_wconf 83' lang='lat' dir='ltr'><strong>easdem</strong></span> 
     </span>
     <span class='ocr_line' id='line_1_37' title="bbox 353 3913 1713 3996; baseline 0 -17"><span class='ocrx_word' id='word_1_353' title='bbox 353 3917 460 3979; x_wconf 63' lang='lat' dir='ltr'><strong>uuae</strong></span> <span class='ocrx_word' id='word_1_354' title='bbox 483 3924 588 3996; x_wconf 90' lang='lat' dir='ltr'><strong>partes</strong></span> <span class='ocrx_word' id='word_1_355' title='bbox 620 3917 728 3980; x_wconf 86' lang='lat' dir='ltr'><strong>lucere.</strong></span> <span class='ocrx_word' id='word_1_356' title='bbox 777 3913 876 3986; x_wconf 89' lang='lat' dir='ltr'><strong>Quam</strong></span> <span class='ocrx_word' id='word_1_357' title='bbox 909 3914 989 3977; x_wconf 87' lang='lat' dir='ltr'><strong>enirn</strong></span> <span class='ocrx_word' id='word_1_358' title='bbox 1022 3915 1109 3978; x_wconf 91' lang='lat' dir='ltr'><strong>nobis</strong></span> <span class='ocrx_word' id='word_1_359' title='bbox 1139 3917 1167 3976; x_wconf 89' lang='lat' dir='ltr'><strong>in</strong></span> <span class='ocrx_word' id='word_1_360' title='bbox 1201 3916 1289 3978; x_wconf 91' lang='lat' dir='ltr'><strong>Luna</strong></span> <span class='ocrx_word' id='word_1_361' title='bbox 1320 3916 1428 3978; x_wconf 81' lang='lat' dir='ltr'><strong>faciem</strong></span> <span class='ocrx_word' id='word_1_362' title='bbox 1460 3934 1500 3977; x_wconf 85' lang='lat' dir='ltr'><strong>ex</strong></span> <span class='ocrx_word' id='word_1_363' title='bbox 1528 3917 1713 3979; x_wconf 78' lang='lat' dir='ltr'><strong>macularum</strong></span> 
     </span>
     <span class='ocr_line' id='line_1_38' title="bbox 354 4002 1714 4086; baseline -0.001 -17"><span class='ocrx_word' id='word_1_364' title='bbox 354 4005 551 4085; x_wconf 88' lang='lat' dir='ltr'><strong>dispositione</strong></span> <span class='ocrx_word' id='word_1_365' title='bbox 574 4006 787 4085; x_wconf 87' lang='lat' dir='ltr'><strong>imaginamur,</strong></span> <span class='ocrx_word' id='word_1_366' title='bbox 811 4005 866 4065; x_wconf 90' lang='lat' dir='ltr'><strong>illa</strong></span> <span class='ocrx_word' id='word_1_367' title='bbox 888 4005 1059 4066; x_wconf 84' lang='lat' dir='ltr'><strong>successive</strong></span> <span class='ocrx_word' id='word_1_368' title='bbox 1082 4004 1206 4066; x_wconf 88' lang='lat' dir='ltr'><strong>enititur</strong></span> <span class='ocrx_word' id='word_1_369' title='bbox 1228 4005 1259 4067; x_wconf 91' lang='lat' dir='ltr'><strong>iu</strong></span> <span class='ocrx_word' id='word_1_370' title='bbox 1281 4004 1380 4067; x_wconf 86' lang='lat' dir='ltr'><strong>lucem</strong></span> <span class='ocrx_word' id='word_1_371' title='bbox 1402 4023 1583 4086; x_wconf 80' lang='lat' dir='ltr'><strong>semperque</strong></span> <span class='ocrx_word' id='word_1_372' title='bbox 1605 4002 1714 4068; x_wconf 72' lang='lat' dir='ltr'><strong>imno-</strong></span> 
     </span>
     <span class='ocr_line' id='line_1_39' title="bbox 355 4091 1715 4174; baseline -0.002 -17"><span class='ocrx_word' id='word_1_373' title='bbox 355 4094 423 4157; x_wconf 88' lang='lat' dir='ltr'><strong>bilis</strong></span> <span class='ocrx_word' id='word_1_374' title='bbox 443 4095 482 4157; x_wconf 89' lang='lat' dir='ltr'><strong>ad</strong></span> <span class='ocrx_word' id='word_1_375' title='bbox 506 4114 560 4157; x_wconf 88' lang='lat' dir='ltr'><strong>uos</strong></span> <span class='ocrx_word' id='word_1_376' title='bbox 583 4096 723 4157; x_wconf 88' lang='lat' dir='ltr'><strong>deorsum</strong></span> <span class='ocrx_word' id='word_1_377' title='bbox 748 4092 941 4165; x_wconf 80' lang='lat' dir='ltr'><strong>convertitur,</strong></span> <span class='ocrx_word' id='word_1_378' title='bbox 967 4093 1025 4155; x_wconf 89' lang='lat' dir='ltr'><strong>luci</strong></span> <span class='ocrx_word' id='word_1_379' title='bbox 1049 4093 1210 4155; x_wconf 89' lang='lat' dir='ltr'><strong>transitum</strong></span> <span class='ocrx_word' id='word_1_380' title='bbox 1234 4111 1324 4174; x_wconf 83' lang='lat' dir='ltr'><strong>super</strong></span> <span class='ocrx_word' id='word_1_381' title='bbox 1347 4111 1416 4155; x_wconf 85' lang='lat' dir='ltr'><strong>sese</strong></span> <span class='ocrx_word' id='word_1_382' title='bbox 1439 4094 1622 4156; x_wconf 70' lang='lat' dir='ltr'><strong>madan.</strong></span> <span class='ocrx_word' id='word_1_383' title='bbox 1656 4091 1715 4156; x_wconf 80' lang='lat' dir='ltr'><strong>Est</strong></span> 
     </span>
     <span class='ocr_line' id='line_1_40' title="bbox 355 4180 1715 4262; baseline -0.002 -18"><span class='ocrx_word' id='word_1_384' title='bbox 355 4183 385 4244; x_wconf 92' lang='lat' dir='ltr'><strong>iu</strong></span> <span class='ocrx_word' id='word_1_385' title='bbox 409 4183 589 4245; x_wconf 91' lang='lat' dir='ltr'><strong>occidentali</strong></span> <span class='ocrx_word' id='word_1_386' title='bbox 614 4185 718 4244; x_wconf 91' lang='lat' dir='ltr'><strong>Lunae</strong></span> <span class='ocrx_word' id='word_1_387' title='bbox 742 4182 876 4262; x_wconf 90' lang='lat' dir='ltr'><strong>margine</strong></span> <span class='ocrx_word' id='word_1_388' title='bbox 899 4182 990 4261; x_wconf 92' lang='lat' dir='ltr'><strong>paulo</strong></span> <span class='ocrx_word' id='word_1_389' title='bbox 1014 4200 1106 4260; x_wconf 91' lang='lat' dir='ltr'><strong>snpra</strong></span> <span class='ocrx_word' id='word_1_390' title='bbox 1129 4182 1255 4257; x_wconf 88' lang='lat' dir='ltr'><strong>oculum,</strong></span> <span class='ocrx_word' id='word_1_391' title='bbox 1280 4200 1385 4244; x_wconf 84' lang='lat' dir='ltr'><strong>versus</strong></span> <span class='ocrx_word' id='word_1_392' title='bbox 1413 4181 1572 4256; x_wconf 83' lang='lat' dir='ltr'><strong>verticem,</strong></span> <span class='ocrx_word' id='word_1_393' title='bbox 1598 4180 1715 4244; x_wconf 90' lang='lat' dir='ltr'><strong>macula</strong></span> 
     </span>
     <span class='ocr_line' id='line_1_41' title="bbox 356 4267 1715 4352; baseline -0.001 -19"><span class='ocrx_word' id='word_1_394' title='bbox 356 4272 535 4352; x_wconf 86' lang='lat' dir='ltr'><strong>nigerrima,</strong></span> <span class='ocrx_word' id='word_1_395' title='bbox 568 4272 671 4351; x_wconf 91' lang='lat' dir='ltr'><strong>puncti</strong></span> <span class='ocrx_word' id='word_1_396' title='bbox 703 4270 818 4339; x_wconf 85' lang='lat' dir='ltr'><strong>instar.</strong></span> <span class='ocrx_word' id='word_1_397' title='bbox 850 4270 878 4330; x_wconf 93' lang='lat' dir='ltr'><strong>in</strong></span> <span class='ocrx_word' id='word_1_398' title='bbox 903 4270 1001 4331; x_wconf 87' lang='lat' dir='ltr'><strong>media</strong></span> <span class='ocrx_word' id='word_1_399' title='bbox 1024 4280 1056 4331; x_wconf 92' lang='lat' dir='ltr'><strong>et</strong></span> <span class='ocrx_word' id='word_1_400' title='bbox 1079 4269 1248 4332; x_wconf 89' lang='lat' dir='ltr'><strong>clarissima</strong></span> <span class='ocrx_word' id='word_1_401' title='bbox 1271 4270 1357 4342; x_wconf 88' lang='lat' dir='ltr'><strong>luce,</strong></span> <span class='ocrx_word' id='word_1_402' title='bbox 1380 4280 1523 4350; x_wconf 87' lang='lat' dir='ltr'><strong>separata</strong></span> <span class='ocrx_word' id='word_1_403' title='bbox 1548 4292 1567 4332; x_wconf 92' lang='lat' dir='ltr'><strong>a</strong></span> <span class='ocrx_word' id='word_1_404' title='bbox 1590 4267 1715 4332; x_wconf 80' lang='lat' dir='ltr'><strong>maculis</strong></span> 
     </span>
     <span class='ocr_line' id='line_1_42' title="bbox 357 4358 1713 4438; baseline 0.001 -17"><span class='ocrx_word' id='word_1_405' title='bbox 357 4378 411 4422; x_wconf 89' lang='lat' dir='ltr'><strong>ceu</strong></span> <span class='ocrx_word' id='word_1_406' title='bbox 436 4360 534 4421; x_wconf 91' lang='lat' dir='ltr'><strong>insula</strong></span> <span class='ocrx_word' id='word_1_407' title='bbox 556 4380 576 4420; x_wconf 91' lang='lat' dir='ltr'><strong>a</strong></span> <span class='ocrx_word' id='word_1_408' title='bbox 598 4359 839 4431; x_wconf 90' lang='lat' dir='ltr'><strong>continentibus,</strong></span> <span class='ocrx_word' id='word_1_409' title='bbox 862 4359 912 4418; x_wconf 84' lang='lat' dir='ltr'><strong>vix</strong></span> <span class='ocrx_word' id='word_1_410' title='bbox 937 4359 1022 4438; x_wconf 89' lang='lat' dir='ltr'><strong>digiti</strong></span> <span class='ocrx_word' id='word_1_411' title='bbox 1048 4358 1208 4420; x_wconf 86' lang='lat' dir='ltr'><strong>latitudine</strong></span> <span class='ocrx_word' id='word_1_412' title='bbox 1232 4358 1270 4419; x_wconf 82' lang='lat' dir='ltr'><strong>ab</strong></span> <span class='ocrx_word' id='word_1_413' title='bbox 1294 4369 1429 4421; x_wconf 85' lang='lat' dir='ltr'><strong>extremo</strong></span> <span class='ocrx_word' id='word_1_414' title='bbox 1461 4358 1554 4421; x_wconf 91' lang='lat' dir='ltr'><strong>limbo</strong></span> <span class='ocrx_word' id='word_1_415' title='bbox 1585 4358 1713 4422; x_wconf 53' lang='lat' dir='ltr'><strong>&amp;taus</strong></span> 
     </span>
     <span class='ocr_line' id='line_1_43' title="bbox 356 4446 1713 4527; baseline 0.001 -19"><span class='ocrx_word' id='word_1_416' title='bbox 356 4448 443 4509; x_wconf 84' lang='lat' dir='ltr'><strong>Bane</strong></span> <span class='ocrx_word' id='word_1_417' title='bbox 467 4448 524 4521; x_wconf 89' lang='lat' dir='ltr'><strong>ibi,</strong></span> <span class='ocrx_word' id='word_1_418' title='bbox 557 4465 664 4527; x_wconf 89' lang='lat' dir='ltr'><strong>nempe</strong></span> <span class='ocrx_word' id='word_1_419' title='bbox 687 4447 717 4508; x_wconf 92' lang='lat' dir='ltr'><strong>in</strong></span> <span class='ocrx_word' id='word_1_420' title='bbox 742 4446 920 4508; x_wconf 88' lang='lat' dir='ltr'><strong>occidentali</strong></span> <span class='ocrx_word' id='word_1_421' title='bbox 946 4446 1079 4526; x_wconf 88' lang='lat' dir='ltr'><strong>margine</strong></span> <span class='ocrx_word' id='word_1_422' title='bbox 1110 4456 1142 4508; x_wconf 94' lang='lat' dir='ltr'><strong>et</strong></span> <span class='ocrx_word' id='word_1_423' title='bbox 1172 4446 1263 4525; x_wconf 89' lang='lat' dir='ltr'><strong>paulo</strong></span> <span class='ocrx_word' id='word_1_424' title='bbox 1291 4466 1398 4509; x_wconf 85' lang='lat' dir='ltr'><strong>versus</strong></span> <span class='ocrx_word' id='word_1_425' title='bbox 1430 4447 1575 4509; x_wconf 85' lang='lat' dir='ltr'><strong>verticem</strong></span> <span class='ocrx_word' id='word_1_426' title='bbox 1599 4463 1713 4520; x_wconf 81' lang='lat' dir='ltr'><strong>cernae.</strong></span> 
     </span>
     <span class='ocr_line' id='line_1_44' title="bbox 357 4534 1715 4616; baseline 0 -19"><span class='ocrx_word' id='word_1_427' title='bbox 357 4556 411 4598; x_wconf 83' lang='lat' dir='ltr'><strong>sen</strong></span> <span class='ocrx_word' id='word_1_428' title='bbox 435 4536 557 4597; x_wconf 84' lang='lat' dir='ltr'><strong>dividua</strong></span> <span class='ocrx_word' id='word_1_429' title='bbox 581 4536 668 4597; x_wconf 91' lang='lat' dir='ltr'><strong>Luna</strong></span> <span class='ocrx_word' id='word_1_430' title='bbox 687 4536 728 4596; x_wconf 88' lang='lat' dir='ltr'><strong>sit</strong></span> <span class='ocrx_word' id='word_1_431' title='bbox 761 4554 813 4596; x_wconf 88' lang='lat' dir='ltr'><strong>seu</strong></span> <span class='ocrx_word' id='word_1_432' title='bbox 841 4534 969 4615; x_wconf 86' lang='lat' dir='ltr'><strong>gibbosa</strong></span> <span class='ocrx_word' id='word_1_433' title='bbox 1001 4554 1054 4596; x_wconf 89' lang='lat' dir='ltr'><strong>seu</strong></span> <span class='ocrx_word' id='word_1_434' title='bbox 1078 4536 1196 4597; x_wconf 90' lang='lat' dir='ltr'><strong>omnino</strong></span> <span class='ocrx_word' id='word_1_435' title='bbox 1218 4536 1319 4615; x_wconf 88' lang='lat' dir='ltr'><strong>plena.</strong></span> <span class='ocrx_word' id='word_1_436' title='bbox 1367 4534 1505 4598; x_wconf 80' lang='lat' dir='ltr'><strong>circulus</strong></span> <span class='ocrx_word' id='word_1_437' title='bbox 1529 4535 1626 4616; x_wconf 86' lang='lat' dir='ltr'><strong>igitur</strong></span> <span class='ocrx_word' id='word_1_438' title='bbox 1645 4535 1715 4599; x_wconf 89' lang='lat' dir='ltr'><strong>illu-</strong></span> 
     </span>
     <span class='ocr_line' id='line_1_45' title="bbox 358 4622 1717 4707; baseline -0.001 -21"><span class='ocrx_word' id='word_1_439' title='bbox 358 4624 531 4686; x_wconf 89' lang='lat' dir='ltr'><strong>minationis</strong></span> <span class='ocrx_word' id='word_1_440' title='bbox 558 4624 686 4704; x_wconf 88' lang='lat' dir='ltr'><strong>primum</strong></span> <span class='ocrx_word' id='word_1_441' title='bbox 718 4624 802 4685; x_wconf 88' lang='lat' dir='ltr'><strong>illam</strong></span> <span class='ocrx_word' id='word_1_442' title='bbox 831 4622 973 4702; x_wconf 89' lang='lat' dir='ltr'><strong>attingit,</strong></span> <span class='ocrx_word' id='word_1_443' title='bbox 1006 4634 1078 4705; x_wconf 89' lang='lat' dir='ltr'><strong>post</strong></span> <span class='ocrx_word' id='word_1_444' title='bbox 1106 4624 1220 4687; x_wconf 86' lang='lat' dir='ltr'><strong>transit</strong></span> <span class='ocrx_word' id='word_1_445' title='bbox 1252 4625 1349 4705; x_wconf 90' lang='lat' dir='ltr'><strong>magis</strong></span> <span class='ocrx_word' id='word_1_446' title='bbox 1380 4624 1551 4705; x_wconf 85' lang='lat' dir='ltr'><strong>magisque,</strong></span> <span class='ocrx_word' id='word_1_447' title='bbox 1582 4634 1616 4687; x_wconf 88' lang='lat' dir='ltr'><strong>et</strong></span> <span class='ocrx_word' id='word_1_448' title='bbox 1647 4633 1717 4707; x_wconf 90' lang='lat' dir='ltr'><strong>poat</strong></span> 
     </span>
     <span class='ocr_line' id='line_1_46' title="bbox 357 4708 1716 4795; baseline 0 -21"><span class='ocrx_word' id='word_1_449' title='bbox 357 4712 551 4794; x_wconf 90' lang='lat' dir='ltr'><strong>plenilunium</strong></span> <span class='ocrx_word' id='word_1_450' title='bbox 584 4712 674 4792; x_wconf 85' lang='lat' dir='ltr'><strong>plone</strong></span> <span class='ocrx_word' id='word_1_451' title='bbox 704 4712 826 4774; x_wconf 90' lang='lat' dir='ltr'><strong>deserit.</strong></span> <span class='ocrx_word' id='word_1_452' title='bbox 874 4708 976 4782; x_wconf 89' lang='lat' dir='ltr'><strong>Quare</strong></span> <span class='ocrx_word' id='word_1_453' title='bbox 1009 4733 1067 4774; x_wconf 93' lang='lat' dir='ltr'><strong>non</strong></span> <span class='ocrx_word' id='word_1_454' title='bbox 1104 4714 1229 4775; x_wconf 87' lang='lat' dir='ltr'><strong>eaedem</strong></span> <span class='ocrx_word' id='word_1_455' title='bbox 1257 4713 1361 4776; x_wconf 89' lang='lat' dir='ltr'><strong>Lunae</strong></span> <span class='ocrx_word' id='word_1_456' title='bbox 1393 4723 1498 4795; x_wconf 90' lang='lat' dir='ltr'><strong>partes</strong></span> <span class='ocrx_word' id='word_1_457' title='bbox 1535 4732 1658 4795; x_wconf 88' lang='lat' dir='ltr'><strong>semper</strong></span> <span class='ocrx_word' id='word_1_458' title='bbox 1688 4713 1716 4774; x_wconf 88' lang='lat' dir='ltr'><strong>iu</strong></span> 
     </span>
     <span class='ocr_line' id='line_1_47' title="bbox 360 4799 1717 4885; baseline 0 -21"><span class='ocrx_word' id='word_1_459' title='bbox 360 4802 467 4865; x_wconf 89' lang='lat' dir='ltr'><strong>lumine</strong></span> <span class='ocrx_word' id='word_1_460' title='bbox 492 4810 573 4874; x_wconf 86' lang='lat' dir='ltr'><strong>sunt,</strong></span> <span class='ocrx_word' id='word_1_461' title='bbox 597 4801 675 4881; x_wconf 92' lang='lat' dir='ltr'><strong>quod</strong></span> <span class='ocrx_word' id='word_1_462' title='bbox 691 4801 824 4864; x_wconf 88' lang='lat' dir='ltr'><strong>Berosus</strong></span> <span class='ocrx_word' id='word_1_463' title='bbox 847 4799 1054 4876; x_wconf 75' lang='lat' dir='ltr'><strong>existimabat,</strong></span> <span class='ocrx_word' id='word_1_464' title='bbox 1079 4803 1132 4863; x_wconf 90' lang='lat' dir='ltr'><strong>ssd</strong></span> <span class='ocrx_word' id='word_1_465' title='bbox 1157 4802 1282 4865; x_wconf 87' lang='lat' dir='ltr'><strong>eaedem</strong></span> <span class='ocrx_word' id='word_1_466' title='bbox 1305 4801 1371 4882; x_wconf 90' lang='lat' dir='ltr'><strong>ejus</strong></span> <span class='ocrx_word' id='word_1_467' title='bbox 1394 4801 1531 4884; x_wconf 89' lang='lat' dir='ltr'><strong>corporis</strong></span> <span class='ocrx_word' id='word_1_468' title='bbox 1552 4811 1661 4885; x_wconf 81' lang='lat' dir='ltr'><strong>parter</strong></span> <span class='ocrx_word' id='word_1_469' title='bbox 1678 4799 1717 4864; x_wconf 92' lang='lat' dir='ltr'><strong>ad</strong></span> 
     </span>
     <span class='ocr_line' id='line_1_48' title="bbox 358 4887 1717 4972; baseline 0.003 -20"><span class='ocrx_word' id='word_1_470' title='bbox 358 4887 508 4952; x_wconf 81' lang='lat' dir='ltr'><strong>Tellurem</strong></span> <span class='ocrx_word' id='word_1_471' title='bbox 532 4888 700 4970; x_wconf 78' lang='lat' dir='ltr'><strong>gyrationis</strong></span> <span class='ocrx_word' id='word_1_472' title='bbox 724 4908 796 4950; x_wconf 89' lang='lat' dir='ltr'><strong>suae</strong></span> <span class='ocrx_word' id='word_1_473' title='bbox 821 4896 956 4949; x_wconf 91' lang='lat' dir='ltr'><strong>centrum</strong></span> <span class='ocrx_word' id='word_1_474' title='bbox 978 4899 1124 4968; x_wconf 89' lang='lat' dir='ltr'><strong>perpetuo</strong></span> <span class='ocrx_word' id='word_1_475' title='bbox 1147 4899 1380 4956; x_wconf 81' lang='lat' dir='ltr'><strong>conuertuntur:</strong></span> <span class='ocrx_word' id='word_1_476' title='bbox 1405 4890 1473 4972; x_wconf 84' lang='lat' dir='ltr'><strong>ipra</strong></span> <span class='ocrx_word' id='word_1_477' title='bbox 1495 4909 1568 4956; x_wconf 81' lang='lat' dir='ltr'><strong>vero</strong></span> <span class='ocrx_word' id='word_1_478' title='bbox 1591 4890 1717 4956; x_wconf 81' lang='lat' dir='ltr'><strong>Terram</strong></span> 
     </span>
     <span class='ocr_line' id='line_1_49' title="bbox 359 4975 1719 5061; baseline 0.001 -21"><span class='ocrx_word' id='word_1_479' title='bbox 359 4975 567 5040; x_wconf 88' lang='lat' dir='ltr'><strong>circumeundo</strong></span> <span class='ocrx_word' id='word_1_480' title='bbox 595 4977 673 5038; x_wconf 87' lang='lat' dir='ltr'><strong>alias</strong></span> <span class='ocrx_word' id='word_1_481' title='bbox 710 4989 800 5059; x_wconf 90' lang='lat' dir='ltr'><strong>atque</strong></span> <span class='ocrx_word' id='word_1_482' title='bbox 839 4976 916 5037; x_wconf 89' lang='lat' dir='ltr'><strong>allas</strong></span> <span class='ocrx_word' id='word_1_483' title='bbox 956 4975 1021 5040; x_wconf 92' lang='lat' dir='ltr'><strong>Soli</strong></span> <span class='ocrx_word' id='word_1_484' title='bbox 1054 4988 1159 5056; x_wconf 82' lang='lat' dir='ltr'><strong>partes</strong></span> <span class='ocrx_word' id='word_1_485' title='bbox 1185 4980 1309 5059; x_wconf 81' lang='lat' dir='ltr'><strong>objicit,</strong></span> <span class='ocrx_word' id='word_1_486' title='bbox 1336 5000 1406 5046; x_wconf 87' lang='lat' dir='ltr'><strong>aeae</strong></span> <span class='ocrx_word' id='word_1_487' title='bbox 1434 4982 1503 5061; x_wconf 86' lang='lat' dir='ltr'><strong>ipsa</strong></span> <span class='ocrx_word' id='word_1_488' title='bbox 1529 4989 1677 5061; x_wconf 85' lang='lat' dir='ltr'><strong>tanquam</strong></span> <span class='ocrx_word' id='word_1_489' title='bbox 1698 4998 1719 5040; x_wconf 91' lang='lat' dir='ltr'><strong>a</strong></span> 
     </span>
    </p>
   </div>
   <div class='ocr_carea' id='block_1_7' title="bbox 0 0 1870 5842">
    <p class='ocr_par' dir='ltr' id='par_1_11' title="bbox 0 0 1870 5842">
     <span class='ocr_line' id='line_1_50' title="bbox 0 0 1870 5842; baseline 0 0"><span class='ocrx_word' id='word_1_490' title='bbox 0 0 1870 5842; x_wconf 95' lang='lat' dir='ltr'><strong> </strong></span> 
     </span>
    </p>
   </div>
  </div>
 </body>
</html>
