<?xml version="1.0" encoding="UTF-8"?>
<!DOCTYPE html PUBLIC "-//W3C//DTD XHTML 1.0 Transitional//EN"
    "http://www.w3.org/TR/xhtml1/DTD/xhtml1-transitional.dtd">
<html xmlns="http://www.w3.org/1999/xhtml" xml:lang="en" lang="en">
 <head>
  <title>
</title>
<meta http-equiv="Content-Type" content="text/html;charset=utf-8" />
  <meta name='ocr-system' content='tesseract 3.04.00' />
  <meta name='ocr-capabilities' content='ocr_page ocr_carea ocr_par ocr_line ocrx_word'/>
</head>
<body>
  <div class='ocr_page' id='page_1' title='image "./joanniskepleria01frisgoog/joanniskepleria01frisgoog_0282.png"; bbox 0 0 3692 5842; ppageno 0'>
   <div class='ocr_carea' id='block_1_1' title="bbox 356 467 1254 538">
    <p class='ocr_par' dir='ltr' id='par_1_1' title="bbox 356 467 1254 538">
     <span class='ocr_line' id='line_1_1' title="bbox 356 467 1254 538; baseline 0 -14"><span class='ocrx_word' id='word_1_1' title='bbox 356 467 426 538; x_wconf 68' lang='lat' dir='ltr'><strong>aas</strong></span> <span class='ocrx_word' id='word_1_2' title='bbox 836 469 1254 536; x_wconf 57' lang='lat' dir='ltr'><strong>remuneremur„</strong></span> 
     </span>
    </p>
   </div>
   <div class='ocr_carea' id='block_1_2' title="bbox 354 646 1719 4223">
    <p class='ocr_par' dir='ltr' id='par_1_2' title="bbox 354 646 1717 2853">
     <span class='ocr_line' id='line_1_2' title="bbox 358 646 1717 729; baseline 0 -19"><span class='ocrx_word' id='word_1_3' title='bbox 358 646 455 723; x_wconf 86' lang='lat' dir='ltr'><strong>candi,</strong></span> <span class='ocrx_word' id='word_1_4' title='bbox 478 664 537 709; x_wconf 90' lang='lat' dir='ltr'><strong>non</strong></span> <span class='ocrx_word' id='word_1_5' title='bbox 560 649 642 711; x_wconf 77' lang='lat' dir='ltr'><strong>alba.</strong></span> <span class='ocrx_word' id='word_1_6' title='bbox 687 647 735 711; x_wconf 78' lang='lat' dir='ltr'><strong>At</strong></span> <span class='ocrx_word' id='word_1_7' title='bbox 754 667 814 712; x_wconf 88' lang='lat' dir='ltr'><strong>nou</strong></span> <span class='ocrx_word' id='word_1_8' title='bbox 836 657 941 712; x_wconf 81' lang='lat' dir='ltr'><strong>tanum</strong></span> <span class='ocrx_word' id='word_1_9' title='bbox 962 648 1035 712; x_wconf 86' lang='lat' dir='ltr'><strong>binc</strong></span> <span class='ocrx_word' id='word_1_10' title='bbox 1056 647 1209 729; x_wconf 75' lang='lat' dir='ltr'><strong>munitur,</strong></span> <span class='ocrx_word' id='word_1_11' title='bbox 1230 648 1313 710; x_wconf 81' lang='lat' dir='ltr'><strong>lianc</strong></span> <span class='ocrx_word' id='word_1_12' title='bbox 1334 664 1404 710; x_wconf 87' lang='lat' dir='ltr'><strong>esse</strong></span> <span class='ocrx_word' id='word_1_13' title='bbox 1426 646 1505 710; x_wconf 81' lang='lat' dir='ltr'><strong>luris</strong></span> <span class='ocrx_word' id='word_1_14' title='bbox 1525 654 1563 710; x_wconf 87' lang='lat' dir='ltr'><strong>et</strong></span> <span class='ocrx_word' id='word_1_15' title='bbox 1581 646 1717 710; x_wconf 74' lang='lat' dir='ltr'><strong>allorum</strong></span> 
     </span>
     <span class='ocr_line' id='line_1_3' title="bbox 358 735 1715 817; baseline 0.001 -18"><span class='ocrx_word' id='word_1_16' title='bbox 358 743 509 800; x_wconf 72' lang='lat' dir='ltr'><strong>naturam</strong></span> <span class='ocrx_word' id='word_1_17' title='bbox 555 736 745 817; x_wconf 72' lang='lat' dir='ltr'><strong>Impossibile</strong></span> <span class='ocrx_word' id='word_1_18' title='bbox 767 738 847 801; x_wconf 91' lang='lat' dir='ltr'><strong>enim</strong></span> <span class='ocrx_word' id='word_1_19' title='bbox 870 747 928 811; x_wconf 86' lang='lat' dir='ltr'><strong>est,</strong></span> <span class='ocrx_word' id='word_1_20' title='bbox 954 738 1044 801; x_wconf 90' lang='lat' dir='ltr'><strong>ullam</strong></span> <span class='ocrx_word' id='word_1_21' title='bbox 1067 737 1254 817; x_wconf 80' lang='lat' dir='ltr'><strong>superficiem</strong></span> <span class='ocrx_word' id='word_1_22' title='bbox 1271 738 1373 801; x_wconf 90' lang='lat' dir='ltr'><strong>colore</strong></span> <span class='ocrx_word' id='word_1_23' title='bbox 1392 753 1449 798; x_wconf 88' lang='lat' dir='ltr'><strong>eso</strong></span> <span class='ocrx_word' id='word_1_24' title='bbox 1470 735 1594 800; x_wconf 69' lang='lat' dir='ltr'><strong>estsere</strong></span> <span class='ocrx_word' id='word_1_25' title='bbox 1614 753 1715 817; x_wconf 81' lang='lat' dir='ltr'><strong>possa.</strong></span> 
     </span>
     <span class='ocr_line' id='line_1_4' title="bbox 356 823 1716 906; baseline 0.001 -19"><span class='ocrx_word' id='word_1_26' title='bbox 356 832 392 887; x_wconf 91' lang='lat' dir='ltr'><strong>nt</strong></span> <span class='ocrx_word' id='word_1_27' title='bbox 413 823 517 888; x_wconf 88' lang='lat' dir='ltr'><strong>radius</strong></span> <span class='ocrx_word' id='word_1_28' title='bbox 540 824 688 906; x_wconf 88' lang='lat' dir='ltr'><strong>quispiam</strong></span> <span class='ocrx_word' id='word_1_29' title='bbox 720 827 783 889; x_wconf 89' lang='lat' dir='ltr'><strong>alia</strong></span> <span class='ocrx_word' id='word_1_30' title='bbox 808 828 889 890; x_wconf 91' lang='lat' dir='ltr'><strong>lines</strong></span> <span class='ocrx_word' id='word_1_31' title='bbox 921 829 950 889; x_wconf 93' lang='lat' dir='ltr'><strong>iu</strong></span> <span class='ocrx_word' id='word_1_32' title='bbox 979 846 1013 888; x_wconf 88' lang='lat' dir='ltr'><strong>se</strong></span> <span class='ocrx_word' id='word_1_33' title='bbox 1039 826 1170 900; x_wconf 88' lang='lat' dir='ltr'><strong>incidat,</strong></span> <span class='ocrx_word' id='word_1_34' title='bbox 1195 841 1286 905; x_wconf 83' lang='lat' dir='ltr'><strong>¹quatu</strong></span> <span class='ocrx_word' id='word_1_35' title='bbox 1318 826 1417 906; x_wconf 79' lang='lat' dir='ltr'><strong>ipsmn</strong></span> <span class='ocrx_word' id='word_1_36' title='bbox 1442 824 1578 888; x_wconf 79' lang='lat' dir='ltr'><strong>incidere</strong></span> <span class='ocrx_word' id='word_1_37' title='bbox 1604 831 1716 905; x_wconf 74' lang='lat' dir='ltr'><strong>orgus</strong></span> 
     </span>
     <span class='ocr_line' id='line_1_5' title="bbox 356 912 1717 996; baseline -0.001 -19"><span class='ocrx_word' id='word_1_38' title='bbox 356 931 430 977; x_wconf 88' lang='lat' dir='ltr'><strong>snae</strong></span> <span class='ocrx_word' id='word_1_39' title='bbox 460 913 544 994; x_wconf 88' lang='lat' dir='ltr'><strong>leges</strong></span> <span class='ocrx_word' id='word_1_40' title='bbox 574 915 703 993; x_wconf 81' lang='lat' dir='ltr'><strong>optione.</strong></span> <span class='ocrx_word' id='word_1_41' title='bbox 754 916 835 977; x_wconf 90' lang='lat' dir='ltr'><strong>Nam</strong></span> <span class='ocrx_word' id='word_1_42' title='bbox 861 915 940 996; x_wconf 87' lang='lat' dir='ltr'><strong>quod</strong></span> <span class='ocrx_word' id='word_1_43' title='bbox 971 914 1063 977; x_wconf 84' lang='lat' dir='ltr'><strong>latior</strong></span> <span class='ocrx_word' id='word_1_44' title='bbox 1093 915 1212 977; x_wconf 82' lang='lat' dir='ltr'><strong>videtur</strong></span> <span class='ocrx_word' id='word_1_45' title='bbox 1242 915 1380 978; x_wconf 88' lang='lat' dir='ltr'><strong>alborum</strong></span> <span class='ocrx_word' id='word_1_46' title='bbox 1409 912 1593 992; x_wconf 69' lang='lat' dir='ltr'><strong>illnsntio,</strong></span> <span class='ocrx_word' id='word_1_47' title='bbox 1626 930 1717 976; x_wconf 78' lang='lat' dir='ltr'><strong>cama</strong></span> 
     </span>
     <span class='ocr_line' id='line_1_6' title="bbox 356 1003 1716 1084; baseline 0 -18"><span class='ocrx_word' id='word_1_48' title='bbox 356 1021 425 1066; x_wconf 89' lang='lat' dir='ltr'><strong>esse</strong></span> <span class='ocrx_word' id='word_1_49' title='bbox 447 1010 552 1082; x_wconf 78' lang='lat' dir='ltr'><strong>potest</strong></span> <span class='ocrx_word' id='word_1_50' title='bbox 575 1003 701 1064; x_wconf 83' lang='lat' dir='ltr'><strong>eximius</strong></span> <span class='ocrx_word' id='word_1_51' title='bbox 726 1003 833 1082; x_wconf 77' lang='lat' dir='ltr'>fulgor,</span> <span class='ocrx_word' id='word_1_52' title='bbox 858 1012 891 1065; x_wconf 90' lang='lat' dir='ltr'><strong>ut</strong></span> <span class='ocrx_word' id='word_1_53' title='bbox 909 1004 975 1082; x_wconf 89' lang='lat' dir='ltr'><strong>jam</strong></span> <span class='ocrx_word' id='word_1_54' title='bbox 999 1004 1208 1083; x_wconf 85' lang='lat' dir='ltr'><strong>explicabitur,</strong></span> <span class='ocrx_word' id='word_1_55' title='bbox 1230 1011 1264 1066; x_wconf 88' lang='lat' dir='ltr'><strong>st</strong></span> <span class='ocrx_word' id='word_1_56' title='bbox 1284 1003 1366 1084; x_wconf 79' lang='lat' dir='ltr'><strong>qnod</strong></span> <span class='ocrx_word' id='word_1_57' title='bbox 1385 1003 1583 1083; x_wconf 71' lang='lat' dir='ltr'><strong>circmjects</strong></span> <span class='ocrx_word' id='word_1_58' title='bbox 1604 1011 1716 1083; x_wconf 71' lang='lat' dir='ltr'><strong>meto</strong></span> 
     </span>
     <span class='ocr_line' id='line_1_7' title="bbox 356 1090 1715 1171; baseline 0 -18"><span class='ocrx_word' id='word_1_59' title='bbox 356 1090 538 1155; x_wconf 70' lang='lat' dir='ltr'><strong>incensionis</strong></span> <span class='ocrx_word' id='word_1_60' title='bbox 560 1090 632 1153; x_wconf 88' lang='lat' dir='ltr'><strong>alba</strong></span> <span class='ocrx_word' id='word_1_61' title='bbox 655 1091 703 1152; x_wconf 88' lang='lat' dir='ltr'><strong>vel</strong></span> <span class='ocrx_word' id='word_1_62' title='bbox 727 1092 786 1152; x_wconf 85' lang='lat' dir='ltr'><strong>leri</strong></span> <span class='ocrx_word' id='word_1_63' title='bbox 809 1093 894 1155; x_wconf 90' lang='lat' dir='ltr'><strong>radio</strong></span> <span class='ocrx_word' id='word_1_64' title='bbox 913 1092 1114 1155; x_wconf 85' lang='lat' dir='ltr'><strong>inclarescunt</strong></span> <span class='ocrx_word' id='word_1_65' title='bbox 1136 1100 1168 1154; x_wconf 87' lang='lat' dir='ltr'><strong>et</strong></span> <span class='ocrx_word' id='word_1_66' title='bbox 1190 1091 1356 1155; x_wconf 73' lang='lat' dir='ltr'><strong>fortissime</strong></span> <span class='ocrx_word' id='word_1_67' title='bbox 1375 1091 1550 1155; x_wconf 78' lang='lat' dir='ltr'><strong>illmtratae</strong></span> <span class='ocrx_word' id='word_1_68' title='bbox 1572 1091 1659 1171; x_wconf 83' lang='lat' dir='ltr'><strong>parti</strong></span> <span class='ocrx_word' id='word_1_69' title='bbox 1678 1091 1715 1153; x_wconf 92' lang='lat' dir='ltr'><strong>ob</strong></span> 
     </span>
     <span class='ocr_line' id='line_1_8' title="bbox 354 1178 1714 1261; baseline 0 -19"><span class='ocrx_word' id='word_1_70' title='bbox 354 1178 576 1242; x_wconf 68' lang='lat' dir='ltr'><strong>conniventiam</strong></span> <span class='ocrx_word' id='word_1_71' title='bbox 599 1180 750 1242; x_wconf 88' lang='lat' dir='ltr'><strong>oculorum</strong></span> <span class='ocrx_word' id='word_1_72' title='bbox 773 1189 980 1243; x_wconf 73' lang='lat' dir='ltr'><strong>accensentur.</strong></span> <span class='ocrx_word' id='word_1_73' title='bbox 1027 1179 1090 1243; x_wconf 84' lang='lat' dir='ltr'><strong>Cur</strong></span> <span class='ocrx_word' id='word_1_74' title='bbox 1113 1198 1183 1243; x_wconf 91' lang='lat' dir='ltr'><strong>vero</strong></span> <span class='ocrx_word' id='word_1_75' title='bbox 1205 1182 1294 1260; x_wconf 84' lang='lat' dir='ltr'><strong>nigra</strong></span> <span class='ocrx_word' id='word_1_76' title='bbox 1315 1180 1507 1261; x_wconf 85' lang='lat' dir='ltr'><strong>potissimum</strong></span> <span class='ocrx_word' id='word_1_77' title='bbox 1519 1180 1714 1244; x_wconf 79' lang='lat' dir='ltr'><strong>indemen-</strong></span> 
     </span>
     <span class='ocr_line' id='line_1_9' title="bbox 356 1265 1712 1349; baseline 0 -19"><span class='ocrx_word' id='word_1_78' title='bbox 356 1275 414 1343; x_wconf 82' lang='lat' dir='ltr'><strong>tur,</strong></span> <span class='ocrx_word' id='word_1_79' title='bbox 438 1275 559 1347; x_wconf 87' lang='lat' dir='ltr'><strong>praeter</strong></span> <span class='ocrx_word' id='word_1_80' title='bbox 581 1286 627 1340; x_wconf 86' lang='lat' dir='ltr'><strong>ea,</strong></span> <span class='ocrx_word' id='word_1_81' title='bbox 652 1287 729 1347; x_wconf 87' lang='lat' dir='ltr'><strong>quae</strong></span> <span class='ocrx_word' id='word_1_82' title='bbox 752 1287 819 1348; x_wconf 90' lang='lat' dir='ltr'><strong>cap.</strong></span> <span class='ocrx_word' id='word_1_83' title='bbox 843 1269 868 1331; x_wconf 93' lang='lat' dir='ltr'><strong>I.</strong></span> <span class='ocrx_word' id='word_1_84' title='bbox 892 1287 978 1349; x_wconf 91' lang='lat' dir='ltr'><strong>prop.</strong></span> <span class='ocrx_word' id='word_1_85' title='bbox 1002 1265 1055 1332; x_wconf 83' lang='lat'><strong>38.</strong></span> <span class='ocrx_word' id='word_1_86' title='bbox 1079 1268 1227 1344; x_wconf 79' lang='lat' dir='ltr'><strong>diximus,</strong></span> <span class='ocrx_word' id='word_1_87' title='bbox 1249 1287 1343 1332; x_wconf 89' lang='lat' dir='ltr'><strong>cansa</strong></span> <span class='ocrx_word' id='word_1_88' title='bbox 1365 1269 1486 1332; x_wconf 84' lang='lat' dir='ltr'><strong>videtur</strong></span> <span class='ocrx_word' id='word_1_89' title='bbox 1512 1269 1611 1332; x_wconf 84' lang='lat' dir='ltr'><strong>stiam</strong></span> <span class='ocrx_word' id='word_1_90' title='bbox 1640 1267 1712 1330; x_wconf 87' lang='lat' dir='ltr'><strong>base</strong></span> 
     </span>
     <span class='ocr_line' id='line_1_10' title="bbox 356 1355 1716 1438; baseline 0.002 -21"><span class='ocrx_word' id='word_1_91' title='bbox 356 1374 441 1429; x_wconf 83' lang='lat' dir='ltr'><strong>esse,</strong></span> <span class='ocrx_word' id='word_1_92' title='bbox 475 1355 554 1435; x_wconf 86' lang='lat' dir='ltr'><strong>qnod</strong></span> <span class='ocrx_word' id='word_1_93' title='bbox 586 1374 778 1438; x_wconf 88' lang='lat' dir='ltr'><strong>quaecuuque</strong></span> <span class='ocrx_word' id='word_1_94' title='bbox 810 1358 867 1420; x_wconf 92' lang='lat' dir='ltr'><strong>hoc</strong></span> <span class='ocrx_word' id='word_1_95' title='bbox 890 1358 989 1420; x_wconf 89' lang='lat' dir='ltr'><strong>colore</strong></span> <span class='ocrx_word' id='word_1_96' title='bbox 1014 1358 1111 1419; x_wconf 87' lang='lat' dir='ltr'><strong>tincta</strong></span> <span class='ocrx_word' id='word_1_97' title='bbox 1142 1365 1228 1429; x_wconf 89' lang='lat' dir='ltr'><strong>sunt,</strong></span> <span class='ocrx_word' id='word_1_98' title='bbox 1261 1357 1434 1419; x_wconf 84' lang='lat' dir='ltr'><strong>ariditatem</strong></span> <span class='ocrx_word' id='word_1_99' title='bbox 1466 1365 1500 1420; x_wconf 89' lang='lat' dir='ltr'><strong>st</strong></span> <span class='ocrx_word' id='word_1_100' title='bbox 1526 1357 1716 1420; x_wconf 61' lang='lat' dir='ltr'><strong>maionem</strong></span> 
     </span>
     <span class='ocr_line' id='line_1_11' title="bbox 356 1443 1717 1527; baseline 0.001 -22"><span class='ocrx_word' id='word_1_101' title='bbox 356 1444 493 1524; x_wconf 78' lang='lat' dir='ltr'><strong>sapiuut3</strong></span> <span class='ocrx_word' id='word_1_102' title='bbox 516 1443 621 1506; x_wconf 91' lang='lat' dir='ltr'><strong>borum</strong></span> <span class='ocrx_word' id='word_1_103' title='bbox 644 1445 736 1525; x_wconf 83' lang='lat' dir='ltr'><strong>igitur</strong></span> <span class='ocrx_word' id='word_1_104' title='bbox 758 1446 887 1508; x_wconf 88' lang='lat' dir='ltr'><strong>materia</strong></span> <span class='ocrx_word' id='word_1_105' title='bbox 909 1448 1008 1526; x_wconf 83' lang='lat' dir='ltr'><strong>magis</strong></span> <span class='ocrx_word' id='word_1_106' title='bbox 1032 1445 1137 1507; x_wconf 78' lang='lat' dir='ltr'><strong>existit</strong></span> <span class='ocrx_word' id='word_1_107' title='bbox 1159 1445 1392 1509; x_wconf 84' lang='lat' dir='ltr'><strong>inflammabilis.</strong></span> <span class='ocrx_word' id='word_1_108' title='bbox 1431 1446 1530 1524; x_wconf 73' lang='lat' dir='ltr'><strong>Igitur</strong></span> <span class='ocrx_word' id='word_1_109' title='bbox 1552 1446 1635 1527; x_wconf 83' lang='lat' dir='ltr'><strong>qnod</strong></span> <span class='ocrx_word' id='word_1_110' title='bbox 1649 1446 1717 1507; x_wconf 90' lang='lat' dir='ltr'><strong>alba</strong></span> 
     </span>
     <span class='ocr_line' id='line_1_12' title="bbox 354 1532 1714 1615; baseline 0.001 -21"><span class='ocrx_word' id='word_1_111' title='bbox 354 1532 386 1594; x_wconf 92' lang='lat' dir='ltr'><strong>iu</strong></span> <span class='ocrx_word' id='word_1_112' title='bbox 408 1539 519 1612; x_wconf 82' lang='lat' dir='ltr'><strong>puncto</strong></span> <span class='ocrx_word' id='word_1_113' title='bbox 543 1532 724 1594; x_wconf 82' lang='lat' dir='ltr'><strong>incensionis</strong></span> <span class='ocrx_word' id='word_1_114' title='bbox 748 1535 857 1597; x_wconf 89' lang='lat' dir='ltr'><strong>latiora</strong></span> <span class='ocrx_word' id='word_1_115' title='bbox 879 1535 1068 1614; x_wconf 85' lang='lat' dir='ltr'><strong>apparentis,</strong></span> <span class='ocrx_word' id='word_1_116' title='bbox 1093 1535 1172 1596; x_wconf 91' lang='lat' dir='ltr'><strong>idem</strong></span> <span class='ocrx_word' id='word_1_117' title='bbox 1196 1543 1229 1596; x_wconf 88' lang='lat' dir='ltr'><strong>et</strong></span> <span class='ocrx_word' id='word_1_118' title='bbox 1249 1534 1394 1615; x_wconf 79' lang='lat' dir='ltr'><strong>pleraque</strong></span> <span class='ocrx_word' id='word_1_119' title='bbox 1413 1534 1482 1614; x_wconf 87' lang='lat' dir='ltr'><strong>jam</strong></span> <span class='ocrx_word' id='word_1_120' title='bbox 1503 1536 1604 1597; x_wconf 80' lang='lat' dir='ltr'><strong>allata</strong></span> <span class='ocrx_word' id='word_1_121' title='bbox 1620 1534 1714 1613; x_wconf 88' lang='lat' dir='ltr'><strong>pbse·</strong></span> 
     </span>
     <span class='ocr_line' id='line_1_13' title="bbox 356 1621 1715 1702; baseline 0.001 -19"><span class='ocrx_word' id='word_1_122' title='bbox 356 1639 484 1683; x_wconf 89' lang='lat' dir='ltr'><strong>nomena</strong></span> <span class='ocrx_word' id='word_1_123' title='bbox 506 1621 616 1683; x_wconf 90' lang='lat' dir='ltr'><strong>testari</strong></span> <span class='ocrx_word' id='word_1_124' title='bbox 639 1621 788 1696; x_wconf 89' lang='lat' dir='ltr'><strong>videntur,</strong></span> <span class='ocrx_word' id='word_1_125' title='bbox 813 1623 951 1702; x_wconf 89' lang='lat' dir='ltr'><strong>ampliari</strong></span> <span class='ocrx_word' id='word_1_126' title='bbox 974 1642 1032 1685; x_wconf 91' lang='lat' dir='ltr'><strong>nou</strong></span> <span class='ocrx_word' id='word_1_127' title='bbox 1057 1623 1172 1685; x_wconf 85' lang='lat' dir='ltr'><strong>radium</strong></span> <span class='ocrx_word' id='word_1_128' title='bbox 1194 1624 1355 1686; x_wconf 87' lang='lat' dir='ltr'><strong>collectum</strong></span> <span class='ocrx_word' id='word_1_129' title='bbox 1377 1622 1407 1684; x_wconf 91' lang='lat' dir='ltr'><strong>in</strong></span> <span class='ocrx_word' id='word_1_130' title='bbox 1430 1641 1463 1686; x_wconf 88' lang='lat' dir='ltr'><strong>re</strong></span> <span class='ocrx_word' id='word_1_131' title='bbox 1486 1623 1569 1696; x_wconf 80' lang='lat' dir='ltr'><strong>alba.</strong></span> <span class='ocrx_word' id='word_1_132' title='bbox 1594 1624 1652 1685; x_wconf 90' lang='lat' dir='ltr'><strong>sed</strong></span> <span class='ocrx_word' id='word_1_133' title='bbox 1674 1623 1715 1684; x_wconf 91' lang='lat' dir='ltr'><strong>rei</strong></span> 
     </span>
     <span class='ocr_line' id='line_1_14' title="bbox 354 1708 1715 1790; baseline 0.001 -19"><span class='ocrx_word' id='word_1_134' title='bbox 354 1708 444 1772; x_wconf 89' lang='lat' dir='ltr'><strong>albae</strong></span> <span class='ocrx_word' id='word_1_135' title='bbox 467 1708 590 1790; x_wconf 87' lang='lat' dir='ltr'><strong>ejusque</strong></span> <span class='ocrx_word' id='word_1_136' title='bbox 612 1710 747 1788; x_wconf 79' lang='lat' dir='ltr'><strong>picturae</strong></span> <span class='ocrx_word' id='word_1_137' title='bbox 775 1712 805 1773; x_wconf 92' lang='lat' dir='ltr'><strong>in</strong></span> <span class='ocrx_word' id='word_1_138' title='bbox 837 1712 937 1774; x_wconf 74' lang='lat' dir='ltr'><strong>retium</strong></span> <span class='ocrx_word' id='word_1_139' title='bbox 967 1712 1194 1789; x_wconf 82' lang='lat' dir='ltr'><strong>impressionem</strong></span> <span class='ocrx_word' id='word_1_140' title='bbox 1218 1711 1248 1774; x_wconf 91' lang='lat' dir='ltr'><strong>iu</strong></span> <span class='ocrx_word' id='word_1_141' title='bbox 1271 1711 1411 1790; x_wconf 82' lang='lat' dir='ltr'><strong>spiritum</strong></span> <span class='ocrx_word' id='word_1_142' title='bbox 1433 1711 1590 1774; x_wconf 82' lang='lat' dir='ltr'><strong>visorium.</strong></span> <span class='ocrx_word' id='word_1_143' title='bbox 1637 1711 1715 1773; x_wconf 74' lang='lat' dir='ltr'><strong>Nau</strong></span> 
     </span>
     <span class='ocr_line' id='line_1_15' title="bbox 354 1792 1716 1880; baseline 0.001 -20"><span class='ocrx_word' id='word_1_144' title='bbox 354 1814 409 1877; x_wconf 87' lang='lat' dir='ltr'><strong>per</strong></span> <span class='ocrx_word' id='word_1_145' title='bbox 430 1798 455 1871; x_wconf 79' lang='grc'>1,</span> <span class='ocrx_word' id='word_1_146' title='bbox 480 1792 534 1860; x_wconf 80' lang='lat'><strong>30.</strong></span> <span class='ocrx_word' id='word_1_147' title='bbox 558 1797 626 1878; x_wconf 93' lang='lat' dir='ltr'><strong>plns</strong></span> <span class='ocrx_word' id='word_1_148' title='bbox 648 1798 750 1862; x_wconf 90' lang='lat' dir='ltr'><strong>radiat</strong></span> <span class='ocrx_word' id='word_1_149' title='bbox 772 1800 809 1862; x_wconf 91' lang='lat' dir='ltr'><strong>de</strong></span> <span class='ocrx_word' id='word_1_150' title='bbox 833 1802 905 1862; x_wconf 89' lang='lat' dir='ltr'><strong>alba</strong></span> <span class='ocrx_word' id='word_1_151' title='bbox 927 1820 1015 1880; x_wconf 86' lang='lat' dir='ltr'><strong>quam</strong></span> <span class='ocrx_word' id='word_1_152' title='bbox 1039 1801 1076 1861; x_wconf 90' lang='lat' dir='ltr'><strong>de</strong></span> <span class='ocrx_word' id='word_1_153' title='bbox 1099 1800 1185 1880; x_wconf 84' lang='lat' dir='ltr'><strong>nigra</strong></span> <span class='ocrx_word' id='word_1_154' title='bbox 1206 1800 1373 1879; x_wconf 81' lang='lat' dir='ltr'><strong>superficie.</strong></span> <span class='ocrx_word' id='word_1_155' title='bbox 1415 1800 1530 1878; x_wconf 73' lang='lat' dir='ltr'><strong>Fulget</strong></span> <span class='ocrx_word' id='word_1_156' title='bbox 1551 1799 1648 1879; x_wconf 85' lang='lat' dir='ltr'><strong>igitur</strong></span> <span class='ocrx_word' id='word_1_157' title='bbox 1668 1809 1716 1861; x_wconf 86' lang='lat' dir='ltr'><strong>est</strong></span> 
     </span>
     <span class='ocr_line' id='line_1_16' title="bbox 355 1885 1716 1968; baseline 0 -20"><span class='ocrx_word' id='word_1_158' title='bbox 355 1885 498 1959; x_wconf 83' lang='lat' dir='ltr'><strong>eximius,</strong></span> <span class='ocrx_word' id='word_1_159' title='bbox 523 1894 578 1949; x_wconf 90' lang='lat' dir='ltr'><strong>aut</strong></span> <span class='ocrx_word' id='word_1_160' title='bbox 599 1886 626 1948; x_wconf 88' lang='lat' dir='ltr'><strong>si</strong></span> <span class='ocrx_word' id='word_1_161' title='bbox 649 1885 703 1949; x_wconf 90' lang='lat' dir='ltr'><strong>Sol</strong></span> <span class='ocrx_word' id='word_1_162' title='bbox 726 1897 774 1949; x_wconf 89' lang='lat' dir='ltr'><strong>est</strong></span> <span class='ocrx_word' id='word_1_163' title='bbox 797 1888 827 1951; x_wconf 94' lang='lat' dir='ltr'><strong>iu</strong></span> <span class='ocrx_word' id='word_1_164' title='bbox 851 1889 1109 1962; x_wconf 77' lang='lat' dir='ltr'><strong>consideratione,</strong></span> <span class='ocrx_word' id='word_1_165' title='bbox 1135 1898 1205 1950; x_wconf 91' lang='lat' dir='ltr'><strong>tunc</strong></span> <span class='ocrx_word' id='word_1_166' title='bbox 1226 1888 1284 1950; x_wconf 89' lang='lat' dir='ltr'><strong>boc</strong></span> <span class='ocrx_word' id='word_1_167' title='bbox 1307 1908 1361 1968; x_wconf 93' lang='lat' dir='ltr'><strong>per</strong></span> <span class='ocrx_word' id='word_1_168' title='bbox 1383 1908 1417 1950; x_wconf 87' lang='lat' dir='ltr'><strong>se</strong></span> <span class='ocrx_word' id='word_1_169' title='bbox 1439 1897 1541 1968; x_wconf 85' lang='lat' dir='ltr'><strong>patet.</strong></span> <span class='ocrx_word' id='word_1_170' title='bbox 1587 1886 1662 1950; x_wconf 84' lang='lat' dir='ltr'><strong>Jsm</strong></span> <span class='ocrx_word' id='word_1_171' title='bbox 1682 1895 1716 1948; x_wconf 86' lang='lat' dir='ltr'><strong>st</strong></span> 
     </span>
     <span class='ocr_line' id='line_1_17' title="bbox 355 1973 1717 2057; baseline 0.001 -20"><span class='ocrx_word' id='word_1_172' title='bbox 355 1992 449 2055; x_wconf 90' lang='lat' dir='ltr'><strong>supra</strong></span> <span class='ocrx_word' id='word_1_173' title='bbox 462 1973 670 2054; x_wconf 84' lang='lat' dir='ltr'><strong>comperimus,</strong></span> <span class='ocrx_word' id='word_1_174' title='bbox 694 1975 900 2039; x_wconf 74' lang='lat' dir='ltr'><strong>inhaerescere</strong></span> <span class='ocrx_word' id='word_1_175' title='bbox 924 1977 1042 2056; x_wconf 89' lang='lat' dir='ltr'><strong>species</strong></span> <span class='ocrx_word' id='word_1_176' title='bbox 1066 1977 1095 2038; x_wconf 92' lang='lat' dir='ltr'><strong>in</strong></span> <span class='ocrx_word' id='word_1_177' title='bbox 1109 1977 1227 2057; x_wconf 83' lang='lat' dir='ltr'><strong>spiritu,</strong></span> <span class='ocrx_word' id='word_1_178' title='bbox 1252 1978 1331 2057; x_wconf 91' lang='lat' dir='ltr'><strong>qnod</strong></span> <span class='ocrx_word' id='word_1_179' title='bbox 1354 1977 1385 2038; x_wconf 93' lang='lat' dir='ltr'><strong>iu</strong></span> <span class='ocrx_word' id='word_1_180' title='bbox 1399 1976 1523 2039; x_wconf 85' lang='lat' dir='ltr'><strong>humore</strong></span> <span class='ocrx_word' id='word_1_181' title='bbox 1546 1974 1717 2040; x_wconf 81' lang='lat' dir='ltr'><strong>antmnics</strong></span> 
     </span>
     <span class='ocr_line' id='line_1_18' title="bbox 356 2060 1716 2149; baseline 0.002 -26"><span class='ocrx_word' id='word_1_182' title='bbox 356 2060 474 2142; x_wconf 86' lang='lat' dir='ltr'><strong>legibus</strong></span> <span class='ocrx_word' id='word_1_183' title='bbox 488 2063 599 2143; x_wconf 88' lang='lat' dir='ltr'><strong>opticis</strong></span> <span class='ocrx_word' id='word_1_184' title='bbox 622 2064 686 2126; x_wconf 83' lang='lat' dir='ltr'><strong>fieri</strong></span> <span class='ocrx_word' id='word_1_185' title='bbox 709 2084 768 2126; x_wconf 93' lang='lat' dir='ltr'><strong>non</strong></span> <span class='ocrx_word' id='word_1_186' title='bbox 783 2068 895 2145; x_wconf 86' lang='lat' dir='ltr'><strong>potuit,</strong></span> <span class='ocrx_word' id='word_1_187' title='bbox 920 2066 965 2128; x_wconf 89' lang='lat' dir='ltr'><strong>ita</strong></span> <span class='ocrx_word' id='word_1_188' title='bbox 988 2066 1036 2127; x_wconf 91' lang='lat' dir='ltr'><strong>hic</strong></span> <span class='ocrx_word' id='word_1_189' title='bbox 1061 2083 1176 2147; x_wconf 89' lang='lat' dir='ltr'><strong>quoque</strong></span> <span class='ocrx_word' id='word_1_190' title='bbox 1190 2066 1310 2128; x_wconf 83' lang='lat' dir='ltr'><strong>videtur</strong></span> <span class='ocrx_word' id='word_1_191' title='bbox 1330 2065 1449 2149; x_wconf 88' lang='lat' dir='ltr'><strong>species</strong></span> <span class='ocrx_word' id='word_1_192' title='bbox 1472 2064 1536 2127; x_wconf 91' lang='lat' dir='ltr'><strong>albi</strong></span> <span class='ocrx_word' id='word_1_193' title='bbox 1554 2063 1716 2127; x_wconf 76' lang='lat' dir='ltr'><strong>fortissime</strong></span> 
     </span>
     <span class='ocr_line' id='line_1_19' title="bbox 357 2149 1716 2234; baseline 0.002 -21"><span class='ocrx_word' id='word_1_194' title='bbox 357 2149 516 2226; x_wconf 85' lang='lat' dir='ltr'><strong>illustrati,</strong></span> <span class='ocrx_word' id='word_1_195' title='bbox 545 2170 600 2214; x_wconf 88' lang='lat' dir='ltr'><strong>sen</strong></span> <span class='ocrx_word' id='word_1_196' title='bbox 622 2152 741 2233; x_wconf 89' lang='lat' dir='ltr'><strong>species</strong></span> <span class='ocrx_word' id='word_1_197' title='bbox 764 2153 844 2216; x_wconf 89' lang='lat' dir='ltr'><strong>Solis</strong></span> <span class='ocrx_word' id='word_1_198' title='bbox 877 2163 1000 2233; x_wconf 90' lang='lat' dir='ltr'><strong>recepta</strong></span> <span class='ocrx_word' id='word_1_199' title='bbox 1032 2155 1061 2216; x_wconf 94' lang='lat' dir='ltr'><strong>in</strong></span> <span class='ocrx_word' id='word_1_200' title='bbox 1084 2154 1221 2233; x_wconf 88' lang='lat' dir='ltr'><strong>spiritum</strong></span> <span class='ocrx_word' id='word_1_201' title='bbox 1253 2173 1322 2216; x_wconf 90' lang='lat' dir='ltr'><strong>sese</strong></span> <span class='ocrx_word' id='word_1_202' title='bbox 1349 2162 1475 2234; x_wconf 87' lang='lat' dir='ltr'><strong>propter</strong></span> <span class='ocrx_word' id='word_1_203' title='bbox 1506 2154 1716 2233; x_wconf 84' lang='lat' dir='ltr'><strong>cognationem</strong></span> 
     </span>
     <span class='ocr_line' id='line_1_20' title="bbox 356 2240 1717 2323; baseline 0.001 -21"><span class='ocrx_word' id='word_1_204' title='bbox 356 2247 482 2302; x_wconf 87' lang='lat' dir='ltr'><strong>naturae</strong></span> <span class='ocrx_word' id='word_1_205' title='bbox 497 2240 673 2314; x_wconf 77' lang='lat' dir='ltr'><strong>diffundere,</strong></span> <span class='ocrx_word' id='word_1_206' title='bbox 696 2260 755 2303; x_wconf 95' lang='lat' dir='ltr'><strong>non</strong></span> <span class='ocrx_word' id='word_1_207' title='bbox 780 2241 870 2305; x_wconf 89' lang='lat' dir='ltr'><strong>aliter</strong></span> <span class='ocrx_word' id='word_1_208' title='bbox 892 2262 981 2322; x_wconf 87' lang='lat' dir='ltr'><strong>quam</strong></span> <span class='ocrx_word' id='word_1_209' title='bbox 1003 2251 1092 2322; x_wconf 87' lang='lat' dir='ltr'><strong>gutta</strong></span> <span class='ocrx_word' id='word_1_210' title='bbox 1114 2243 1208 2306; x_wconf 87' lang='lat' dir='ltr'><strong>rubea</strong></span> <span class='ocrx_word' id='word_1_211' title='bbox 1229 2243 1260 2305; x_wconf 92' lang='lat' dir='ltr'><strong>in</strong></span> <span class='ocrx_word' id='word_1_212' title='bbox 1274 2261 1371 2323; x_wconf 86' lang='lat' dir='ltr'><strong>aquae</strong></span> <span class='ocrx_word' id='word_1_213' title='bbox 1385 2240 1576 2323; x_wconf 68' lang='lat' dir='ltr'><strong>superficiem</strong></span> <span class='ocrx_word' id='word_1_214' title='bbox 1598 2241 1717 2315; x_wconf 86' lang='lat' dir='ltr'><strong>(bnmnr</strong></span> 
     </span>
     <span class='ocr_line' id='line_1_21' title="bbox 355 2327 1716 2411; baseline 0.002 -21"><span class='ocrx_word' id='word_1_215' title='bbox 355 2327 386 2390; x_wconf 94' lang='lat' dir='ltr'><strong>in</strong></span> <span class='ocrx_word' id='word_1_216' title='bbox 409 2328 578 2402; x_wconf 89' lang='lat' dir='ltr'><strong>humorem)</strong></span> <span class='ocrx_word' id='word_1_217' title='bbox 601 2328 714 2408; x_wconf 91' lang='lat' dir='ltr'><strong>illapsa</strong></span> <span class='ocrx_word' id='word_1_218' title='bbox 736 2350 804 2393; x_wconf 91' lang='lat' dir='ltr'><strong>sese</strong></span> <span class='ocrx_word' id='word_1_219' title='bbox 827 2330 954 2405; x_wconf 76' lang='lat' dir='ltr'><strong>dilatat3</strong></span> <span class='ocrx_word' id='word_1_220' title='bbox 984 2331 1102 2410; x_wconf 89' lang='lat' dir='ltr'><strong>species</strong></span> <span class='ocrx_word' id='word_1_221' title='bbox 1125 2349 1197 2392; x_wconf 87' lang='lat' dir='ltr'><strong>vero</strong></span> <span class='ocrx_word' id='word_1_222' title='bbox 1220 2332 1324 2411; x_wconf 82' lang='lat' dir='ltr'><strong>nigrae</strong></span> <span class='ocrx_word' id='word_1_223' title='bbox 1348 2331 1379 2393; x_wconf 93' lang='lat' dir='ltr'><strong>in</strong></span> <span class='ocrx_word' id='word_1_224' title='bbox 1401 2329 1543 2410; x_wconf 84' lang='lat' dir='ltr'><strong>spin&#39;tum</strong></span> <span class='ocrx_word' id='word_1_225' title='bbox 1574 2338 1716 2410; x_wconf 85' lang='lat' dir='ltr'><strong>receptas</strong></span> 
     </span>
     <span class='ocr_line' id='line_1_22' title="bbox 355 2416 1715 2499; baseline 0.004 -21"><span class='ocrx_word' id='word_1_226' title='bbox 355 2416 457 2497; x_wconf 77' lang='lat' dir='ltr'><strong>colligi</strong></span> <span class='ocrx_word' id='word_1_227' title='bbox 479 2417 510 2479; x_wconf 94' lang='lat' dir='ltr'><strong>in</strong></span> <span class='ocrx_word' id='word_1_228' title='bbox 533 2436 612 2487; x_wconf 84' lang='lat' dir='ltr'><strong>sese.</strong></span> <span class='ocrx_word' id='word_1_229' title='bbox 637 2426 671 2479; x_wconf 91' lang='lat' dir='ltr'><strong>ut</strong></span> <span class='ocrx_word' id='word_1_230' title='bbox 692 2418 718 2479; x_wconf 85' lang='lat' dir='ltr'><strong>ei</strong></span> <span class='ocrx_word' id='word_1_231' title='bbox 741 2427 831 2497; x_wconf 84' lang='lat' dir='ltr'><strong>gutta</strong></span> <span class='ocrx_word' id='word_1_232' title='bbox 854 2420 882 2481; x_wconf 96' lang='lat' dir='ltr'><strong>in</strong></span> <span class='ocrx_word' id='word_1_233' title='bbox 898 2419 1052 2498; x_wconf 83' lang='lat' dir='ltr'><strong>pulverem</strong></span> <span class='ocrx_word' id='word_1_234' title='bbox 1066 2418 1199 2481; x_wconf 81' lang='lat' dir='ltr'><strong>incidet:</strong></span> <span class='ocrx_word' id='word_1_235' title='bbox 1224 2418 1312 2499; x_wconf 86' lang='lat' dir='ltr'><strong>idque</strong></span> <span class='ocrx_word' id='word_1_236' title='bbox 1332 2417 1448 2497; x_wconf 84' lang='lat' dir='ltr'><strong>legibus</strong></span> <span class='ocrx_word' id='word_1_237' title='bbox 1471 2437 1541 2493; x_wconf 86' lang='lat' dir='ltr'><strong>non,</strong></span> <span class='ocrx_word' id='word_1_238' title='bbox 1565 2427 1604 2482; x_wconf 85' lang='lat' dir='ltr'><strong>nt</strong></span> <span class='ocrx_word' id='word_1_239' title='bbox 1624 2418 1715 2499; x_wconf 71' lang='lat' dir='ltr'><strong>prin.</strong></span> 
     </span>
     <span class='ocr_line' id='line_1_23' title="bbox 356 2498 1715 2587; baseline 0.002 -21"><span class='ocrx_word' id='word_1_240' title='bbox 356 2498 523 2584; x_wconf 77' lang='lat' dir='ltr'><strong>opticis.⁸)</strong></span> <span class='ocrx_word' id='word_1_241' title='bbox 559 2504 681 2568; x_wconf 80' lang='lat' dir='ltr'><strong>Etenim</strong></span> <span class='ocrx_word' id='word_1_242' title='bbox 704 2506 730 2567; x_wconf 91' lang='lat' dir='ltr'><strong>si</strong></span> <span class='ocrx_word' id='word_1_243' title='bbox 754 2508 829 2569; x_wconf 91' lang='lat' dir='ltr'><strong>bene</strong></span> <span class='ocrx_word' id='word_1_244' title='bbox 851 2509 1036 2575; x_wconf 86' lang='lat' dir='ltr'><strong>consideres.</strong></span> <span class='ocrx_word' id='word_1_245' title='bbox 1060 2508 1149 2587; x_wconf 85' lang='lat' dir='ltr'><strong>plane</strong></span> <span class='ocrx_word' id='word_1_246' title='bbox 1173 2508 1228 2570; x_wconf 89' lang='lat' dir='ltr'><strong>sub</strong></span> <span class='ocrx_word' id='word_1_247' title='bbox 1252 2509 1357 2569; x_wconf 87' lang='lat' dir='ltr'><strong>eodem</strong></span> <span class='ocrx_word' id='word_1_248' title='bbox 1378 2525 1490 2586; x_wconf 85' lang='lat' dir='ltr'><strong>genere</strong></span> <span class='ocrx_word' id='word_1_249' title='bbox 1512 2515 1589 2572; x_wconf 89' lang='lat' dir='ltr'><strong>sunt</strong></span> <span class='ocrx_word' id='word_1_250' title='bbox 1610 2506 1715 2569; x_wconf 84' lang='lat' dir='ltr'><strong>inbae-</strong></span> 
     </span>
     <span class='ocr_line' id='line_1_24' title="bbox 359 2594 1716 2675; baseline 0.001 -19"><span class='ocrx_word' id='word_1_251' title='bbox 359 2594 460 2656; x_wconf 73' lang='lat' dir='ltr'><strong>renus</strong></span> <span class='ocrx_word' id='word_1_252' title='bbox 490 2602 523 2655; x_wconf 88' lang='lat' dir='ltr'><strong>et</strong></span> <span class='ocrx_word' id='word_1_253' title='bbox 551 2612 636 2655; x_wconf 89' lang='lat' dir='ltr'><strong>mora</strong></span> <span class='ocrx_word' id='word_1_254' title='bbox 664 2594 776 2672; x_wconf 89' lang='lat' dir='ltr'><strong>speciei</strong></span> <span class='ocrx_word' id='word_1_255' title='bbox 808 2596 927 2658; x_wconf 89' lang='lat' dir='ltr'><strong>lucidae</strong></span> <span class='ocrx_word' id='word_1_256' title='bbox 954 2615 1022 2658; x_wconf 88' lang='lat' dir='ltr'><strong>cnm</strong></span> <span class='ocrx_word' id='word_1_257' title='bbox 1050 2596 1107 2658; x_wconf 91' lang='lat' dir='ltr'><strong>bac</strong></span> <span class='ocrx_word' id='word_1_258' title='bbox 1137 2597 1325 2659; x_wconf 83' lang='lat' dir='ltr'><strong>dilatatione.</strong></span> <span class='ocrx_word' id='word_1_259' title='bbox 1371 2596 1451 2658; x_wconf 88' lang='lat' dir='ltr'><strong>Nam</strong></span> <span class='ocrx_word' id='word_1_260' title='bbox 1474 2613 1513 2657; x_wconf 84' lang='lat' dir='ltr'><strong>ex</strong></span> <span class='ocrx_word' id='word_1_261' title='bbox 1536 2596 1609 2675; x_wconf 87' lang='lat' dir='ltr'><strong>ipsa</strong></span> <span class='ocrx_word' id='word_1_262' title='bbox 1634 2612 1716 2658; x_wconf 86' lang='lat' dir='ltr'><strong>mora</strong></span> 
     </span>
     <span class='ocr_line' id='line_1_25' title="bbox 357 2681 1716 2765; baseline 0.004 -25"><span class='ocrx_word' id='word_1_263' title='bbox 357 2681 479 2745; x_wconf 85' lang='lat' dir='ltr'><strong>videtur</strong></span> <span class='ocrx_word' id='word_1_264' title='bbox 502 2682 587 2762; x_wconf 90' lang='lat' dir='ltr'><strong>sequi</strong></span> <span class='ocrx_word' id='word_1_265' title='bbox 602 2682 751 2756; x_wconf 81' lang='lat' dir='ltr'><strong>dilatatio.</strong></span> <span class='ocrx_word' id='word_1_266' title='bbox 778 2684 910 2765; x_wconf 76' lang='lat' dir='ltr'><strong>fugiente</strong></span> <span class='ocrx_word' id='word_1_267' title='bbox 934 2684 1001 2747; x_wconf 91' lang='lat' dir='ltr'><strong>visu</strong></span> <span class='ocrx_word' id='word_1_268' title='bbox 1023 2685 1315 2759; x_wconf 77' lang='lat' dir='ltr'><strong>atantaclaritate3</strong></span> <span class='ocrx_word' id='word_1_269' title='bbox 1339 2684 1393 2745; x_wconf 87' lang='lat' dir='ltr'><strong>sed</strong></span> <span class='ocrx_word' id='word_1_270' title='bbox 1416 2694 1521 2746; x_wconf 85' lang='lat' dir='ltr'><strong>tamen</strong></span> <span class='ocrx_word' id='word_1_271' title='bbox 1544 2702 1616 2747; x_wconf 69' lang='lat' dir='ltr'><strong>um</strong></span> <span class='ocrx_word' id='word_1_272' title='bbox 1634 2700 1716 2746; x_wconf 64' lang='lat' dir='ltr'><strong>no*</strong></span> 
     </span>
     <span class='ocr_line' id='line_1_26' title="bbox 356 2770 1439 2853; baseline 0.002 -20"><span class='ocrx_word' id='word_1_273' title='bbox 356 2770 483 2834; x_wconf 84' lang='lat' dir='ltr'><strong>bibitam</strong></span> <span class='ocrx_word' id='word_1_274' title='bbox 507 2770 735 2833; x_wconf 86' lang='lat' dir='ltr'><strong>circumferente</strong></span> <span class='ocrx_word' id='word_1_275' title='bbox 759 2780 791 2834; x_wconf 90' lang='lat' dir='ltr'><strong>et</strong></span> <span class='ocrx_word' id='word_1_276' title='bbox 813 2773 882 2834; x_wconf 85' lang='lat' dir='ltr'><strong>aliis</strong></span> <span class='ocrx_word' id='word_1_277' title='bbox 904 2773 951 2834; x_wconf 89' lang='lat' dir='ltr'><strong>sui</strong></span> <span class='ocrx_word' id='word_1_278' title='bbox 975 2774 1112 2853; x_wconf 86' lang='lat' dir='ltr'><strong>partibus</strong></span> <span class='ocrx_word' id='word_1_279' title='bbox 1134 2774 1165 2835; x_wconf 93' lang='lat' dir='ltr'><strong>in</strong></span> <span class='ocrx_word' id='word_1_280' title='bbox 1188 2792 1256 2836; x_wconf 88' lang='lat' dir='ltr'><strong>earn</strong></span> <span class='ocrx_word' id='word_1_281' title='bbox 1278 2772 1439 2835; x_wconf 80' lang='lat' dir='ltr'><strong>incidente.</strong></span> 
     </span>
    </p>

    <p class='ocr_par' dir='ltr' id='par_1_3' title="bbox 354 2856 1719 3806">
     <span class='ocr_line' id='line_1_27' title="bbox 445 2856 1715 2942; baseline 0 -21"><span class='ocrx_word' id='word_1_282' title='bbox 445 2857 649 2941; x_wconf 68' lang='lat' dir='ltr'><strong>Quaecunque</strong></span> <span class='ocrx_word' id='word_1_283' title='bbox 677 2859 782 2923; x_wconf 88' lang='lat' dir='ltr'><strong>bamm</strong></span> <span class='ocrx_word' id='word_1_284' title='bbox 814 2880 973 2924; x_wconf 91' lang='lat' dir='ltr'><strong>causarum</strong></span> <span class='ocrx_word' id='word_1_285' title='bbox 1005 2863 1047 2924; x_wconf 90' lang='lat' dir='ltr'><strong>sit</strong></span> <span class='ocrx_word' id='word_1_286' title='bbox 1077 2862 1299 2924; x_wconf 88' lang='lat' dir='ltr'><strong>consideranda</strong></span> <span class='ocrx_word' id='word_1_287' title='bbox 1327 2860 1358 2923; x_wconf 95' lang='lat' dir='ltr'><strong>in</strong></span> <span class='ocrx_word' id='word_1_288' title='bbox 1389 2859 1527 2942; x_wconf 89' lang='lat' dir='ltr'><strong>quolibet</strong></span> <span class='ocrx_word' id='word_1_289' title='bbox 1558 2856 1715 2937; x_wconf 77' lang='lat' dir='ltr'><strong>singulari.</strong></span> 
     </span>
     <span class='ocr_line' id='line_1_28' title="bbox 356 2946 1716 3029; baseline 0.001 -19"><span class='ocrx_word' id='word_1_290' title='bbox 356 2955 474 3010; x_wconf 88' lang='lat' dir='ltr'><strong>certum</strong></span> <span class='ocrx_word' id='word_1_291' title='bbox 496 2956 546 3011; x_wconf 89' lang='lat' dir='ltr'><strong>est</strong></span> <span class='ocrx_word' id='word_1_292' title='bbox 568 2948 615 3010; x_wconf 87' lang='lat' dir='ltr'><strong>vel</strong></span> <span class='ocrx_word' id='word_1_293' title='bbox 638 2948 668 3009; x_wconf 93' lang='lat' dir='ltr'><strong>iu</strong></span> <span class='ocrx_word' id='word_1_294' title='bbox 691 2948 807 3024; x_wconf 71' lang='lat' dir='ltr'><strong>sedne,</strong></span> <span class='ocrx_word' id='word_1_295' title='bbox 838 2969 931 3012; x_wconf 85' lang='lat' dir='ltr'><strong>causa</strong></span> <span class='ocrx_word' id='word_1_296' title='bbox 954 2949 1107 3029; x_wconf 88' lang='lat' dir='ltr'><strong>picturae,</strong></span> <span class='ocrx_word' id='word_1_297' title='bbox 1134 2951 1183 3013; x_wconf 85' lang='lat' dir='ltr'><strong>vel</strong></span> <span class='ocrx_word' id='word_1_298' title='bbox 1206 2950 1234 3011; x_wconf 94' lang='lat' dir='ltr'><strong>in</strong></span> <span class='ocrx_word' id='word_1_299' title='bbox 1265 2948 1435 3029; x_wconf 82' lang='lat' dir='ltr'><strong>spiritibus,</strong></span> <span class='ocrx_word' id='word_1_300' title='bbox 1468 2967 1564 3012; x_wconf 87' lang='lat' dir='ltr'><strong>cansa</strong></span> <span class='ocrx_word' id='word_1_301' title='bbox 1587 2946 1716 3027; x_wconf 76' lang='lat' dir='ltr'><strong>inpres-</strong></span> 
     </span>
     <span class='ocr_line' id='line_1_29' title="bbox 357 3033 1718 3119; baseline 0 -22"><span class='ocrx_word' id='word_1_302' title='bbox 357 3034 467 3111; x_wconf 86' lang='lat' dir='ltr'><strong>siouis,</strong></span> <span class='ocrx_word' id='word_1_303' title='bbox 500 3037 631 3099; x_wconf 82' lang='lat' dir='ltr'><strong>existere</strong></span> <span class='ocrx_word' id='word_1_304' title='bbox 655 3036 865 3101; x_wconf 73' lang='lat' dir='ltr'><strong>dilatationem</strong></span> <span class='ocrx_word' id='word_1_305' title='bbox 888 3038 1071 3100; x_wconf 87' lang='lat' dir='ltr'><strong>lucidorum:</strong></span> <span class='ocrx_word' id='word_1_306' title='bbox 1100 3039 1185 3117; x_wconf 85' lang='lat' dir='ltr'><strong>cujus</strong></span> <span class='ocrx_word' id='word_1_307' title='bbox 1209 3038 1328 3119; x_wconf 87' lang='lat' dir='ltr'><strong>quidem</strong></span> <span class='ocrx_word' id='word_1_308' title='bbox 1351 3037 1395 3099; x_wconf 90' lang='lat' dir='ltr'><strong>rei</strong></span> <span class='ocrx_word' id='word_1_309' title='bbox 1417 3055 1543 3099; x_wconf 70' lang='lat' dir='ltr'><strong>musam</strong></span> <span class='ocrx_word' id='word_1_310' title='bbox 1567 3033 1644 3098; x_wconf 81' lang='lat' dir='ltr'><strong>mibi</strong></span> <span class='ocrx_word' id='word_1_311' title='bbox 1663 3052 1718 3115; x_wconf 88' lang='lat' dir='ltr'><strong>per</strong></span> 
     </span>
     <span class='ocr_line' id='line_1_30' title="bbox 357 3122 1719 3207; baseline 0.002 -22"><span class='ocrx_word' id='word_1_312' title='bbox 357 3132 455 3186; x_wconf 86' lang='lat' dir='ltr'><strong>toturn</strong></span> <span class='ocrx_word' id='word_1_313' title='bbox 482 3125 539 3186; x_wconf 92' lang='lat' dir='ltr'><strong>boc</strong></span> <span class='ocrx_word' id='word_1_314' title='bbox 571 3134 663 3205; x_wconf 86' lang='lat' dir='ltr'><strong>caput</strong></span> <span class='ocrx_word' id='word_1_315' title='bbox 689 3125 804 3205; x_wconf 86' lang='lat' dir='ltr'><strong>placuit</strong></span> <span class='ocrx_word' id='word_1_316' title='bbox 834 3127 992 3207; x_wconf 86' lang='lat' dir='ltr'><strong>inquirere.</strong></span> <span class='ocrx_word' id='word_1_317' title='bbox 1038 3128 1104 3189; x_wconf 87' lang='lat' dir='ltr'><strong>lloc</strong></span> <span class='ocrx_word' id='word_1_318' title='bbox 1136 3127 1240 3205; x_wconf 86' lang='lat' dir='ltr'><strong>itaque</strong></span> <span class='ocrx_word' id='word_1_319' title='bbox 1269 3145 1307 3188; x_wconf 84' lang='lat' dir='ltr'><strong>er</strong></span> <span class='ocrx_word' id='word_1_320' title='bbox 1337 3125 1393 3186; x_wconf 91' lang='lat' dir='ltr'><strong>boc</strong></span> <span class='ocrx_word' id='word_1_321' title='bbox 1421 3126 1522 3205; x_wconf 89' lang='lat' dir='ltr'><strong>capite</strong></span> <span class='ocrx_word' id='word_1_322' title='bbox 1553 3122 1719 3188; x_wconf 65' lang='lat' dir='ltr'><strong>sem</strong></span> 
     </span>
     <span class='ocr_line' id='line_1_31' title="bbox 357 3210 1717 3295; baseline 0.002 -22"><span class='ocrx_word' id='word_1_323' title='bbox 357 3213 606 3286; x_wconf 87' lang='lat' dir='ltr'><strong>considerabunt,</strong></span> <span class='ocrx_word' id='word_1_324' title='bbox 640 3231 698 3276; x_wconf 91' lang='lat' dir='ltr'><strong>non</strong></span> <span class='ocrx_word' id='word_1_325' title='bbox 727 3231 846 3295; x_wconf 88' lang='lat' dir='ltr'><strong>semper</strong></span> <span class='ocrx_word' id='word_1_326' title='bbox 877 3215 1028 3277; x_wconf 88' lang='lat' dir='ltr'><strong>fidendum</strong></span> <span class='ocrx_word' id='word_1_327' title='bbox 1050 3234 1118 3276; x_wconf 88' lang='lat' dir='ltr'><strong>esse</strong></span> <span class='ocrx_word' id='word_1_328' title='bbox 1141 3215 1261 3278; x_wconf 85' lang='lat' dir='ltr'><strong>intuitui</strong></span> <span class='ocrx_word' id='word_1_329' title='bbox 1283 3214 1397 3276; x_wconf 90' lang='lat' dir='ltr'><strong>oculari</strong></span> <span class='ocrx_word' id='word_1_330' title='bbox 1420 3210 1717 3283; x_wconf 67' lang='lat' dir='ltr'><strong>suessonensi.</strong></span> 
     </span>
     <span class='ocr_line' id='line_1_32' title="bbox 357 3299 1715 3383; baseline 0 -19"><span class='ocrx_word' id='word_1_331' title='bbox 357 3302 548 3382; x_wconf 79' lang='lat' dir='ltr'><strong>quantumvis</strong></span> <span class='ocrx_word' id='word_1_332' title='bbox 570 3302 782 3364; x_wconf 87' lang='lat' dir='ltr'><strong>consideratae</strong></span> <span class='ocrx_word' id='word_1_333' title='bbox 810 3304 840 3365; x_wconf 94' lang='lat' dir='ltr'><strong>iu</strong></span> <span class='ocrx_word' id='word_1_334' title='bbox 864 3304 1036 3383; x_wconf 89' lang='lat' dir='ltr'><strong>quantitate</strong></span> <span class='ocrx_word' id='word_1_335' title='bbox 1064 3301 1203 3365; x_wconf 88' lang='lat' dir='ltr'><strong>diametri</strong></span> <span class='ocrx_word' id='word_1_336' title='bbox 1230 3303 1337 3382; x_wconf 90' lang='lat' dir='ltr'><strong>plenae</strong></span> <span class='ocrx_word' id='word_1_337' title='bbox 1360 3303 1466 3364; x_wconf 83' lang='lat' dir='ltr'><strong>Lunae</strong></span> <span class='ocrx_word' id='word_1_338' title='bbox 1494 3309 1550 3364; x_wconf 89' lang='lat' dir='ltr'><strong>aut</strong></span> <span class='ocrx_word' id='word_1_339' title='bbox 1577 3299 1715 3364; x_wconf 66' lang='lat' dir='ltr'><strong>deleam</strong></span> 
     </span>
     <span class='ocr_line' id='line_1_33' title="bbox 355 3388 1714 3472; baseline -0.001 -20"><span class='ocrx_word' id='word_1_340' title='bbox 355 3389 386 3452; x_wconf 91' lang='lat' dir='ltr'><strong>in</strong></span> <span class='ocrx_word' id='word_1_341' title='bbox 409 3390 533 3470; x_wconf 88' lang='lat' dir='ltr'><strong>eclipsi:</strong></span> <span class='ocrx_word' id='word_1_342' title='bbox 560 3410 652 3472; x_wconf 88' lang='lat' dir='ltr'><strong>quare</strong></span> <span class='ocrx_word' id='word_1_343' title='bbox 675 3408 734 3452; x_wconf 91' lang='lat' dir='ltr'><strong>non</strong></span> <span class='ocrx_word' id='word_1_344' title='bbox 759 3399 877 3454; x_wconf 86' lang='lat' dir='ltr'><strong>tantum</strong></span> <span class='ocrx_word' id='word_1_345' title='bbox 898 3392 930 3453; x_wconf 94' lang='lat' dir='ltr'><strong>in</strong></span> <span class='ocrx_word' id='word_1_346' title='bbox 953 3390 1109 3454; x_wconf 89' lang='lat' dir='ltr'><strong>consilium</strong></span> <span class='ocrx_word' id='word_1_347' title='bbox 1124 3391 1311 3454; x_wconf 85' lang='lat' dir='ltr'><strong>adhibendos</strong></span> <span class='ocrx_word' id='word_1_348' title='bbox 1334 3391 1481 3453; x_wconf 91' lang='lat' dir='ltr'><strong>certiores</strong></span> <span class='ocrx_word' id='word_1_349' title='bbox 1503 3389 1616 3452; x_wconf 90' lang='lat' dir='ltr'><strong>modos</strong></span> <span class='ocrx_word' id='word_1_350' title='bbox 1629 3388 1714 3460; x_wconf 85' lang='lat' dir='ltr'><strong>alios.</strong></span> 
     </span>
     <span class='ocr_line' id='line_1_34' title="bbox 354 3477 1718 3559; baseline -0.003 -18"><span class='ocrx_word' id='word_1_351' title='bbox 354 3478 410 3541; x_wconf 89' lang='lat' dir='ltr'><strong>sed</strong></span> <span class='ocrx_word' id='word_1_352' title='bbox 442 3498 537 3559; x_wconf 89' lang='lat' dir='ltr'><strong>neque</strong></span> <span class='ocrx_word' id='word_1_353' title='bbox 565 3489 679 3542; x_wconf 86' lang='lat' dir='ltr'><strong>temere</strong></span> <span class='ocrx_word' id='word_1_354' title='bbox 708 3480 746 3540; x_wconf 90' lang='lat' dir='ltr'><strong>ab</strong></span> <span class='ocrx_word' id='word_1_355' title='bbox 776 3480 813 3542; x_wconf 91' lang='lat' dir='ltr'><strong>iis</strong></span> <span class='ocrx_word' id='word_1_356' title='bbox 842 3479 1094 3553; x_wconf 81' lang='lat' dir='ltr'><strong>dissentiendum,</strong></span> <span class='ocrx_word' id='word_1_357' title='bbox 1123 3480 1204 3541; x_wconf 84' lang='lat' dir='ltr'><strong>visus</strong></span> <span class='ocrx_word' id='word_1_358' title='bbox 1234 3480 1357 3552; x_wconf 87' lang='lat' dir='ltr'><strong>fiducia,</strong></span> <span class='ocrx_word' id='word_1_359' title='bbox 1387 3479 1413 3540; x_wconf 91' lang='lat' dir='ltr'><strong>si</strong></span> <span class='ocrx_word' id='word_1_360' title='bbox 1437 3479 1558 3559; x_wconf 85' lang='lat' dir='ltr'><strong>qnando</strong></span> <span class='ocrx_word' id='word_1_361' title='bbox 1582 3477 1655 3548; x_wconf 69' lang='lat' dir='ltr'><strong>flat.</strong></span> <span class='ocrx_word' id='word_1_362' title='bbox 1685 3485 1718 3539; x_wconf 86' lang='lat' dir='ltr'><strong>at</strong></span> 
     </span>
     <span class='ocr_line' id='line_1_35' title="bbox 355 3565 1715 3645; baseline -0.002 -15"><span class='ocrx_word' id='word_1_363' title='bbox 355 3566 539 3630; x_wconf 89' lang='lat' dir='ltr'><strong>dissentiant</strong></span> <span class='ocrx_word' id='word_1_364' title='bbox 561 3567 605 3630; x_wconf 92' lang='lat' dir='ltr'><strong>illi</strong></span> <span class='ocrx_word' id='word_1_365' title='bbox 628 3589 648 3629; x_wconf 88' lang='lat' dir='ltr'><strong>a</strong></span> <span class='ocrx_word' id='word_1_366' title='bbox 670 3566 746 3628; x_wconf 88' lang='lat' dir='ltr'><strong>visu.</strong></span> <span class='ocrx_word' id='word_1_367' title='bbox 786 3569 1031 3631; x_wconf 86' lang='lat' dir='ltr'><strong>Demonstratnm</strong></span> <span class='ocrx_word' id='word_1_368' title='bbox 1056 3568 1136 3630; x_wconf 91' lang='lat' dir='ltr'><strong>euim</strong></span> <span class='ocrx_word' id='word_1_369' title='bbox 1157 3576 1207 3630; x_wconf 90' lang='lat' dir='ltr'><strong>cst</strong></span> <span class='ocrx_word' id='word_1_370' title='bbox 1229 3567 1455 3630; x_wconf 83' lang='lat' dir='ltr'><strong>evidentissime</strong></span> <span class='ocrx_word' id='word_1_371' title='bbox 1477 3587 1518 3630; x_wconf 80' lang='lat' dir='ltr'><strong>ex</strong></span> <span class='ocrx_word' id='word_1_372' title='bbox 1540 3566 1612 3645; x_wconf 87' lang='lat' dir='ltr'><strong>ipss</strong></span> <span class='ocrx_word' id='word_1_373' title='bbox 1633 3565 1715 3627; x_wconf 87' lang='lat' dir='ltr'><strong>riass</strong></span> 
     </span>
     <span class='ocr_line' id='line_1_36' title="bbox 355 3652 1715 3733; baseline 0 -15"><span class='ocrx_word' id='word_1_374' title='bbox 355 3656 608 3731; x_wconf 79' lang='lat' dir='ltr'><strong>conformatione,</strong></span> <span class='ocrx_word' id='word_1_375' title='bbox 638 3652 701 3718; x_wconf 84' lang='lat' dir='ltr'><strong>lieri</strong></span> <span class='ocrx_word' id='word_1_376' title='bbox 725 3655 830 3719; x_wconf 91' lang='lat' dir='ltr'><strong>crebro</strong></span> <span class='ocrx_word' id='word_1_377' title='bbox 853 3665 888 3717; x_wconf 89' lang='lat' dir='ltr'><strong>ut</strong></span> <span class='ocrx_word' id='word_1_378' title='bbox 910 3656 987 3718; x_wconf 85' lang='lat' dir='ltr'><strong>visui</strong></span> <span class='ocrx_word' id='word_1_379' title='bbox 1010 3676 1094 3718; x_wconf 89' lang='lat' dir='ltr'><strong>error</strong></span> <span class='ocrx_word' id='word_1_380' title='bbox 1116 3656 1253 3724; x_wconf 83' lang='lat' dir='ltr'><strong>accidat,</strong></span> <span class='ocrx_word' id='word_1_381' title='bbox 1276 3657 1346 3718; x_wconf 91' lang='lat' dir='ltr'><strong>dum</strong></span> <span class='ocrx_word' id='word_1_382' title='bbox 1370 3656 1471 3718; x_wconf 90' lang='lat' dir='ltr'><strong>lucida</strong></span> <span class='ocrx_word' id='word_1_383' title='bbox 1493 3655 1584 3718; x_wconf 90' lang='lat' dir='ltr'><strong>nimis</strong></span> <span class='ocrx_word' id='word_1_384' title='bbox 1607 3669 1715 3733; x_wconf 71' lang='lat' dir='ltr'><strong>magns</strong></span> 
     </span>
     <span class='ocr_line' id='line_1_37' title="bbox 358 3743 525 3806; baseline -0.012 0"><span class='ocrx_word' id='word_1_385' title='bbox 358 3743 525 3806; x_wconf 81' lang='lat' dir='ltr'><strong>existimat.</strong></span> 
     </span>
    </p>

    <p class='ocr_par' dir='ltr' id='par_1_4' title="bbox 358 3832 1719 4066">
     <span class='ocr_line' id='line_1_38' title="bbox 447 3832 1719 3904; baseline -0.001 -17"><span class='ocrx_word' id='word_1_386' title='bbox 447 3835 519 3887; x_wconf 90' lang='lat' dir='ltr'><strong>lllud</strong></span> <span class='ocrx_word' id='word_1_387' title='bbox 539 3834 624 3892; x_wconf 84' lang='lat' dir='ltr'><strong>etiam</strong></span> <span class='ocrx_word' id='word_1_388' title='bbox 645 3834 728 3903; x_wconf 74' lang='lat' dir='ltr'><strong>hujus</strong></span> <span class='ocrx_word' id='word_1_389' title='bbox 749 3852 811 3888; x_wconf 89' lang='lat' dir='ltr'><strong>esse</strong></span> <span class='ocrx_word' id='word_1_390' title='bbox 832 3833 885 3887; x_wconf 91' lang='lat' dir='ltr'><strong>loci</strong></span> <span class='ocrx_word' id='word_1_391' title='bbox 906 3833 1024 3897; x_wconf 83' lang='lat' dir='ltr'><strong>ridetur,</strong></span> <span class='ocrx_word' id='word_1_392' title='bbox 1045 3841 1077 3887; x_wconf 85' lang='lat' dir='ltr'><strong>ul</strong></span> <span class='ocrx_word' id='word_1_393' title='bbox 1090 3849 1177 3888; x_wconf 87' lang='lat' dir='ltr'><strong>causa</strong></span> <span class='ocrx_word' id='word_1_394' title='bbox 1197 3833 1305 3886; x_wconf 84' lang='lat' dir='ltr'><strong>dicatur</strong></span> <span class='ocrx_word' id='word_1_395' title='bbox 1325 3849 1412 3904; x_wconf 80' lang='lat' dir='ltr'><strong>qnare</strong></span> <span class='ocrx_word' id='word_1_396' title='bbox 1433 3834 1527 3888; x_wconf 77' lang='lat' dir='ltr'><strong>sidera</strong></span> <span class='ocrx_word' id='word_1_397' title='bbox 1545 3832 1675 3888; x_wconf 69' lang='lat' dir='ltr'><strong>lucissis</strong></span> <span class='ocrx_word' id='word_1_398' title='bbox 1692 3833 1719 3886; x_wconf 87' lang='lat' dir='ltr'><strong>is</strong></span> 
     </span>
     <span class='ocr_line' id='line_1_39' title="bbox 358 3912 1719 3984; baseline -0.001 -17"><span class='ocrx_word' id='word_1_399' title='bbox 358 3914 496 3984; x_wconf 68' lang='lat' dir='ltr'><strong>protunda</strong></span> <span class='ocrx_word' id='word_1_400' title='bbox 516 3922 598 3967; x_wconf 85' lang='lat' dir='ltr'><strong>nocte</strong></span> <span class='ocrx_word' id='word_1_401' title='bbox 618 3914 784 3977; x_wconf 84' lang='lat' dir='ltr'><strong>conlusicra,</strong></span> <span class='ocrx_word' id='word_1_402' title='bbox 806 3930 909 3968; x_wconf 86' lang='lat' dir='ltr'><strong>aurora</strong></span> <span class='ocrx_word' id='word_1_403' title='bbox 923 3931 988 3968; x_wconf 82' lang='lat' dir='ltr'><strong>vero</strong></span> <span class='ocrx_word' id='word_1_404' title='bbox 1004 3914 1066 3982; x_wconf 86' lang='lat' dir='ltr'><strong>jam</strong></span> <span class='ocrx_word' id='word_1_405' title='bbox 1079 3913 1195 3982; x_wconf 88' lang='lat' dir='ltr'><strong>primum</strong></span> <span class='ocrx_word' id='word_1_406' title='bbox 1209 3922 1343 3984; x_wconf 84' lang='lat' dir='ltr'><strong>surgente</strong></span> <span class='ocrx_word' id='word_1_407' title='bbox 1361 3912 1537 3967; x_wconf 81' lang='lat' dir='ltr'><strong>distinctiora</strong></span> <span class='ocrx_word' id='word_1_408' title='bbox 1556 3912 1719 3968; x_wconf 81' lang='lat' dir='ltr'><strong>ridssstarl</strong></span> 
     </span>
     <span class='ocr_line' id='line_1_40' title="bbox 358 3991 1717 4066; baseline -0.001 -18"><span class='ocrx_word' id='word_1_409' title='bbox 358 3993 444 4066; x_wconf 75' lang='lat' dir='ltr'><strong>sequi</strong></span> <span class='ocrx_word' id='word_1_410' title='bbox 472 3992 495 4047; x_wconf 90' lang='lat' dir='ltr'><strong>si</strong></span> <span class='ocrx_word' id='word_1_411' title='bbox 515 3993 631 4046; x_wconf 90' lang='lat' dir='ltr'><strong>multum</strong></span> <span class='ocrx_word' id='word_1_412' title='bbox 651 3994 744 4047; x_wconf 89' lang='lat' dir='ltr'><strong>lumen</strong></span> <span class='ocrx_word' id='word_1_413' title='bbox 759 3994 825 4065; x_wconf 91' lang='lat' dir='ltr'><strong>ipsis</strong></span> <span class='ocrx_word' id='word_1_414' title='bbox 840 3993 934 4054; x_wconf 85' lang='lat' dir='ltr'><strong>officit,</strong></span> <span class='ocrx_word' id='word_1_415' title='bbox 956 3994 1051 4048; x_wconf 88' lang='lat' dir='ltr'><strong>debuit</strong></span> <span class='ocrx_word' id='word_1_416' title='bbox 1064 3993 1128 4061; x_wconf 91' lang='lat' dir='ltr'><strong>plns</strong></span> <span class='ocrx_word' id='word_1_417' title='bbox 1149 3993 1259 4046; x_wconf 80' lang='lat' dir='ltr'><strong>officere</strong></span> <span class='ocrx_word' id='word_1_418' title='bbox 1280 3992 1451 4047; x_wconf 84' lang='lat' dir='ltr'><strong>cumulatum</strong></span> <span class='ocrx_word' id='word_1_419' title='bbox 1470 4008 1593 4047; x_wconf 82' lang='lat' dir='ltr'><strong>aurorae</strong></span> <span class='ocrx_word' id='word_1_420' title='bbox 1608 3991 1717 4048; x_wconf 83' lang='lat' dir='ltr'><strong>lumine.</strong></span> 
     </span>
    </p>

    <p class='ocr_par' dir='ltr' id='par_1_5' title="bbox 355 4069 1719 4223">
     <span class='ocr_line' id='line_1_41' title="bbox 446 4069 1719 4144; baseline 0 -16"><span class='ocrx_word' id='word_1_421' title='bbox 446 4073 539 4128; x_wconf 84' lang='lat' dir='ltr'><strong>Causa</strong></span> <span class='ocrx_word' id='word_1_422' title='bbox 560 4071 646 4143; x_wconf 65' lang='lat' dir='ltr'><strong>iffl&#39;tur</strong></span> <span class='ocrx_word' id='word_1_423' title='bbox 666 4072 737 4127; x_wconf 88' lang='lat' dir='ltr'><strong>haec</strong></span> <span class='ocrx_word' id='word_1_424' title='bbox 758 4081 815 4136; x_wconf 86' lang='lat' dir='ltr'><strong>eet,</strong></span> <span class='ocrx_word' id='word_1_425' title='bbox 837 4073 909 4144; x_wconf 91' lang='lat' dir='ltr'><strong>quod</strong></span> <span class='ocrx_word' id='word_1_426' title='bbox 930 4073 957 4126; x_wconf 92' lang='lat' dir='ltr'><strong>iu</strong></span> <span class='ocrx_word' id='word_1_427' title='bbox 979 4071 1101 4127; x_wconf 87' lang='lat' dir='ltr'><strong>tenebris</strong></span> <span class='ocrx_word' id='word_1_428' title='bbox 1127 4070 1268 4127; x_wconf 86' lang='lat' dir='ltr'><strong>nocturnis</strong></span> <span class='ocrx_word' id='word_1_429' title='bbox 1294 4071 1421 4142; x_wconf 89' lang='lat' dir='ltr'><strong>pupillae</strong></span> <span class='ocrx_word' id='word_1_430' title='bbox 1442 4071 1568 4128; x_wconf 78' lang='lat' dir='ltr'><strong>toramen</strong></span> <span class='ocrx_word' id='word_1_431' title='bbox 1599 4069 1719 4128; x_wconf 81' lang='lat' dir='ltr'><strong>nslursli</strong></span> 
     </span>
     <span class='ocr_line' id='line_1_42' title="bbox 355 4149 1719 4223; baseline -0.001 -15"><span class='ocrx_word' id='word_1_432' title='bbox 355 4159 431 4209; x_wconf 90' lang='lat' dir='ltr'><strong>motu</strong></span> <span class='ocrx_word' id='word_1_433' title='bbox 453 4152 605 4214; x_wconf 59' lang='lat' dir='ltr'><strong>dilatatum</strong></span> <span class='ocrx_word' id='word_1_434' title='bbox 633 4152 660 4205; x_wconf 93' lang='lat' dir='ltr'><strong>in</strong></span> <span class='ocrx_word' id='word_1_435' title='bbox 681 4152 785 4208; x_wconf 90' lang='lat' dir='ltr'><strong>lumine</strong></span> <span class='ocrx_word' id='word_1_436' title='bbox 805 4168 923 4206; x_wconf 86' lang='lat' dir='ltr'><strong>aurorae</strong></span> <span class='ocrx_word' id='word_1_437' title='bbox 945 4152 1084 4207; x_wconf 90' lang='lat' dir='ltr'><strong>clauditur</strong></span> <span class='ocrx_word' id='word_1_438' title='bbox 1105 4151 1218 4207; x_wconf 70' lang='lat' dir='ltr'><strong>medus.</strong></span> <span class='ocrx_word' id='word_1_439' title='bbox 1260 4151 1351 4206; x_wconf 86' lang='lat' dir='ltr'><strong>Cunus</strong></span> <span class='ocrx_word' id='word_1_440' title='bbox 1371 4168 1438 4205; x_wconf 82' lang='lat' dir='ltr'><strong>vero</strong></span> <span class='ocrx_word' id='word_1_441' title='bbox 1461 4150 1559 4223; x_wconf 88' lang='lat' dir='ltr'><strong>puncti</strong></span> <span class='ocrx_word' id='word_1_442' title='bbox 1586 4149 1719 4208; x_wconf 64' lang='lat' dir='ltr'><strong>mnam</strong></span> 
     </span>
    </p>
   </div>
   <div class='ocr_carea' id='block_1_3' title="bbox 355 4229 1719 4381">
    <p class='ocr_par' dir='ltr' id='par_1_6' title="bbox 355 4229 1719 4381">
     <span class='ocr_line' id='line_1_43' title="bbox 355 4229 1719 4304; baseline 0 -17"><span class='ocrx_word' id='word_1_443' title='bbox 355 4248 408 4303; x_wconf 88' lang='lat' dir='ltr'><strong>per</strong></span> <span class='ocrx_word' id='word_1_444' title='bbox 428 4231 521 4287; x_wconf 82' lang='lat' dir='ltr'><strong>larius</strong></span> <span class='ocrx_word' id='word_1_445' title='bbox 544 4231 667 4285; x_wconf 78' lang='lat' dir='ltr'><strong>toramen</strong></span> <span class='ocrx_word' id='word_1_446' title='bbox 687 4233 805 4287; x_wconf 72' lang='lat' dir='ltr'><strong>validior</strong></span> <span class='ocrx_word' id='word_1_447' title='bbox 825 4232 992 4304; x_wconf 76' lang='lat' dir='ltr'><strong>ingreditur,</strong></span> <span class='ocrx_word' id='word_1_448' title='bbox 1019 4232 1173 4302; x_wconf 75' lang='lat' dir='ltr'><strong>sortemque</strong></span> <span class='ocrx_word' id='word_1_449' title='bbox 1198 4229 1405 4300; x_wconf 87' lang='lat' dir='ltr'><strong>impressionem</strong></span> <span class='ocrx_word' id='word_1_450' title='bbox 1425 4231 1512 4301; x_wconf 69' lang='lat' dir='ltr'><strong>lacitj</strong></span> <span class='ocrx_word' id='word_1_451' title='bbox 1540 4229 1614 4287; x_wconf 87' lang='lat' dir='ltr'><strong>idem</strong></span> <span class='ocrx_word' id='word_1_452' title='bbox 1634 4245 1719 4302; x_wconf 64' lang='lat' dir='ltr'><strong>sug*</strong></span> 
     </span>
     <span class='ocr_line' id='line_1_44' title="bbox 357 4305 1719 4381; baseline -0.001 -15"><span class='ocrx_word' id='word_1_453' title='bbox 357 4311 436 4366; x_wconf 88' lang='lat' dir='ltr'><strong>stiori</strong></span> <span class='ocrx_word' id='word_1_454' title='bbox 457 4309 590 4366; x_wconf 79' lang='lat' dir='ltr'><strong>foramine</strong></span> <span class='ocrx_word' id='word_1_455' title='bbox 612 4312 776 4366; x_wconf 74' lang='lat' dir='ltr'><strong>commistus</strong></span> <span class='ocrx_word' id='word_1_456' title='bbox 797 4311 914 4366; x_wconf 84' lang='lat' dir='ltr'><strong>debilius</strong></span> <span class='ocrx_word' id='word_1_457' title='bbox 936 4318 1028 4367; x_wconf 86' lang='lat' dir='ltr'><strong>moret</strong></span> <span class='ocrx_word' id='word_1_458' title='bbox 1049 4305 1219 4378; x_wconf 76' lang='lat' dir='ltr'><strong>cculum.‘⁸)</strong></span> <span class='ocrx_word' id='word_1_459' title='bbox 1258 4311 1402 4365; x_wconf 86' lang='lat' dir='ltr'><strong>Hactenus</strong></span> <span class='ocrx_word' id='word_1_460' title='bbox 1423 4327 1491 4366; x_wconf 84' lang='lat' dir='ltr'><strong>vero</strong></span> <span class='ocrx_word' id='word_1_461' title='bbox 1511 4325 1625 4381; x_wconf 85' lang='lat' dir='ltr'><strong>semper</strong></span> <span class='ocrx_word' id='word_1_462' title='bbox 1643 4325 1719 4365; x_wconf 65' lang='lat' dir='ltr'><strong>aar·</strong></span> 
     </span>
    </p>
   </div>
   <div class='ocr_carea' id='block_1_4' title="bbox 358 4519 1720 5068">
    <p class='ocr_par' dir='ltr' id='par_1_7' title="bbox 358 4519 1720 4676">
     <span class='ocr_line' id='line_1_45' title="bbox 445 4519 1720 4595; baseline -0.001 -16"><span class='ocrx_word' id='word_1_463' title='bbox 445 4523 471 4590; x_wconf 83' lang='lat'><strong>⁸)</strong></span> <span class='ocrx_word' id='word_1_464' title='bbox 494 4523 608 4595; x_wconf 71' lang='lat' dir='ltr'><strong>Optime,</strong></span> <span class='ocrx_word' id='word_1_465' title='bbox 630 4524 683 4577; x_wconf 87' lang='lat' dir='ltr'><strong>boe</strong></span> <span class='ocrx_word' id='word_1_466' title='bbox 696 4531 740 4576; x_wconf 90' lang='lat' dir='ltr'><strong>est</strong></span> <span class='ocrx_word' id='word_1_467' title='bbox 760 4522 929 4575; x_wconf 78' lang='lat' dir='ltr'><strong>refractoriis</strong></span> <span class='ocrx_word' id='word_1_468' title='bbox 951 4530 1097 4576; x_wconf 83' lang='lat' dir='ltr'><strong>contracta</strong></span> <span class='ocrx_word' id='word_1_469' title='bbox 1117 4520 1191 4575; x_wconf 83' lang='lat' dir='ltr'><strong>vocis</strong></span> <span class='ocrx_word' id='word_1_470' title='bbox 1213 4522 1335 4575; x_wconf 89' lang='lat' dir='ltr'><strong>untione.</strong></span> <span class='ocrx_word' id='word_1_471' title='bbox 1363 4521 1435 4575; x_wconf 84' lang='lat' dir='ltr'><strong>Nam</strong></span> <span class='ocrx_word' id='word_1_472' title='bbox 1449 4520 1473 4574; x_wconf 91' lang='lat' dir='ltr'><strong>si</strong></span> <span class='ocrx_word' id='word_1_473' title='bbox 1490 4519 1565 4576; x_wconf 82' lang='lat' dir='ltr'><strong>rosis</strong></span> <span class='ocrx_word' id='word_1_474' title='bbox 1587 4521 1720 4595; x_wconf 72' lang='lat' dir='ltr'><strong>originem</strong></span> 
     </span>
     <span class='ocr_line' id='line_1_46' title="bbox 358 4599 1203 4676; baseline -0.006 -17"><span class='ocrx_word' id='word_1_475' title='bbox 358 4610 478 4676; x_wconf 80' lang='lat' dir='ltr'><strong>spectes.</strong></span> <span class='ocrx_word' id='word_1_476' title='bbox 500 4602 620 4674; x_wconf 90' lang='lat' dir='ltr'><strong>opticum</strong></span> <span class='ocrx_word' id='word_1_477' title='bbox 640 4609 692 4665; x_wconf 80' lang='lat' dir='ltr'><strong>est,</strong></span> <span class='ocrx_word' id='word_1_478' title='bbox 716 4600 840 4672; x_wconf 87' lang='lat' dir='ltr'><strong>quicquid</strong></span> <span class='ocrx_word' id='word_1_479' title='bbox 862 4603 897 4654; x_wconf 91' lang='lat' dir='ltr'><strong>ad</strong></span> <span class='ocrx_word' id='word_1_480' title='bbox 918 4601 1051 4656; x_wconf 82' lang='lat' dir='ltr'><strong>visionem</strong></span> <span class='ocrx_word' id='word_1_481' title='bbox 1071 4599 1203 4671; x_wconf 82' lang='lat' dir='ltr'><strong>pertinet</strong></span> 
     </span>
    </p>

    <p class='ocr_par' dir='ltr' id='par_1_8' title="bbox 358 4677 1720 5068">
     <span class='ocr_line' id='line_1_47' title="bbox 446 4677 1720 4751; baseline -0.001 -16"><span class='ocrx_word' id='word_1_482' title='bbox 446 4682 488 4744; x_wconf 78' lang='lat'><strong>⁸⁸)</strong></span> <span class='ocrx_word' id='word_1_483' title='bbox 509 4682 613 4736; x_wconf 73' lang='lat' dir='ltr'><strong>&amp;usus</strong></span> <span class='ocrx_word' id='word_1_484' title='bbox 633 4688 696 4734; x_wconf 89' lang='lat' dir='ltr'><strong>est:</strong></span> <span class='ocrx_word' id='word_1_485' title='bbox 718 4679 772 4733; x_wconf 86' lang='lat' dir='ltr'><strong>etsi</strong></span> <span class='ocrx_word' id='word_1_486' title='bbox 794 4680 893 4749; x_wconf 86' lang='lat' dir='ltr'><strong>spatiis</strong></span> <span class='ocrx_word' id='word_1_487' title='bbox 914 4681 983 4734; x_wconf 85' lang='lat' dir='ltr'><strong>coeli</strong></span> <span class='ocrx_word' id='word_1_488' title='bbox 1005 4681 1077 4735; x_wconf 85' lang='lat' dir='ltr'><strong>inter</strong></span> <span class='ocrx_word' id='word_1_489' title='bbox 1098 4696 1203 4751; x_wconf 83' lang='lat' dir='ltr'><strong>magna</strong></span> <span class='ocrx_word' id='word_1_490' title='bbox 1222 4680 1323 4742; x_wconf 86' lang='lat' dir='ltr'><strong>sidera,</strong></span> <span class='ocrx_word' id='word_1_491' title='bbox 1345 4686 1422 4733; x_wconf 88' lang='lat' dir='ltr'><strong>utet</strong></span> <span class='ocrx_word' id='word_1_492' title='bbox 1440 4677 1632 4734; x_wconf 81' lang='lat' dir='ltr'><strong>minutissimis</strong></span> <span class='ocrx_word' id='word_1_493' title='bbox 1651 4679 1720 4734; x_wconf 85' lang='lat' dir='ltr'><strong>side·</strong></span> 
     </span>
     <span class='ocr_line' id='line_1_48' title="bbox 358 4758 1720 4831; baseline -0.001 -14"><span class='ocrx_word' id='word_1_494' title='bbox 358 4762 434 4817; x_wconf 88' lang='lat' dir='ltr'><strong>ribus</strong></span> <span class='ocrx_word' id='word_1_495' title='bbox 457 4778 509 4816; x_wconf 87' lang='lat' dir='ltr'><strong>sua</strong></span> <span class='ocrx_word' id='word_1_496' title='bbox 528 4761 613 4815; x_wconf 80' lang='lat' dir='ltr'><strong>eoam</strong></span> <span class='ocrx_word' id='word_1_497' title='bbox 634 4760 672 4814; x_wconf 91' lang='lat' dir='ltr'><strong>sit</strong></span> <span class='ocrx_word' id='word_1_498' title='bbox 690 4759 828 4813; x_wconf 83' lang='lat' dir='ltr'><strong>radiatio:</strong></span> <span class='ocrx_word' id='word_1_499' title='bbox 851 4769 955 4828; x_wconf 83' lang='lat' dir='ltr'><strong>puncta</strong></span> <span class='ocrx_word' id='word_1_500' title='bbox 975 4769 1067 4814; x_wconf 63' lang='lat' dir='ltr'><strong>umen</strong></span> <span class='ocrx_word' id='word_1_501' title='bbox 1089 4761 1206 4823; x_wconf 81' lang='lat' dir='ltr'><strong>retinas,</strong></span> <span class='ocrx_word' id='word_1_502' title='bbox 1228 4760 1256 4813; x_wconf 94' lang='lat' dir='ltr'><strong>in</strong></span> <span class='ocrx_word' id='word_1_503' title='bbox 1277 4775 1350 4829; x_wconf 83' lang='lat' dir='ltr'><strong>quae</strong></span> <span class='ocrx_word' id='word_1_504' title='bbox 1371 4759 1424 4812; x_wconf 82' lang='lat' dir='ltr'><strong>illa</strong></span> <span class='ocrx_word' id='word_1_505' title='bbox 1441 4758 1569 4822; x_wconf 79' lang='lat' dir='ltr'><strong>radiant.</strong></span> <span class='ocrx_word' id='word_1_506' title='bbox 1592 4760 1720 4831; x_wconf 77' lang='lat' dir='ltr'><strong>cncmpsrs&#39;</strong></span> 
     </span>
     <span class='ocr_line' id='line_1_49' title="bbox 358 4837 1720 4911; baseline -0.001 -16"><span class='ocrx_word' id='word_1_507' title='bbox 358 4841 506 4895; x_wconf 79' lang='lat' dir='ltr'><strong>latitudine</strong></span> <span class='ocrx_word' id='word_1_508' title='bbox 535 4839 699 4894; x_wconf 86' lang='lat' dir='ltr'><strong>radiationis</strong></span> <span class='ocrx_word' id='word_1_509' title='bbox 729 4837 849 4891; x_wconf 70' lang='lat' dir='ltr'><strong>fortioris</strong></span> <span class='ocrx_word' id='word_1_510' title='bbox 878 4853 1043 4909; x_wconf 87' lang='lat' dir='ltr'><strong>magnarum</strong></span> <span class='ocrx_word' id='word_1_511' title='bbox 1072 4839 1230 4901; x_wconf 83' lang='lat' dir='ltr'><strong>stellsmm,</strong></span> <span class='ocrx_word' id='word_1_512' title='bbox 1260 4853 1348 4908; x_wconf 82' lang='lat' dir='ltr'><strong>qnare</strong></span> <span class='ocrx_word' id='word_1_513' title='bbox 1373 4838 1439 4892; x_wconf 81' lang='lat' dir='ltr'><strong>illas</strong></span> <span class='ocrx_word' id='word_1_514' title='bbox 1468 4839 1571 4894; x_wconf 76' lang='lat' dir='ltr'><strong>stellas</strong></span> <span class='ocrx_word' id='word_1_515' title='bbox 1600 4840 1720 4911; x_wconf 82' lang='lat' dir='ltr'><strong>grandes</strong></span> 
     </span>
     <span class='ocr_line' id='line_1_50' title="bbox 359 4917 1720 4989; baseline 0 -17"><span class='ocrx_word' id='word_1_516' title='bbox 359 4933 497 4989; x_wconf 72' lang='lat' dir='ltr'><strong>sppners</strong></span> <span class='ocrx_word' id='word_1_517' title='bbox 516 4928 548 4972; x_wconf 87' lang='lat' dir='ltr'><strong>st</strong></span> <span class='ocrx_word' id='word_1_518' title='bbox 568 4918 653 4972; x_wconf 86' lang='lat' dir='ltr'><strong>rsdiis</strong></span> <span class='ocrx_word' id='word_1_519' title='bbox 673 4917 862 4971; x_wconf 68' lang='lat' dir='ltr'><strong>cindnnstss:</strong></span> <span class='ocrx_word' id='word_1_520' title='bbox 893 4918 972 4971; x_wconf 85' lang='lat' dir='ltr'><strong>coslo</strong></span> <span class='ocrx_word' id='word_1_521' title='bbox 991 4935 1059 4972; x_wconf 83' lang='lat' dir='ltr'><strong>rere</strong></span> <span class='ocrx_word' id='word_1_522' title='bbox 1083 4918 1144 4986; x_wconf 81' lang='lat' dir='ltr'><strong>jam</strong></span> <span class='ocrx_word' id='word_1_523' title='bbox 1168 4918 1286 4988; x_wconf 77' lang='lat' dir='ltr'><strong>primam</strong></span> <span class='ocrx_word' id='word_1_524' title='bbox 1314 4919 1478 4972; x_wconf 74' lang='lat' dir='ltr'><strong>albescente</strong></span> <span class='ocrx_word' id='word_1_525' title='bbox 1504 4918 1649 4974; x_wconf 69' lang='lat' dir='ltr'><strong>dudm</strong></span> <span class='ocrx_word' id='word_1_526' title='bbox 1671 4918 1720 4972; x_wconf 71' lang='lat' dir='ltr'><strong>has</strong></span> 
     </span>
     <span class='ocr_line' id='line_1_51' title="bbox 361 4996 1720 5068; baseline 0.001 -16"><span class='ocrx_word' id='word_1_527' title='bbox 361 4997 496 5066; x_wconf 54' lang='lat' dir='ltr'><strong>weram</strong></span> <span class='ocrx_word' id='word_1_528' title='bbox 516 4997 664 5051; x_wconf 54' lang='lat' dir='ltr'><strong>*unm</strong></span> <span class='ocrx_word' id='word_1_529' title='bbox 685 4996 837 5061; x_wconf 80' lang='lat' dir='ltr'><strong>obliterari,</strong></span> <span class='ocrx_word' id='word_1_530' title='bbox 859 4996 1113 5068; x_wconf 82' lang='lat' dir='ltr'><strong>quisvineissoeli</strong></span> <span class='ocrx_word' id='word_1_531' title='bbox 1132 4996 1303 5052; x_wconf 59' lang='lat' dir='ltr'><strong>dbuoends</strong></span> <span class='ocrx_word' id='word_1_532' title='bbox 1323 4997 1446 5053; x_wconf 78' lang='lat' dir='ltr'><strong>redistis</strong></span> <span class='ocrx_word' id='word_1_533' title='bbox 1463 4997 1495 5053; x_wconf 80' lang='lat' dir='ltr'><strong>‘m</strong></span> <span class='ocrx_word' id='word_1_534' title='bbox 1512 5013 1597 5056; x_wconf 76' lang='lat' dir='ltr'><strong>snm</strong></span> <span class='ocrx_word' id='word_1_535' title='bbox 1614 4998 1720 5054; x_wconf 55' lang='grc' dir='ltr'><strong>ιώ·</strong></span> 
     </span>
    </p>
   </div>
   <div class='ocr_carea' id='block_1_5' title="bbox 0 0 1853 5842">
    <p class='ocr_par' dir='ltr' id='par_1_9' title="bbox 0 0 1853 5842">
     <span class='ocr_line' id='line_1_52' title="bbox 0 0 1853 5842; baseline 0 0"><span class='ocrx_word' id='word_1_536' title='bbox 0 0 1853 5842; x_wconf 95' lang='lat' dir='ltr'><strong> </strong></span> 
     </span>
    </p>
   </div>
  </div>
 </body>
</html>
