<?xml version="1.0" encoding="UTF-8"?>
<!DOCTYPE html PUBLIC "-//W3C//DTD XHTML 1.0 Transitional//EN"
    "http://www.w3.org/TR/xhtml1/DTD/xhtml1-transitional.dtd">
<html xmlns="http://www.w3.org/1999/xhtml" xml:lang="en" lang="en">
 <head>
  <title>
</title>
<meta http-equiv="Content-Type" content="text/html;charset=utf-8" />
  <meta name='ocr-system' content='tesseract 3.04.00' />
  <meta name='ocr-capabilities' content='ocr_page ocr_carea ocr_par ocr_line ocrx_word'/>
</head>
<body>
  <div class='ocr_page' id='page_1' title='image "./joanniskepleria01frisgoog/joanniskepleria01frisgoog_0226.png"; bbox 0 0 3692 5842; ppageno 0'>
   <div class='ocr_carea' id='block_1_1' title="bbox 360 507 1251 574">
    <p class='ocr_par' dir='ltr' id='par_1_1' title="bbox 360 507 1251 574">
     <span class='ocr_line' id='line_1_1' title="bbox 360 507 1251 574; baseline -0.009 -7"><span class='ocrx_word' id='word_1_1' title='bbox 360 507 425 574; x_wconf 82' lang='grc'><strong>212</strong></span> <span class='ocrx_word' id='word_1_2' title='bbox 830 507 1021 574; x_wconf 80' lang='lat' dir='ltr'><strong>Paralipomena</strong></span> <span class='ocrx_word' id='word_1_3' title='bbox 1039 510 1065 560; x_wconf 85' lang='lat' dir='ltr'><strong>lu</strong></span> <span class='ocrx_word' id='word_1_4' title='bbox 1084 509 1251 563; x_wconf 79' lang='lat' dir='ltr'><strong>Vltalllonetu.</strong></span> 
     </span>
    </p>
   </div>
   <div class='ocr_carea' id='block_1_2' title="bbox 358 682 1719 1298">
    <p class='ocr_par' dir='ltr' id='par_1_2' title="bbox 358 682 1719 1298">
     <span class='ocr_line' id='line_1_2' title="bbox 359 682 1718 767; baseline -0.004 -20"><span class='ocrx_word' id='word_1_5' title='bbox 359 688 458 766; x_wconf 86' lang='lat' dir='ltr'><strong>possit</strong></span> <span class='ocrx_word' id='word_1_6' title='bbox 482 685 538 747; x_wconf 90' lang='lat' dir='ltr'><strong>nisi</strong></span> <span class='ocrx_word' id='word_1_7' title='bbox 562 685 686 746; x_wconf 89' lang='lat' dir='ltr'><strong>admota</strong></span> <span class='ocrx_word' id='word_1_8' title='bbox 708 686 747 746; x_wconf 91' lang='lat' dir='ltr'><strong>ad</strong></span> <span class='ocrx_word' id='word_1_9' title='bbox 772 706 861 748; x_wconf 92' lang='lat' dir='ltr'><strong>nares</strong></span> <span class='ocrx_word' id='word_1_10' title='bbox 885 687 1020 766; x_wconf 80' lang='lat' dir='ltr'>spongia,</span> <span class='ocrx_word' id='word_1_11' title='bbox 1056 687 1134 766; x_wconf 93' lang='lat' dir='ltr'><strong>quod</strong></span> <span class='ocrx_word' id='word_1_12' title='bbox 1158 688 1195 747; x_wconf 90' lang='lat' dir='ltr'><strong>de</strong></span> <span class='ocrx_word' id='word_1_13' title='bbox 1220 685 1350 767; x_wconf 86' lang='lat' dir='ltr'>Olympo</span> <span class='ocrx_word' id='word_1_14' title='bbox 1373 690 1507 745; x_wconf 83' lang='lat' dir='ltr'><strong>testatur</strong></span> <span class='ocrx_word' id='word_1_15' title='bbox 1529 682 1718 746; x_wconf 83' lang='lat' dir='ltr'><strong>Aristoteles</strong></span> 
     </span>
     <span class='ocr_line' id='line_1_3' title="bbox 359 771 1716 855; baseline -0.004 -18"><span class='ocrx_word' id='word_1_16' title='bbox 359 776 387 837; x_wconf 90' lang='lat' dir='ltr'><strong>in</strong></span> <span class='ocrx_word' id='word_1_17' title='bbox 411 774 566 836; x_wconf 86' lang='lat' dir='ltr'><strong>Meteoris.</strong></span> <span class='ocrx_word' id='word_1_18' title='bbox 615 772 720 835; x_wconf 87' lang='lat' dir='ltr'>Simile</span> <span class='ocrx_word' id='word_1_19' title='bbox 754 776 905 855; x_wconf 81' lang='lat' dir='ltr'>quippiam</span> <span class='ocrx_word' id='word_1_20' title='bbox 936 778 972 837; x_wconf 85' lang='lat' dir='ltr'><strong>do</strong></span> <span class='ocrx_word' id='word_1_21' title='bbox 1007 776 1157 836; x_wconf 89' lang='lat' dir='ltr'><strong>montibus</strong></span> <span class='ocrx_word' id='word_1_22' title='bbox 1186 775 1340 836; x_wconf 86' lang='lat' dir='ltr'><strong>Peruauae</strong></span> <span class='ocrx_word' id='word_1_23' title='bbox 1369 773 1513 846; x_wconf 87' lang='lat' dir='ltr'><strong>referunt,</strong></span> <span class='ocrx_word' id='word_1_24' title='bbox 1552 771 1631 833; x_wconf 89' lang='lat' dir='ltr'><strong>adiri</strong></span> <span class='ocrx_word' id='word_1_25' title='bbox 1660 790 1716 832; x_wconf 88' lang='lat' dir='ltr'><strong>non</strong></span> 
     </span>
     <span class='ocr_line' id='line_1_4' title="bbox 358 860 1717 946; baseline -0.003 -21"><span class='ocrx_word' id='word_1_26' title='bbox 358 884 459 946; x_wconf 90' lang='lat' dir='ltr'><strong>posse,</strong></span> <span class='ocrx_word' id='word_1_27' title='bbox 484 864 561 942; x_wconf 91' lang='lat' dir='ltr'><strong>quod</strong></span> <span class='ocrx_word' id='word_1_28' title='bbox 586 863 710 943; x_wconf 88' lang='lat' dir='ltr'><strong>spiritus</strong></span> <span class='ocrx_word' id='word_1_29' title='bbox 736 864 870 925; x_wconf 90' lang='lat' dir='ltr'><strong>homines</strong></span> <span class='ocrx_word' id='word_1_30' title='bbox 894 866 1024 927; x_wconf 86' lang='lat' dir='ltr'><strong>deficiat.</strong></span> <span class='ocrx_word' id='word_1_31' title='bbox 1062 864 1103 925; x_wconf 86' lang='lat' dir='ltr'><strong>Et</strong></span> <span class='ocrx_word' id='word_1_32' title='bbox 1124 865 1260 925; x_wconf 89' lang='lat' dir='ltr'><strong>Bodinus</strong></span> <span class='ocrx_word' id='word_1_33' title='bbox 1285 883 1323 925; x_wconf 83' lang='lat' dir='ltr'><strong>ex</strong></span> <span class='ocrx_word' id='word_1_34' title='bbox 1345 861 1473 923; x_wconf 90' lang='lat' dir='ltr'><strong>historia</strong></span> <span class='ocrx_word' id='word_1_35' title='bbox 1492 860 1598 922; x_wconf 88' lang='lat' dir='ltr'><strong>ludica</strong></span> <span class='ocrx_word' id='word_1_36' title='bbox 1614 862 1717 931; x_wconf 85' lang='lat' dir='ltr'><strong>refert,</strong></span> 
     </span>
     <span class='ocr_line' id='line_1_5' title="bbox 360 948 1718 1033; baseline -0.004 -19"><span class='ocrx_word' id='word_1_37' title='bbox 360 953 514 1032; x_wconf 90' lang='lat' dir='ltr'><strong>Hispanos</strong></span> <span class='ocrx_word' id='word_1_38' title='bbox 539 972 626 1032; x_wconf 90' lang='lat' dir='ltr'><strong>quam</strong></span> <span class='ocrx_word' id='word_1_39' title='bbox 651 953 794 1032; x_wconf 90' lang='lat' dir='ltr'><strong>plurimos</strong></span> <span class='ocrx_word' id='word_1_40' title='bbox 820 954 930 1032; x_wconf 89' lang='lat' dir='ltr'><strong>frigore</strong></span> <span class='ocrx_word' id='word_1_41' title='bbox 958 955 1083 1033; x_wconf 87' lang='lat' dir='ltr'><strong>perisse,</strong></span> <span class='ocrx_word' id='word_1_42' title='bbox 1109 973 1174 1014; x_wconf 90' lang='lat' dir='ltr'><strong>cum</strong></span> <span class='ocrx_word' id='word_1_43' title='bbox 1198 971 1339 1032; x_wconf 90' lang='lat' dir='ltr'><strong>suprema</strong></span> <span class='ocrx_word' id='word_1_44' title='bbox 1371 951 1446 1029; x_wconf 88' lang='lat' dir='ltr'><strong>juga</strong></span> <span class='ocrx_word' id='word_1_45' title='bbox 1483 948 1632 1011; x_wconf 87' lang='lat' dir='ltr'><strong>montium</strong></span> <span class='ocrx_word' id='word_1_46' title='bbox 1664 948 1718 1010; x_wconf 87' lang='lat' dir='ltr'><strong>sub</strong></span> 
     </span>
     <span class='ocr_line' id='line_1_6' title="bbox 359 1037 1719 1122; baseline -0.004 -19"><span class='ocrx_word' id='word_1_47' title='bbox 359 1052 522 1122; x_wconf 88' lang='lat' dir='ltr'><strong>aequatore</strong></span> <span class='ocrx_word' id='word_1_48' title='bbox 548 1042 809 1121; x_wconf 81' lang='lat' dir='ltr'>transmigrarent,</span> <span class='ocrx_word' id='word_1_49' title='bbox 833 1062 898 1103; x_wconf 93' lang='lat' dir='ltr'><strong>cum</strong></span> <span class='ocrx_word' id='word_1_50' title='bbox 923 1053 1023 1104; x_wconf 89' lang='lat' dir='ltr'><strong>tamen</strong></span> <span class='ocrx_word' id='word_1_51' title='bbox 1047 1042 1191 1121; x_wconf 82' lang='lat' dir='ltr'>planities</span> <span class='ocrx_word' id='word_1_52' title='bbox 1214 1041 1371 1102; x_wconf 90' lang='lat' dir='ltr'><strong>ardoribus</strong></span> <span class='ocrx_word' id='word_1_53' title='bbox 1396 1048 1564 1101; x_wconf 84' lang='lat' dir='ltr'><strong>urerentur.</strong></span> <span class='ocrx_word' id='word_1_54' title='bbox 1601 1037 1719 1100; x_wconf 77' lang='lat' dir='ltr'><strong>Extant</strong></span> 
     </span>
     <span class='ocr_line' id='line_1_7' title="bbox 359 1128 1717 1209; baseline -0.004 -16"><span class='ocrx_word' id='word_1_55' title='bbox 359 1131 438 1192; x_wconf 91' lang='lat' dir='ltr'><strong>euim</strong></span> <span class='ocrx_word' id='word_1_56' title='bbox 463 1130 604 1191; x_wconf 79' lang='lat' dir='ltr'><strong>altissimi</strong></span> <span class='ocrx_word' id='word_1_57' title='bbox 636 1140 754 1191; x_wconf 88' lang='lat' dir='ltr'><strong>montes</strong></span> <span class='ocrx_word' id='word_1_58' title='bbox 779 1151 815 1190; x_wconf 82' lang='lat' dir='ltr'><strong>ex</strong></span> <span class='ocrx_word' id='word_1_59' title='bbox 840 1139 919 1205; x_wconf 78' lang='lat' dir='ltr'><strong>aere,</strong></span> <span class='ocrx_word' id='word_1_60' title='bbox 954 1142 986 1192; x_wconf 91' lang='lat' dir='ltr'><strong>ut</strong></span> <span class='ocrx_word' id='word_1_61' title='bbox 1009 1130 1123 1209; x_wconf 82' lang='lat' dir='ltr'><strong>scopuli</strong></span> <span class='ocrx_word' id='word_1_62' title='bbox 1148 1149 1185 1191; x_wconf 82' lang='lat' dir='ltr'><strong>ex</strong></span> <span class='ocrx_word' id='word_1_63' title='bbox 1209 1131 1294 1205; x_wconf 88' lang='lat' dir='ltr'><strong>mari,</strong></span> <span class='ocrx_word' id='word_1_64' title='bbox 1329 1137 1360 1190; x_wconf 90' lang='lat' dir='ltr'><strong>et</strong></span> <span class='ocrx_word' id='word_1_65' title='bbox 1383 1128 1618 1202; x_wconf 88' lang='lat' dir='ltr'><strong>mediterranea,</strong></span> <span class='ocrx_word' id='word_1_66' title='bbox 1642 1144 1717 1208; x_wconf 80' lang='lat' dir='ltr'><strong>quae</strong></span> 
     </span>
     <span class='ocr_line' id='line_1_8' title="bbox 359 1216 1717 1298; baseline -0.003 -18"><span class='ocrx_word' id='word_1_67' title='bbox 359 1228 430 1280; x_wconf 90' lang='lat' dir='ltr'><strong>sunt</strong></span> <span class='ocrx_word' id='word_1_68' title='bbox 453 1218 589 1298; x_wconf 81' lang='lat' dir='ltr'><strong>proxima</strong></span> <span class='ocrx_word' id='word_1_69' title='bbox 608 1220 762 1280; x_wconf 85' lang='lat' dir='ltr'><strong>fluviorum</strong></span> <span class='ocrx_word' id='word_1_70' title='bbox 786 1220 960 1298; x_wconf 74' lang='lat' dir='ltr'><strong>originibus,</strong></span> <span class='ocrx_word' id='word_1_71' title='bbox 987 1222 1023 1280; x_wconf 93' lang='lat' dir='ltr'><strong>ob</strong></span> <span class='ocrx_word' id='word_1_72' title='bbox 1052 1220 1242 1280; x_wconf 82' lang='lat' dir='ltr'><strong>altitudinem</strong></span> <span class='ocrx_word' id='word_1_73' title='bbox 1267 1237 1358 1297; x_wconf 88' lang='lat' dir='ltr'><strong>supra</strong></span> <span class='ocrx_word' id='word_1_74' title='bbox 1377 1218 1467 1279; x_wconf 90' lang='lat' dir='ltr'><strong>litora</strong></span> <span class='ocrx_word' id='word_1_75' title='bbox 1490 1216 1619 1289; x_wconf 87' lang='lat' dir='ltr'><strong>marina,</strong></span> <span class='ocrx_word' id='word_1_76' title='bbox 1643 1235 1717 1295; x_wconf 84' lang='lat' dir='ltr'><strong>quac</strong></span> 
     </span>
    </p>
   </div>
   <div class='ocr_carea' id='block_1_3' title="bbox 248 1304 1717 1388">
    <p class='ocr_par' dir='ltr' id='par_1_3' title="bbox 248 1304 1717 1388">
     <span class='ocr_line' id='line_1_9' title="bbox 248 1304 1717 1388; baseline -0.003 -19"><span class='ocrx_word' id='word_1_77' title='bbox 248 1381 252 1385; x_wconf 38' lang='grc'><strong>,</strong></span> <span class='ocrx_word' id='word_1_78' title='bbox 360 1309 515 1369; x_wconf 92' lang='lat' dir='ltr'><strong>decursum</strong></span> <span class='ocrx_word' id='word_1_79' title='bbox 539 1307 641 1367; x_wconf 88' lang='lat' dir='ltr'><strong>irritat</strong></span> <span class='ocrx_word' id='word_1_80' title='bbox 663 1308 826 1379; x_wconf 90' lang='lat' dir='ltr'><strong>fluminum,</strong></span> <span class='ocrx_word' id='word_1_81' title='bbox 850 1310 1035 1388; x_wconf 88' lang='lat' dir='ltr'><strong>respondent</strong></span> <span class='ocrx_word' id='word_1_82' title='bbox 1060 1308 1278 1388; x_wconf 79' lang='lat' dir='ltr'><strong>quadamtenus</strong></span> <span class='ocrx_word' id='word_1_83' title='bbox 1302 1306 1442 1369; x_wconf 84' lang='lat' dir='ltr'><strong>brevibus</strong></span> <span class='ocrx_word' id='word_1_84' title='bbox 1459 1304 1593 1368; x_wconf 88' lang='lat' dir='ltr'><strong>inmari.</strong></span> <span class='ocrx_word' id='word_1_85' title='bbox 1633 1305 1717 1367; x_wconf 84' lang='lat' dir='ltr'><strong>Unde</strong></span> 
     </span>
    </p>
   </div>
   <div class='ocr_carea' id='block_1_4' title="bbox 350 1394 1719 3697">
    <p class='ocr_par' dir='ltr' id='par_1_4' title="bbox 350 1394 1719 3520">
     <span class='ocr_line' id='line_1_10' title="bbox 360 1394 1718 1476; baseline 0 -23"><span class='ocrx_word' id='word_1_86' title='bbox 360 1398 486 1475; x_wconf 87' lang='lat' dir='ltr'><strong>vulgata</strong></span> <span class='ocrx_word' id='word_1_87' title='bbox 517 1396 636 1474; x_wconf 91' lang='lat' dir='ltr'><strong>opinio,</strong></span> <span class='ocrx_word' id='word_1_88' title='bbox 669 1397 865 1458; x_wconf 82' lang='lat' dir='ltr'><strong>salubriorem</strong></span> <span class='ocrx_word' id='word_1_89' title='bbox 897 1418 965 1459; x_wconf 90' lang='lat' dir='ltr'><strong>esse</strong></span> <span class='ocrx_word' id='word_1_90' title='bbox 996 1398 1024 1457; x_wconf 92' lang='lat' dir='ltr'><strong>in</strong></span> <span class='ocrx_word' id='word_1_91' title='bbox 1048 1397 1178 1476; x_wconf 88' lang='lat' dir='ltr'><strong>Alpibus</strong></span> <span class='ocrx_word' id='word_1_92' title='bbox 1210 1404 1331 1470; x_wconf 71' lang='lat' dir='ltr'><strong>aerem,</strong></span> <span class='ocrx_word' id='word_1_93' title='bbox 1366 1395 1444 1476; x_wconf 93' lang='lat' dir='ltr'><strong>quod</strong></span> <span class='ocrx_word' id='word_1_94' title='bbox 1472 1394 1514 1456; x_wconf 87' lang='lat' dir='ltr'><strong>sit</strong></span> <span class='ocrx_word' id='word_1_95' title='bbox 1546 1394 1667 1456; x_wconf 90' lang='lat' dir='ltr'><strong>tenuior</strong></span> <span class='ocrx_word' id='word_1_96' title='bbox 1688 1405 1718 1453; x_wconf 89' lang='lat' dir='ltr'><strong>et</strong></span> 
     </span>
     <span class='ocr_line' id='line_1_11' title="bbox 360 1483 1716 1565; baseline -0.003 -19"><span class='ocrx_word' id='word_1_97' title='bbox 360 1484 556 1558; x_wconf 83' lang='lat' dir='ltr'><strong>defaecatior,</strong></span> <span class='ocrx_word' id='word_1_98' title='bbox 583 1486 722 1546; x_wconf 84' lang='lat' dir='ltr'><strong>crassiori</strong></span> <span class='ocrx_word' id='word_1_99' title='bbox 748 1486 776 1546; x_wconf 90' lang='lat' dir='ltr'><strong>in</strong></span> <span class='ocrx_word' id='word_1_100' title='bbox 796 1487 893 1547; x_wconf 89' lang='lat' dir='ltr'><strong>valles</strong></span> <span class='ocrx_word' id='word_1_101' title='bbox 917 1487 1101 1547; x_wconf 87' lang='lat' dir='ltr'><strong>subsidente.</strong></span> <span class='ocrx_word' id='word_1_102' title='bbox 1139 1485 1238 1547; x_wconf 89' lang='lat' dir='ltr'><strong>Erunt</strong></span> <span class='ocrx_word' id='word_1_103' title='bbox 1260 1486 1362 1565; x_wconf 90' lang='lat' dir='ltr'><strong>itaque</strong></span> <span class='ocrx_word' id='word_1_104' title='bbox 1387 1483 1586 1545; x_wconf 88' lang='lat' dir='ltr'><strong>refractiones</strong></span> <span class='ocrx_word' id='word_1_105' title='bbox 1609 1483 1716 1545; x_wconf 89' lang='lat' dir='ltr'><strong>alicubi</strong></span> 
     </span>
     <span class='ocr_line' id='line_1_12' title="bbox 359 1569 1716 1653; baseline -0.001 -19"><span class='ocrx_word' id='word_1_106' title='bbox 359 1574 470 1646; x_wconf 89' lang='lat' dir='ltr'><strong>nullae,</strong></span> <span class='ocrx_word' id='word_1_107' title='bbox 495 1573 605 1633; x_wconf 91' lang='lat' dir='ltr'><strong>alicubi</strong></span> <span class='ocrx_word' id='word_1_108' title='bbox 630 1574 823 1653; x_wconf 84' lang='lat' dir='ltr'><strong>perexiguae,</strong></span> <span class='ocrx_word' id='word_1_109' title='bbox 849 1584 880 1635; x_wconf 88' lang='lat' dir='ltr'><strong>et</strong></span> <span class='ocrx_word' id='word_1_110' title='bbox 903 1583 986 1635; x_wconf 90' lang='lat' dir='ltr'><strong>totae</strong></span> <span class='ocrx_word' id='word_1_111' title='bbox 1010 1576 1038 1635; x_wconf 93' lang='lat' dir='ltr'><strong>in</strong></span> <span class='ocrx_word' id='word_1_112' title='bbox 1063 1576 1129 1652; x_wconf 91' lang='lat' dir='ltr'><strong>ipso</strong></span> <span class='ocrx_word' id='word_1_113' title='bbox 1152 1594 1229 1653; x_wconf 92' lang='lat' dir='ltr'><strong>pene</strong></span> <span class='ocrx_word' id='word_1_114' title='bbox 1259 1575 1422 1635; x_wconf 85' lang='lat' dir='ltr'><strong>horizonte.</strong></span> <span class='ocrx_word' id='word_1_115' title='bbox 1471 1569 1716 1633; x_wconf 87' lang='lat' dir='ltr'><strong>Consentaneum</strong></span> 
     </span>
     <span class='ocr_line' id='line_1_13' title="bbox 359 1659 1717 1743; baseline -0.003 -21"><span class='ocrx_word' id='word_1_116' title='bbox 359 1663 437 1723; x_wconf 90' lang='lat' dir='ltr'><strong>enim</strong></span> <span class='ocrx_word' id='word_1_117' title='bbox 463 1671 520 1730; x_wconf 87' lang='lat' dir='ltr'><strong>est,</strong></span> <span class='ocrx_word' id='word_1_118' title='bbox 545 1662 639 1722; x_wconf 88' lang='lat' dir='ltr'><strong>multa</strong></span> <span class='ocrx_word' id='word_1_119' title='bbox 663 1663 730 1723; x_wconf 90' lang='lat' dir='ltr'><strong>loca</strong></span> <span class='ocrx_word' id='word_1_120' title='bbox 753 1682 837 1736; x_wconf 91' lang='lat' dir='ltr'><strong>esse,</strong></span> <span class='ocrx_word' id='word_1_121' title='bbox 863 1685 938 1743; x_wconf 89' lang='lat' dir='ltr'><strong>quae</strong></span> <span class='ocrx_word' id='word_1_122' title='bbox 963 1663 1083 1724; x_wconf 89' lang='lat' dir='ltr'><strong>dimidie</strong></span> <span class='ocrx_word' id='word_1_123' title='bbox 1108 1663 1238 1737; x_wconf 86' lang='lat' dir='ltr'><strong>milliari,</strong></span> <span class='ocrx_word' id='word_1_124' title='bbox 1264 1670 1377 1742; x_wconf 86' lang='lat' dir='ltr'><strong>quanta</strong></span> <span class='ocrx_word' id='word_1_125' title='bbox 1401 1669 1450 1722; x_wconf 89' lang='lat' dir='ltr'><strong>est</strong></span> <span class='ocrx_word' id='word_1_126' title='bbox 1472 1679 1527 1740; x_wconf 87' lang='lat' dir='ltr'><strong>per</strong></span> <span class='ocrx_word' id='word_1_127' title='bbox 1554 1659 1606 1723; x_wconf 84' lang='lat'><strong>11.</strong></span> <span class='ocrx_word' id='word_1_128' title='bbox 1631 1661 1717 1739; x_wconf 87' lang='lat' dir='ltr'><strong>hujus</strong></span> 
     </span>
     <span class='ocr_line' id='line_1_14' title="bbox 360 1750 1716 1831; baseline -0.001 -20"><span class='ocrx_word' id='word_1_129' title='bbox 360 1751 471 1829; x_wconf 88' lang='lat' dir='ltr'><strong>capitis</strong></span> <span class='ocrx_word' id='word_1_130' title='bbox 495 1752 524 1811; x_wconf 93' lang='lat' dir='ltr'><strong>in</strong></span> <span class='ocrx_word' id='word_1_131' title='bbox 550 1752 628 1810; x_wconf 88' lang='lat' dir='ltr'><strong>freto</strong></span> <span class='ocrx_word' id='word_1_132' title='bbox 651 1751 767 1812; x_wconf 90' lang='lat' dir='ltr'><strong>Danico</strong></span> <span class='ocrx_word' id='word_1_133' title='bbox 792 1753 964 1831; x_wconf 87' lang='lat' dir='ltr'><strong>superficies</strong></span> <span class='ocrx_word' id='word_1_134' title='bbox 987 1753 1084 1820; x_wconf 72' lang='lat' dir='ltr'><strong>aeris,</strong></span> <span class='ocrx_word' id='word_1_135' title='bbox 1109 1772 1201 1831; x_wconf 89' lang='lat' dir='ltr'><strong>supra</strong></span> <span class='ocrx_word' id='word_1_136' title='bbox 1224 1752 1411 1830; x_wconf 87' lang='lat' dir='ltr'><strong>superficiem</strong></span> <span class='ocrx_word' id='word_1_137' title='bbox 1435 1750 1528 1811; x_wconf 88' lang='lat' dir='ltr'><strong>mavis</strong></span> <span class='ocrx_word' id='word_1_138' title='bbox 1552 1750 1716 1811; x_wconf 80' lang='lat' dir='ltr'><strong>eleventur.</strong></span> 
     </span>
     <span class='ocr_line' id='line_1_15' title="bbox 359 1836 1717 1928; baseline -0.001 -28"><span class='ocrx_word' id='word_1_139' title='bbox 359 1840 517 1900; x_wconf 89' lang='lat' dir='ltr'><strong>Vitruvius</strong></span> <span class='ocrx_word' id='word_1_140' title='bbox 541 1839 592 1900; x_wconf 93' lang='lat' dir='ltr'><strong>lib.</strong></span> <span class='ocrx_word' id='word_1_141' title='bbox 609 1836 640 1900; x_wconf 83' lang='lat'><strong>8.</strong></span> <span class='ocrx_word' id='word_1_142' title='bbox 666 1859 731 1918; x_wconf 83' lang='lat' dir='ltr'><strong>rap.</strong></span> <span class='ocrx_word' id='word_1_143' title='bbox 754 1840 781 1903; x_wconf 84' lang='lat'><strong>7.</strong></span> <span class='ocrx_word' id='word_1_144' title='bbox 808 1842 947 1920; x_wconf 89' lang='lat' dir='ltr'><strong>postulat</strong></span> <span class='ocrx_word' id='word_1_145' title='bbox 970 1842 1205 1928; x_wconf 78' lang='lat' dir='ltr'><strong>ducentesimam</strong></span> <span class='ocrx_word' id='word_1_146' title='bbox 1226 1841 1342 1901; x_wconf 90' lang='lat' dir='ltr'><strong>decursi</strong></span> <span class='ocrx_word' id='word_1_147' title='bbox 1369 1840 1459 1918; x_wconf 85' lang='lat' dir='ltr'><strong>spatii</strong></span> <span class='ocrx_word' id='word_1_148' title='bbox 1485 1839 1666 1900; x_wconf 85' lang='lat' dir='ltr'><strong>libramento</strong></span> <span class='ocrx_word' id='word_1_149' title='bbox 1690 1838 1717 1898; x_wconf 89' lang='lat' dir='ltr'><strong>in</strong></span> 
     </span>
     <span class='ocr_line' id='line_1_16' title="bbox 359 1926 1718 2009; baseline -0.002 -20"><span class='ocrx_word' id='word_1_150' title='bbox 359 1928 605 2008; x_wconf 88' lang='lat' dir='ltr'><strong>aquaeductibus.</strong></span> <span class='ocrx_word' id='word_1_151' title='bbox 651 1928 782 1990; x_wconf 93' lang='lat' dir='ltr'><strong>Dubium</strong></span> <span class='ocrx_word' id='word_1_152' title='bbox 807 1949 864 1990; x_wconf 92' lang='lat' dir='ltr'><strong>non</strong></span> <span class='ocrx_word' id='word_1_153' title='bbox 890 1938 952 2001; x_wconf 88' lang='lat' dir='ltr'><strong>est,</strong></span> <span class='ocrx_word' id='word_1_154' title='bbox 983 1930 1050 2009; x_wconf 91' lang='lat' dir='ltr'><strong>quin</strong></span> <span class='ocrx_word' id='word_1_155' title='bbox 1079 1930 1248 2008; x_wconf 90' lang='lat' dir='ltr'><strong>perniciosa</strong></span> <span class='ocrx_word' id='word_1_156' title='bbox 1279 1930 1379 1990; x_wconf 91' lang='lat' dir='ltr'><strong>futura</strong></span> <span class='ocrx_word' id='word_1_157' title='bbox 1402 1928 1444 1988; x_wconf 92' lang='lat' dir='ltr'><strong>sit</strong></span> <span class='ocrx_word' id='word_1_158' title='bbox 1472 1926 1718 2006; x_wconf 80' lang='lat' dir='ltr'><strong>navigationibus</strong></span> 
     </span>
     <span class='ocr_line' id='line_1_17' title="bbox 359 2015 1718 2096; baseline -0.001 -18"><span class='ocrx_word' id='word_1_159' title='bbox 359 2018 487 2078; x_wconf 90' lang='lat' dir='ltr'><strong>altitudo</strong></span> <span class='ocrx_word' id='word_1_160' title='bbox 511 2024 609 2078; x_wconf 89' lang='lat' dir='ltr'><strong>tanta.</strong></span> <span class='ocrx_word' id='word_1_161' title='bbox 657 2017 763 2096; x_wconf 91' lang='lat' dir='ltr'><strong>Itaque</strong></span> <span class='ocrx_word' id='word_1_162' title='bbox 788 2019 813 2079; x_wconf 92' lang='lat' dir='ltr'><strong>si</strong></span> <span class='ocrx_word' id='word_1_163' title='bbox 838 2019 927 2080; x_wconf 85' lang='lat' dir='ltr'><strong>Albis</strong></span> <span class='ocrx_word' id='word_1_164' title='bbox 952 2019 1138 2081; x_wconf 87' lang='lat' dir='ltr'><strong>anfractibus</strong></span> <span class='ocrx_word' id='word_1_165' title='bbox 1163 2028 1282 2080; x_wconf 88' lang='lat' dir='ltr'><strong>centnm</strong></span> <span class='ocrx_word' id='word_1_166' title='bbox 1310 2018 1424 2078; x_wconf 86' lang='lat' dir='ltr'><strong>tribuas</strong></span> <span class='ocrx_word' id='word_1_167' title='bbox 1447 2015 1602 2092; x_wconf 88' lang='lat' dir='ltr'><strong>milliaria,</strong></span> <span class='ocrx_word' id='word_1_168' title='bbox 1626 2016 1718 2079; x_wconf 87' lang='lat' dir='ltr'><strong>multo</strong></span> 
     </span>
     <span class='ocr_line' id='line_1_18' title="bbox 359 2105 1718 2187; baseline 0 -21"><span class='ocrx_word' id='word_1_169' title='bbox 359 2106 454 2167; x_wconf 88' lang='lat' dir='ltr'><strong>miuus</strong></span> <span class='ocrx_word' id='word_1_170' title='bbox 479 2106 602 2167; x_wconf 93' lang='lat' dir='ltr'><strong>dimidio</strong></span> <span class='ocrx_word' id='word_1_171' title='bbox 625 2105 747 2167; x_wconf 90' lang='lat' dir='ltr'><strong>milliari</strong></span> <span class='ocrx_word' id='word_1_172' title='bbox 770 2108 858 2168; x_wconf 89' lang='lat' dir='ltr'><strong>cedet</strong></span> <span class='ocrx_word' id='word_1_173' title='bbox 880 2108 984 2169; x_wconf 81' lang='lat' dir='ltr'><strong>Norici</strong></span> <span class='ocrx_word' id='word_1_174' title='bbox 1013 2109 1077 2186; x_wconf 89' lang='lat' dir='ltr'><strong>agri</strong></span> <span class='ocrx_word' id='word_1_175' title='bbox 1109 2108 1244 2187; x_wconf 90' lang='lat' dir='ltr'><strong>fastigio,</strong></span> <span class='ocrx_word' id='word_1_176' title='bbox 1270 2108 1348 2167; x_wconf 90' lang='lat' dir='ltr'><strong>unde</strong></span> <span class='ocrx_word' id='word_1_177' title='bbox 1372 2106 1398 2166; x_wconf 89' lang='lat' dir='ltr'><strong>is</strong></span> <span class='ocrx_word' id='word_1_178' title='bbox 1423 2113 1547 2167; x_wconf 80' lang='lat' dir='ltr'><strong>exortus</strong></span> <span class='ocrx_word' id='word_1_179' title='bbox 1571 2105 1602 2166; x_wconf 91' lang='lat' dir='ltr'><strong>in</strong></span> <span class='ocrx_word' id='word_1_180' title='bbox 1628 2124 1718 2167; x_wconf 82' lang='lat' dir='ltr'><strong>occa·</strong></span> 
     </span>
     <span class='ocr_line' id='line_1_19' title="bbox 358 2191 1718 2275; baseline -0.001 -19"><span class='ocrx_word' id='word_1_181' title='bbox 358 2215 427 2256; x_wconf 88' lang='lat' dir='ltr'><strong>nuru</strong></span> <span class='ocrx_word' id='word_1_182' title='bbox 458 2195 569 2268; x_wconf 89' lang='lat' dir='ltr'><strong>influit,</strong></span> <span class='ocrx_word' id='word_1_183' title='bbox 605 2194 674 2274; x_wconf 89' lang='lat' dir='ltr'><strong>quia</strong></span> <span class='ocrx_word' id='word_1_184' title='bbox 708 2195 783 2256; x_wconf 90' lang='lat' dir='ltr'><strong>lenis</strong></span> <span class='ocrx_word' id='word_1_185' title='bbox 817 2197 938 2257; x_wconf 88' lang='lat' dir='ltr'><strong>fluitet</strong></span> <span class='ocrx_word' id='word_1_186' title='bbox 966 2205 1098 2275; x_wconf 85' lang='lat' dir='ltr'><strong>stagnat.</strong></span> <span class='ocrx_word' id='word_1_187' title='bbox 1146 2196 1190 2256; x_wconf 85' lang='lat' dir='ltr'><strong>At</strong></span> <span class='ocrx_word' id='word_1_188' title='bbox 1212 2196 1369 2257; x_wconf 87' lang='lat' dir='ltr'><strong>Danubius</strong></span> <span class='ocrx_word' id='word_1_189' title='bbox 1393 2212 1447 2273; x_wconf 89' lang='lat' dir='ltr'><strong>per</strong></span> <span class='ocrx_word' id='word_1_190' title='bbox 1480 2193 1542 2254; x_wconf 84' lang='lat' dir='ltr'><strong>alia</strong></span> <span class='ocrx_word' id='word_1_191' title='bbox 1569 2191 1634 2256; x_wconf 89' lang='grc'><strong>100</strong></span> <span class='ocrx_word' id='word_1_192' title='bbox 1658 2195 1718 2256; x_wconf 87' lang='lat' dir='ltr'><strong>fere</strong></span> 
     </span>
     <span class='ocr_line' id='line_1_20' title="bbox 359 2282 1719 2364; baseline -0.001 -19"><span class='ocrx_word' id='word_1_193' title='bbox 359 2283 498 2345; x_wconf 90' lang='lat' dir='ltr'><strong>milliaria</strong></span> <span class='ocrx_word' id='word_1_194' title='bbox 522 2284 650 2356; x_wconf 88' lang='lat' dir='ltr'><strong>delatus,</strong></span> <span class='ocrx_word' id='word_1_195' title='bbox 675 2303 790 2344; x_wconf 87' lang='lat' dir='ltr'><strong>rursum</strong></span> <span class='ocrx_word' id='word_1_196' title='bbox 816 2286 907 2346; x_wconf 90' lang='lat' dir='ltr'><strong>altius</strong></span> <span class='ocrx_word' id='word_1_197' title='bbox 936 2295 1024 2346; x_wconf 88' lang='lat' dir='ltr'><strong>notat</strong></span> <span class='ocrx_word' id='word_1_198' title='bbox 1047 2284 1177 2346; x_wconf 68' lang='lat' dir='ltr'><strong>Suet-iae</strong></span> <span class='ocrx_word' id='word_1_199' title='bbox 1210 2304 1297 2364; x_wconf 92' lang='lat' dir='ltr'><strong>quam</strong></span> <span class='ocrx_word' id='word_1_200' title='bbox 1320 2283 1424 2346; x_wconf 75' lang='lat' dir='ltr'><strong>Norici</strong></span> <span class='ocrx_word' id='word_1_201' title='bbox 1453 2282 1623 2362; x_wconf 71' lang='lat' dir='ltr'><strong>fastigium.</strong></span> <span class='ocrx_word' id='word_1_202' title='bbox 1671 2283 1719 2343; x_wconf 81' lang='lat' dir='ltr'><strong>lta</strong></span> 
     </span>
     <span class='ocr_line' id='line_1_21' title="bbox 358 2370 1717 2452; baseline -0.002 -18"><span class='ocrx_word' id='word_1_203' title='bbox 358 2373 513 2444; x_wconf 86' lang='lat' dir='ltr'><strong>efficietur,</strong></span> <span class='ocrx_word' id='word_1_204' title='bbox 538 2381 571 2433; x_wconf 93' lang='lat' dir='ltr'><strong>ut</strong></span> <span class='ocrx_word' id='word_1_205' title='bbox 595 2372 735 2449; x_wconf 89' lang='lat' dir='ltr'><strong>Vogesus</strong></span> <span class='ocrx_word' id='word_1_206' title='bbox 759 2383 791 2432; x_wconf 90' lang='lat' dir='ltr'><strong>et</strong></span> <span class='ocrx_word' id='word_1_207' title='bbox 815 2375 973 2435; x_wconf 90' lang='lat' dir='ltr'><strong>continuae</strong></span> <span class='ocrx_word' id='word_1_208' title='bbox 997 2374 1127 2435; x_wconf 87' lang='lat' dir='ltr'><strong>Rhetiae</strong></span> <span class='ocrx_word' id='word_1_209' title='bbox 1152 2374 1237 2452; x_wconf 91' lang='lat' dir='ltr'><strong>alpes</strong></span> <span class='ocrx_word' id='word_1_210' title='bbox 1262 2375 1323 2434; x_wconf 86' lang='lat' dir='ltr'><strong>fere</strong></span> <span class='ocrx_word' id='word_1_211' title='bbox 1353 2381 1496 2452; x_wconf 91' lang='lat' dir='ltr'><strong>superent</strong></span> <span class='ocrx_word' id='word_1_212' title='bbox 1525 2370 1717 2433; x_wconf 83' lang='lat' dir='ltr'><strong>altitudinem</strong></span> 
     </span>
     <span class='ocr_line' id='line_1_22' title="bbox 358 2459 1718 2542; baseline -0.002 -19"><span class='ocrx_word' id='word_1_213' title='bbox 358 2462 449 2535; x_wconf 70' lang='lat' dir='ltr'><strong>aeris,</strong></span> <span class='ocrx_word' id='word_1_214' title='bbox 475 2461 524 2541; x_wconf 92' lang='lat' dir='ltr'><strong>qui</strong></span> <span class='ocrx_word' id='word_1_215' title='bbox 549 2462 746 2522; x_wconf 85' lang='lat' dir='ltr'><strong>refractiones</strong></span> <span class='ocrx_word' id='word_1_216' title='bbox 771 2462 873 2522; x_wconf 81' lang='lat' dir='ltr'><strong>eflicit.</strong></span> <span class='ocrx_word' id='word_1_217' title='bbox 921 2460 1009 2532; x_wconf 85' lang='lat' dir='ltr'><strong>Quod</strong></span> <span class='ocrx_word' id='word_1_218' title='bbox 1033 2462 1211 2525; x_wconf 86' lang='lat' dir='ltr'><strong>confirmant</strong></span> <span class='ocrx_word' id='word_1_219' title='bbox 1237 2472 1402 2542; x_wconf 87' lang='lat' dir='ltr'><strong>perpetuae</strong></span> <span class='ocrx_word' id='word_1_220' title='bbox 1426 2460 1531 2535; x_wconf 88' lang='lat' dir='ltr'><strong>nives;</strong></span> <span class='ocrx_word' id='word_1_221' title='bbox 1556 2459 1718 2540; x_wconf 82' lang='lat' dir='ltr'><strong>designant</strong></span> 
     </span>
     <span class='ocr_line' id='line_1_23' title="bbox 357 2548 1717 2632; baseline 0 -21"><span class='ocrx_word' id='word_1_222' title='bbox 357 2551 437 2613; x_wconf 88' lang='lat' dir='ltr'><strong>enim</strong></span> <span class='ocrx_word' id='word_1_223' title='bbox 460 2550 646 2611; x_wconf 92' lang='lat' dir='ltr'><strong>cacuminum</strong></span> <span class='ocrx_word' id='word_1_224' title='bbox 670 2550 788 2611; x_wconf 93' lang='lat' dir='ltr'><strong>illorum</strong></span> <span class='ocrx_word' id='word_1_225' title='bbox 812 2551 978 2612; x_wconf 88' lang='lat' dir='ltr'><strong>nuditatem</strong></span> <span class='ocrx_word' id='word_1_226' title='bbox 999 2573 1017 2613; x_wconf 90' lang='lat' dir='ltr'><strong>a</strong></span> <span class='ocrx_word' id='word_1_227' title='bbox 1037 2552 1145 2632; x_wconf 86' lang='lat' dir='ltr'><strong>vapido</strong></span> <span class='ocrx_word' id='word_1_228' title='bbox 1170 2559 1250 2612; x_wconf 71' lang='lat' dir='ltr'><strong>aire.</strong></span> <span class='ocrx_word' id='word_1_229' title='bbox 1290 2551 1391 2621; x_wconf 78' lang='lat' dir='ltr'><strong>Quare</strong></span> <span class='ocrx_word' id='word_1_230' title='bbox 1416 2568 1511 2629; x_wconf 91' lang='lat' dir='ltr'><strong>neque</strong></span> <span class='ocrx_word' id='word_1_231' title='bbox 1536 2548 1578 2611; x_wconf 90' lang='lat' dir='ltr'><strong>ibi</strong></span> <span class='ocrx_word' id='word_1_232' title='bbox 1602 2549 1717 2612; x_wconf 83' lang='lat' dir='ltr'><strong>refrac-</strong></span> 
     </span>
     <span class='ocr_line' id='line_1_24' title="bbox 358 2638 1716 2721; baseline -0.001 -19"><span class='ocrx_word' id='word_1_233' title='bbox 358 2640 456 2702; x_wconf 89' lang='lat' dir='ltr'><strong>tiones</strong></span> <span class='ocrx_word' id='word_1_234' title='bbox 481 2647 568 2700; x_wconf 85' lang='lat' dir='ltr'><strong>emnt</strong></span> <span class='ocrx_word' id='word_1_235' title='bbox 592 2639 669 2699; x_wconf 93' lang='lat' dir='ltr'><strong>ullae</strong></span> <span class='ocrx_word' id='word_1_236' title='bbox 697 2638 941 2718; x_wconf 78' lang='lat' dir='ltr'><strong>utplurimurn.*)</strong></span> <span class='ocrx_word' id='word_1_237' title='bbox 988 2643 1033 2702; x_wconf 85' lang='lat' dir='ltr'><strong>At</strong></span> <span class='ocrx_word' id='word_1_238' title='bbox 1057 2643 1082 2701; x_wconf 92' lang='lat' dir='ltr'><strong>si</strong></span> <span class='ocrx_word' id='word_1_239' title='bbox 1111 2648 1310 2721; x_wconf 87' lang='lat' dir='ltr'><strong>tempestates</strong></span> <span class='ocrx_word' id='word_1_240' title='bbox 1340 2641 1483 2718; x_wconf 88' lang='lat' dir='ltr'><strong>ingruant</strong></span> <span class='ocrx_word' id='word_1_241' title='bbox 1506 2647 1538 2700; x_wconf 88' lang='lat' dir='ltr'><strong>et</strong></span> <span class='ocrx_word' id='word_1_242' title='bbox 1561 2638 1656 2701; x_wconf 85' lang='lat' dir='ltr'><strong>subiti</strong></span> <span class='ocrx_word' id='word_1_243' title='bbox 1680 2659 1716 2700; x_wconf 78' lang='lat' dir='ltr'><strong>ex</strong></span> 
     </span>
     <span class='ocr_line' id='line_1_25' title="bbox 357 2727 1715 2810; baseline 0.003 -24"><span class='ocrx_word' id='word_1_244' title='bbox 357 2728 463 2790; x_wconf 90' lang='lat' dir='ltr'><strong>vicinis</strong></span> <span class='ocrx_word' id='word_1_245' title='bbox 487 2727 638 2789; x_wconf 90' lang='lat' dir='ltr'><strong>montibus</strong></span> <span class='ocrx_word' id='word_1_246' title='bbox 662 2729 797 2790; x_wconf 81' lang='lat' dir='ltr'><strong>existant</strong></span> <span class='ocrx_word' id='word_1_247' title='bbox 820 2748 960 2807; x_wconf 86' lang='lat' dir='ltr'><strong>vapores,</strong></span> <span class='ocrx_word' id='word_1_248' title='bbox 984 2730 1157 2810; x_wconf 90' lang='lat' dir='ltr'><strong>priusquam</strong></span> <span class='ocrx_word' id='word_1_249' title='bbox 1177 2729 1219 2791; x_wconf 95' lang='lat' dir='ltr'><strong>illi</strong></span> <span class='ocrx_word' id='word_1_250' title='bbox 1244 2730 1378 2790; x_wconf 87' lang='lat' dir='ltr'><strong>defluant</strong></span> <span class='ocrx_word' id='word_1_251' title='bbox 1396 2739 1429 2789; x_wconf 91' lang='lat' dir='ltr'><strong>et</strong></span> <span class='ocrx_word' id='word_1_252' title='bbox 1451 2747 1519 2789; x_wconf 89' lang='lat' dir='ltr'><strong>sese</strong></span> <span class='ocrx_word' id='word_1_253' title='bbox 1545 2727 1575 2789; x_wconf 93' lang='lat' dir='ltr'><strong>in</strong></span> <span class='ocrx_word' id='word_1_254' title='bbox 1601 2747 1715 2809; x_wconf 84' lang='lat' dir='ltr'><strong>aequa·</strong></span> 
     </span>
     <span class='ocr_line' id='line_1_26' title="bbox 356 2816 1714 2898; baseline -0.001 -19"><span class='ocrx_word' id='word_1_255' title='bbox 356 2818 476 2879; x_wconf 89' lang='lat' dir='ltr'><strong>litatem</strong></span> <span class='ocrx_word' id='word_1_256' title='bbox 500 2816 648 2895; x_wconf 88' lang='lat' dir='ltr'><strong>sphaerae</strong></span> <span class='ocrx_word' id='word_1_257' title='bbox 673 2817 773 2879; x_wconf 81' lang='lat' dir='ltr'><strong>a&#39;eriae</strong></span> <span class='ocrx_word' id='word_1_258' title='bbox 798 2819 912 2891; x_wconf 91' lang='lat' dir='ltr'><strong>didant,</strong></span> <span class='ocrx_word' id='word_1_259' title='bbox 940 2827 1173 2880; x_wconf 87' lang='lat' dir='ltr'><strong>consentaneum</strong></span> <span class='ocrx_word' id='word_1_260' title='bbox 1198 2828 1254 2892; x_wconf 88' lang='lat' dir='ltr'><strong>est,</strong></span> <span class='ocrx_word' id='word_1_261' title='bbox 1280 2818 1409 2879; x_wconf 85' lang='lat' dir='ltr'><strong>officium</strong></span> <span class='ocrx_word' id='word_1_262' title='bbox 1433 2835 1552 2898; x_wconf 91' lang='lat' dir='ltr'><strong>quoque</strong></span> <span class='ocrx_word' id='word_1_263' title='bbox 1575 2818 1714 2880; x_wconf 86' lang='lat' dir='ltr'><strong>suumin</strong></span> 
     </span>
     <span class='ocr_line' id='line_1_27' title="bbox 351 2904 1715 2987; baseline 0.001 -20"><span class='ocrx_word' id='word_1_264' title='bbox 351 2904 543 2967; x_wconf 89' lang='lat' dir='ltr'><strong>refractionis</strong></span> <span class='ocrx_word' id='word_1_265' title='bbox 567 2905 689 2980; x_wconf 85' lang='lat' dir='ltr'><strong>negotio</strong></span> <span class='ocrx_word' id='word_1_266' title='bbox 715 2908 822 2981; x_wconf 89' lang='lat' dir='ltr'><strong>facere,</strong></span> <span class='ocrx_word' id='word_1_267' title='bbox 848 2908 936 2986; x_wconf 88' lang='lat' dir='ltr'><strong>idque</strong></span> <span class='ocrx_word' id='word_1_268' title='bbox 961 2907 1118 2986; x_wconf 88' lang='lat' dir='ltr'><strong>plurimum</strong></span> <span class='ocrx_word' id='word_1_269' title='bbox 1137 2908 1254 2968; x_wconf 87' lang='lat' dir='ltr'><strong>variare</strong></span> <span class='ocrx_word' id='word_1_270' title='bbox 1274 2908 1311 2968; x_wconf 91' lang='lat' dir='ltr'><strong>ob</strong></span> <span class='ocrx_word' id='word_1_271' title='bbox 1336 2907 1525 2987; x_wconf 90' lang='lat' dir='ltr'><strong>inaequalem</strong></span> <span class='ocrx_word' id='word_1_272' title='bbox 1548 2906 1579 2967; x_wconf 90' lang='lat' dir='ltr'><strong>in</strong></span> <span class='ocrx_word' id='word_1_273' title='bbox 1605 2907 1715 2969; x_wconf 89' lang='lat' dir='ltr'><strong>ebulli-</strong></span> 
     </span>
     <span class='ocr_line' id='line_1_28' title="bbox 351 2994 1714 3076; baseline 0.001 -21"><span class='ocrx_word' id='word_1_274' title='bbox 351 2996 432 3055; x_wconf 89' lang='lat' dir='ltr'><strong>tione</strong></span> <span class='ocrx_word' id='word_1_275' title='bbox 466 2994 662 3073; x_wconf 88' lang='lat' dir='ltr'><strong>superficiem.</strong></span> <span class='ocrx_word' id='word_1_276' title='bbox 711 2996 793 3057; x_wconf 91' lang='lat' dir='ltr'><strong>Tunc</strong></span> <span class='ocrx_word' id='word_1_277' title='bbox 827 2995 933 3075; x_wconf 89' lang='lat' dir='ltr'><strong>igitur,</strong></span> <span class='ocrx_word' id='word_1_278' title='bbox 966 3015 1023 3076; x_wconf 94' lang='lat' dir='ltr'><strong>quo</strong></span> <span class='ocrx_word' id='word_1_279' title='bbox 1051 2995 1172 3075; x_wconf 87' lang='lat' dir='ltr'><strong>propior</strong></span> <span class='ocrx_word' id='word_1_280' title='bbox 1196 3005 1243 3058; x_wconf 89' lang='lat' dir='ltr'><strong>est</strong></span> <span class='ocrx_word' id='word_1_281' title='bbox 1267 2997 1350 3057; x_wconf 90' lang='lat' dir='ltr'><strong>locus</strong></span> <span class='ocrx_word' id='word_1_282' title='bbox 1374 2996 1502 3057; x_wconf 90' lang='lat' dir='ltr'><strong>termino</strong></span> <span class='ocrx_word' id='word_1_283' title='bbox 1532 2996 1629 3070; x_wconf 72' lang='lat' dir='ltr'><strong>aeris,</strong></span> <span class='ocrx_word' id='word_1_284' title='bbox 1659 2997 1714 3056; x_wconf 86' lang='lat' dir='ltr'><strong>bor</strong></span> 
     </span>
     <span class='ocr_line' id='line_1_29' title="bbox 351 3083 1713 3166; baseline 0.001 -22"><span class='ocrx_word' id='word_1_285' title='bbox 351 3085 480 3161; x_wconf 87' lang='lat' dir='ltr'><strong>majores</strong></span> <span class='ocrx_word' id='word_1_286' title='bbox 506 3083 599 3144; x_wconf 88' lang='lat' dir='ltr'><strong>sentit</strong></span> <span class='ocrx_word' id='word_1_287' title='bbox 628 3083 903 3158; x_wconf 78' lang='lat' dir='ltr'><strong>refractiorres,**)</strong></span> <span class='ocrx_word' id='word_1_288' title='bbox 928 3094 1088 3164; x_wconf 89' lang='lat' dir='ltr'><strong>propterea</strong></span> <span class='ocrx_word' id='word_1_289' title='bbox 1112 3086 1191 3165; x_wconf 91' lang='lat' dir='ltr'><strong>quod</strong></span> <span class='ocrx_word' id='word_1_290' title='bbox 1215 3092 1267 3147; x_wconf 79' lang='lat' dir='ltr'><strong>a’dr</strong></span> <span class='ocrx_word' id='word_1_291' title='bbox 1290 3083 1445 3146; x_wconf 90' lang='lat' dir='ltr'><strong>circularis</strong></span> <span class='ocrx_word' id='word_1_292' title='bbox 1474 3093 1537 3157; x_wconf 90' lang='lat' dir='ltr'><strong>est,</strong></span> <span class='ocrx_word' id='word_1_293' title='bbox 1564 3094 1597 3146; x_wconf 87' lang='lat' dir='ltr'><strong>ct</strong></span> <span class='ocrx_word' id='word_1_294' title='bbox 1621 3085 1713 3166; x_wconf 84' lang='lat' dir='ltr'><strong>(quod</strong></span> 
     </span>
     <span class='ocr_line' id='line_1_30' title="bbox 351 3172 1713 3254; baseline -0.002 -20"><span class='ocrx_word' id='word_1_295' title='bbox 351 3173 420 3235; x_wconf 88' lang='lat' dir='ltr'><strong>binc</strong></span> <span class='ocrx_word' id='word_1_296' title='bbox 444 3172 593 3252; x_wconf 89' lang='lat' dir='ltr'><strong>sequitur)</strong></span> <span class='ocrx_word' id='word_1_297' title='bbox 625 3173 725 3234; x_wconf 90' lang='lat' dir='ltr'><strong>radios</strong></span> <span class='ocrx_word' id='word_1_298' title='bbox 750 3173 830 3235; x_wconf 88' lang='lat' dir='ltr'><strong>Solis</strong></span> <span class='ocrx_word' id='word_1_299' title='bbox 861 3173 1067 3254; x_wconf 88' lang='lat' dir='ltr'><strong>obliquissime</strong></span> <span class='ocrx_word' id='word_1_300' title='bbox 1091 3174 1121 3235; x_wconf 89' lang='lat' dir='ltr'><strong>in</strong></span> <span class='ocrx_word' id='word_1_301' title='bbox 1147 3194 1213 3235; x_wconf 91' lang='lat' dir='ltr'><strong>sese</strong></span> <span class='ocrx_word' id='word_1_302' title='bbox 1245 3174 1412 3236; x_wconf 85' lang='lat' dir='ltr'><strong>incidentes</strong></span> <span class='ocrx_word' id='word_1_303' title='bbox 1442 3174 1574 3234; x_wconf 76' lang='lat' dir='ltr'><strong>maximo</strong></span> <span class='ocrx_word' id='word_1_304' title='bbox 1604 3174 1713 3252; x_wconf 87' lang='lat' dir='ltr'><strong>angulo</strong></span> 
     </span>
     <span class='ocr_line' id='line_1_31' title="bbox 351 3256 1713 3343; baseline 0.001 -20"><span class='ocrx_word' id='word_1_305' title='bbox 351 3261 498 3340; x_wconf 80' lang='lat' dir='ltr'><strong>refringit,</strong></span> <span class='ocrx_word' id='word_1_306' title='bbox 525 3262 698 3342; x_wconf 82' lang='lat' dir='ltr'><strong>etquidem</strong></span> <span class='ocrx_word' id='word_1_307' title='bbox 718 3262 784 3341; x_wconf 92' lang='lat' dir='ltr'><strong>jam</strong></span> <span class='ocrx_word' id='word_1_308' title='bbox 807 3264 894 3322; x_wconf 92' lang='lat' dir='ltr'><strong>modo</strong></span> <span class='ocrx_word' id='word_1_309' title='bbox 919 3282 1003 3343; x_wconf 90' lang='lat' dir='ltr'><strong>prop.</strong></span> <span class='ocrx_word' id='word_1_310' title='bbox 1030 3261 1058 3325; x_wconf 84' lang='lat'><strong>9.</strong></span> <span class='ocrx_word' id='word_1_311' title='bbox 1083 3265 1191 3342; x_wconf 91' lang='lat' dir='ltr'><strong>patuit,</strong></span> <span class='ocrx_word' id='word_1_312' title='bbox 1217 3263 1338 3325; x_wconf 89' lang='lat' dir='ltr'><strong>minutis</strong></span> <span class='ocrx_word' id='word_1_313' title='bbox 1363 3257 1401 3324; x_wconf 87' lang='grc'><strong>61</strong></span> <span class='ocrx_word' id='word_1_314' title='bbox 1416 3256 1459 3342; x_wconf 65' lang='lat'><strong>¹12.</strong></span> <span class='ocrx_word' id='word_1_315' title='bbox 1499 3262 1548 3324; x_wconf 91' lang='lat' dir='ltr'><strong>Illi</strong></span> <span class='ocrx_word' id='word_1_316' title='bbox 1573 3282 1646 3325; x_wconf 90' lang='lat' dir='ltr'><strong>vere</strong></span> <span class='ocrx_word' id='word_1_317' title='bbox 1670 3264 1713 3324; x_wconf 87' lang='lat' dir='ltr'><strong>sic</strong></span> 
     </span>
     <span class='ocr_line' id='line_1_32' title="bbox 350 3350 1713 3432; baseline 0.001 -20"><span class='ocrx_word' id='word_1_318' title='bbox 350 3351 473 3412; x_wconf 89' lang='lat' dir='ltr'><strong>refracti</strong></span> <span class='ocrx_word' id='word_1_319' title='bbox 497 3350 573 3411; x_wconf 85' lang='lat' dir='ltr'><strong>radii</strong></span> <span class='ocrx_word' id='word_1_320' title='bbox 598 3371 655 3412; x_wconf 92' lang='lat' dir='ltr'><strong>non</strong></span> <span class='ocrx_word' id='word_1_321' title='bbox 680 3352 736 3413; x_wconf 91' lang='lat' dir='ltr'><strong>nisi</strong></span> <span class='ocrx_word' id='word_1_322' title='bbox 761 3370 900 3429; x_wconf 89' lang='lat' dir='ltr'><strong>suprema</strong></span> <span class='ocrx_word' id='word_1_323' title='bbox 924 3353 1004 3412; x_wconf 72' lang='lat' dir='ltr'><strong>afris</strong></span> <span class='ocrx_word' id='word_1_324' title='bbox 1030 3351 1096 3412; x_wconf 90' lang='lat' dir='ltr'><strong>loca</strong></span> <span class='ocrx_word' id='word_1_325' title='bbox 1120 3362 1295 3426; x_wconf 87' lang='lat' dir='ltr'><strong>transeunt,</strong></span> <span class='ocrx_word' id='word_1_326' title='bbox 1321 3352 1368 3432; x_wconf 92' lang='lat' dir='ltr'><strong>qui</strong></span> <span class='ocrx_word' id='word_1_327' title='bbox 1393 3371 1464 3413; x_wconf 86' lang='lat' dir='ltr'><strong>vero</strong></span> <span class='ocrx_word' id='word_1_328' title='bbox 1489 3352 1528 3412; x_wconf 87' lang='lat' dir='ltr'><strong>ad</strong></span> <span class='ocrx_word' id='word_1_329' title='bbox 1555 3352 1713 3415; x_wconf 84' lang='lat' dir='ltr'><strong>humiliora</strong></span> 
     </span>
     <span class='ocr_line' id='line_1_33' title="bbox 350 3433 1712 3520; baseline 0.003 -20"><span class='ocrx_word' id='word_1_330' title='bbox 350 3433 521 3520; x_wconf 78' lang='lat' dir='ltr'><strong>penetrant,¹</strong></span> <span class='ocrx_word' id='word_1_331' title='bbox 547 3440 651 3501; x_wconf 90' lang='lat' dir='ltr'><strong>minori</strong></span> <span class='ocrx_word' id='word_1_332' title='bbox 673 3440 782 3519; x_wconf 86' lang='lat' dir='ltr'><strong>angulo</strong></span> <span class='ocrx_word' id='word_1_333' title='bbox 807 3439 1019 3517; x_wconf 73' lang='lat' dir='ltr'><strong>restinguatur,</strong></span> <span class='ocrx_word' id='word_1_334' title='bbox 1045 3441 1115 3519; x_wconf 92' lang='lat' dir='ltr'><strong>quia</strong></span> <span class='ocrx_word' id='word_1_335' title='bbox 1134 3440 1226 3502; x_wconf 86' lang='lat' dir='ltr'><strong>ctiam</strong></span> <span class='ocrx_word' id='word_1_336' title='bbox 1243 3441 1387 3503; x_wconf 89' lang='lat' dir='ltr'><strong>rectiores</strong></span> <span class='ocrx_word' id='word_1_337' title='bbox 1403 3440 1431 3501; x_wconf 91' lang='lat' dir='ltr'><strong>in</strong></span> <span class='ocrx_word' id='word_1_338' title='bbox 1447 3447 1550 3502; x_wconf 72' lang='lat' dir='ltr'><strong>adrem</strong></span> <span class='ocrx_word' id='word_1_339' title='bbox 1567 3441 1712 3504; x_wconf 85' lang='lat' dir='ltr'><strong>incidunt.</strong></span> 
     </span>
    </p>

    <p class='ocr_par' dir='ltr' id='par_1_5' title="bbox 350 3528 1712 3697">
     <span class='ocr_line' id='line_1_34' title="bbox 441 3528 1712 3609; baseline 0.002 -20"><span class='ocrx_word' id='word_1_340' title='bbox 441 3528 643 3590; x_wconf 88' lang='lat' dir='ltr'><strong>Confirmatur</strong></span> <span class='ocrx_word' id='word_1_341' title='bbox 676 3529 730 3588; x_wconf 85' lang='lat' dir='ltr'><strong>lroe</strong></span> <span class='ocrx_word' id='word_1_342' title='bbox 765 3529 843 3589; x_wconf 93' lang='lat' dir='ltr'><strong>idem</strong></span> <span class='ocrx_word' id='word_1_343' title='bbox 875 3528 1057 3588; x_wconf 88' lang='lat' dir='ltr'><strong>testimoniis</strong></span> <span class='ocrx_word' id='word_1_344' title='bbox 1096 3531 1252 3591; x_wconf 86' lang='lat' dir='ltr'><strong>doctorum</strong></span> <span class='ocrx_word' id='word_1_345' title='bbox 1286 3531 1417 3591; x_wconf 88' lang='lat' dir='ltr'><strong>virorum</strong></span> <span class='ocrx_word' id='word_1_346' title='bbox 1450 3540 1482 3590; x_wconf 91' lang='lat' dir='ltr'><strong>et</strong></span> <span class='ocrx_word' id='word_1_347' title='bbox 1514 3533 1712 3609; x_wconf 83' lang='lat' dir='ltr'><strong>experientia</strong></span> 
     </span>
     <span class='ocr_line' id='line_1_35' title="bbox 350 3614 1712 3697; baseline 0 -17"><span class='ocrx_word' id='word_1_348' title='bbox 350 3617 441 3681; x_wconf 87' lang='lat' dir='ltr'><strong>Certe</strong></span> <span class='ocrx_word' id='word_1_349' title='bbox 465 3618 677 3680; x_wconf 86' lang='lat' dir='ltr'><strong>Rotlrmannus</strong></span> <span class='ocrx_word' id='word_1_350' title='bbox 701 3618 729 3677; x_wconf 93' lang='lat' dir='ltr'><strong>in</strong></span> <span class='ocrx_word' id='word_1_351' title='bbox 755 3614 965 3692; x_wconf 83' lang='lat' dir='ltr'><strong>llassia,***)</strong></span> <span class='ocrx_word' id='word_1_352' title='bbox 995 3637 1071 3697; x_wconf 90' lang='lat' dir='ltr'><strong>quae</strong></span> <span class='ocrx_word' id='word_1_353' title='bbox 1104 3618 1201 3679; x_wconf 90' lang='lat' dir='ltr'><strong>vicina</strong></span> <span class='ocrx_word' id='word_1_354' title='bbox 1224 3627 1272 3679; x_wconf 86' lang='lat' dir='ltr'><strong>est</strong></span> <span class='ocrx_word' id='word_1_355' title='bbox 1296 3619 1437 3695; x_wconf 80' lang='lat' dir='ltr'><strong>Visurgis</strong></span> <span class='ocrx_word' id='word_1_356' title='bbox 1466 3619 1613 3694; x_wconf 87' lang='lat' dir='ltr'><strong>fontibus,</strong></span> <span class='ocrx_word' id='word_1_357' title='bbox 1639 3640 1712 3682; x_wconf 90' lang='lat' dir='ltr'><strong>ron-</strong></span> 
     </span>
    </p>
   </div>
   <div class='ocr_carea' id='block_1_5' title="bbox 350 3849 1715 5118">
    <p class='ocr_par' dir='ltr' id='par_1_6' title="bbox 350 3849 1715 4477">
     <span class='ocr_line' id='line_1_36' title="bbox 439 3849 1714 3926; baseline 0.003 -22"><span class='ocrx_word' id='word_1_358' title='bbox 439 3849 467 3919; x_wconf 74' lang='grc'><strong>·)</strong></span> <span class='ocrx_word' id='word_1_359' title='bbox 490 3853 654 3921; x_wconf 84' lang='lat' dir='ltr'><strong>Exemplum</strong></span> <span class='ocrx_word' id='word_1_360' title='bbox 676 3850 871 3903; x_wconf 90' lang='lat' dir='ltr'><strong>clarissimum:</strong></span> <span class='ocrx_word' id='word_1_361' title='bbox 894 3851 974 3900; x_wconf 81' lang='lat' dir='ltr'><strong>Anno</strong></span> <span class='ocrx_word' id='word_1_362' title='bbox 999 3849 1085 3901; x_wconf 79' lang='lat'><strong>1601.</strong></span> <span class='ocrx_word' id='word_1_363' title='bbox 1112 3850 1155 3902; x_wconf 83' lang='lat'><strong>10.</strong></span> <span class='ocrx_word' id='word_1_364' title='bbox 1179 3850 1225 3903; x_wconf 81' lang='lat'><strong>20.</strong></span> <span class='ocrx_word' id='word_1_365' title='bbox 1247 3850 1314 3904; x_wconf 86' lang='lat' dir='ltr'><strong>Maii</strong></span> <span class='ocrx_word' id='word_1_366' title='bbox 1336 3851 1383 3905; x_wconf 91' lang='lat' dir='ltr'><strong>Sol</strong></span> <span class='ocrx_word' id='word_1_367' title='bbox 1405 3868 1423 3905; x_wconf 87' lang='lat' dir='ltr'><strong>a</strong></span> <span class='ocrx_word' id='word_1_368' title='bbox 1443 3852 1627 3921; x_wconf 81' lang='lat' dir='ltr'><strong>complurium</strong></span> <span class='ocrx_word' id='word_1_369' title='bbox 1648 3873 1714 3926; x_wconf 76' lang='lat' dir='ltr'><strong>gre·</strong></span> 
     </span>
     <span class='ocr_line' id='line_1_37' title="bbox 351 3927 1715 4002; baseline 0.001 -16"><span class='ocrx_word' id='word_1_370' title='bbox 351 3934 432 3986; x_wconf 89' lang='lat' dir='ltr'><strong>duum</strong></span> <span class='ocrx_word' id='word_1_371' title='bbox 455 3932 602 3985; x_wconf 86' lang='lat' dir='ltr'><strong>altitudine</strong></span> <span class='ocrx_word' id='word_1_372' title='bbox 634 3931 731 3984; x_wconf 86' lang='lat' dir='ltr'><strong>occidit</strong></span> <span class='ocrx_word' id='word_1_373' title='bbox 761 3930 819 3982; x_wconf 88' lang='lat' dir='ltr'><strong>sine</strong></span> <span class='ocrx_word' id='word_1_374' title='bbox 841 3927 905 3982; x_wconf 89' lang='lat' dir='ltr'><strong>ullis</strong></span> <span class='ocrx_word' id='word_1_375' title='bbox 936 3928 1035 3990; x_wconf 88' lang='lat' dir='ltr'><strong>radiis,</strong></span> <span class='ocrx_word' id='word_1_376' title='bbox 1067 3929 1171 3982; x_wconf 85' lang='lat' dir='ltr'><strong>livente</strong></span> <span class='ocrx_word' id='word_1_377' title='bbox 1194 3930 1280 3993; x_wconf 89' lang='lat' dir='ltr'><strong>facie,</strong></span> <span class='ocrx_word' id='word_1_378' title='bbox 1310 3931 1389 4000; x_wconf 86' lang='lat' dir='ltr'><strong>quasi</strong></span> <span class='ocrx_word' id='word_1_379' title='bbox 1411 3948 1463 4001; x_wconf 91' lang='lat' dir='ltr'><strong>per</strong></span> <span class='ocrx_word' id='word_1_380' title='bbox 1483 3948 1605 4002; x_wconf 71' lang='lat' dir='ltr'><strong>aquam</strong></span> <span class='ocrx_word' id='word_1_381' title='bbox 1636 3938 1715 3989; x_wconf 84' lang='lat' dir='ltr'><strong>coelo</strong></span> 
     </span>
     <span class='ocr_line' id='line_1_38' title="bbox 350 4008 1715 4082; baseline 0.004 -18"><span class='ocrx_word' id='word_1_382' title='bbox 350 4013 435 4082; x_wconf 85' lang='lat' dir='ltr'><strong>plane</strong></span> <span class='ocrx_word' id='word_1_383' title='bbox 463 4013 529 4065; x_wconf 87' lang='lat' dir='ltr'><strong>sudo</strong></span> <span class='ocrx_word' id='word_1_384' title='bbox 557 4014 591 4064; x_wconf 86' lang='lat' dir='ltr'><strong>ad</strong></span> <span class='ocrx_word' id='word_1_385' title='bbox 618 4017 770 4079; x_wconf 86' lang='lat' dir='ltr'><strong>aspectum.</strong></span> <span class='ocrx_word' id='word_1_386' title='bbox 812 4010 896 4062; x_wconf 82' lang='lat' dir='ltr'><strong>Eram</strong></span> <span class='ocrx_word' id='word_1_387' title='bbox 918 4008 944 4059; x_wconf 93' lang='lat' dir='ltr'><strong>in</strong></span> <span class='ocrx_word' id='word_1_388' title='bbox 970 4015 1051 4076; x_wconf 87' lang='lat' dir='ltr'><strong>parte</strong></span> <span class='ocrx_word' id='word_1_389' title='bbox 1072 4010 1199 4078; x_wconf 76' lang='lat' dir='ltr'><strong>styriae,</strong></span> <span class='ocrx_word' id='word_1_390' title='bbox 1226 4027 1307 4080; x_wconf 87' lang='lat' dir='ltr'><strong>quam</strong></span> <span class='ocrx_word' id='word_1_391' title='bbox 1329 4011 1421 4064; x_wconf 86' lang='lat' dir='ltr'><strong>Colles</strong></span> <span class='ocrx_word' id='word_1_392' title='bbox 1444 4013 1611 4068; x_wconf 76' lang='lat' dir='ltr'><strong>Germameo</strong></span> <span class='ocrx_word' id='word_1_393' title='bbox 1632 4032 1715 4070; x_wconf 76' lang='lat' dir='ltr'><strong>voca·</strong></span> 
     </span>
     <span class='ocr_line' id='line_1_39' title="bbox 350 4088 1714 4165; baseline 0.001 -21"><span class='ocrx_word' id='word_1_394' title='bbox 350 4092 416 4144; x_wconf 92' lang='lat' dir='ltr'><strong>bulo</strong></span> <span class='ocrx_word' id='word_1_395' title='bbox 438 4092 608 4160; x_wconf 85' lang='lat' dir='ltr'><strong>indigetant:</strong></span> <span class='ocrx_word' id='word_1_396' title='bbox 636 4093 670 4143; x_wconf 86' lang='lat' dir='ltr'><strong>ad</strong></span> <span class='ocrx_word' id='word_1_397' title='bbox 692 4107 818 4143; x_wconf 85' lang='lat' dir='ltr'><strong>occasum</strong></span> <span class='ocrx_word' id='word_1_398' title='bbox 839 4095 903 4141; x_wconf 92' lang='lat' dir='ltr'><strong>sunt</strong></span> <span class='ocrx_word' id='word_1_399' title='bbox 924 4099 1030 4139; x_wconf 83' lang='lat' dir='ltr'><strong>montes</strong></span> <span class='ocrx_word' id='word_1_400' title='bbox 1052 4088 1186 4143; x_wconf 86' lang='lat' dir='ltr'><strong>altissimi.</strong></span> <span class='ocrx_word' id='word_1_401' title='bbox 1228 4092 1306 4162; x_wconf 86' lang='lat' dir='ltr'><strong>Ergo</strong></span> <span class='ocrx_word' id='word_1_402' title='bbox 1328 4091 1376 4143; x_wconf 92' lang='lat' dir='ltr'><strong>Sol</strong></span> <span class='ocrx_word' id='word_1_403' title='bbox 1401 4092 1531 4146; x_wconf 67' lang='lat' dir='ltr'><strong>distiamo</strong></span> <span class='ocrx_word' id='word_1_404' title='bbox 1561 4110 1714 4165; x_wconf 74' lang='lat' dir='ltr'><strong>apparens,</strong></span> 
     </span>
     <span class='ocr_line' id='line_1_40' title="bbox 350 4167 1715 4245; baseline 0.004 -20"><span class='ocrx_word' id='word_1_405' title='bbox 350 4173 426 4225; x_wconf 85' lang='lat' dir='ltr'><strong>color</strong></span> <span class='ocrx_word' id='word_1_406' title='bbox 454 4172 526 4224; x_wconf 80' lang='lat' dir='ltr'><strong>aeris</strong></span> <span class='ocrx_word' id='word_1_407' title='bbox 556 4170 696 4240; x_wconf 86' lang='lat' dir='ltr'><strong>aequalis,</strong></span> <span class='ocrx_word' id='word_1_408' title='bbox 723 4172 882 4241; x_wconf 84' lang='lat' dir='ltr'><strong>arguebant</strong></span> <span class='ocrx_word' id='word_1_409' title='bbox 906 4167 1050 4226; x_wconf 82' lang='lat' dir='ltr'><strong>materiam</strong></span> <span class='ocrx_word' id='word_1_410' title='bbox 1075 4168 1253 4235; x_wconf 90' lang='lat' dir='ltr'><strong>pellucidam,</strong></span> <span class='ocrx_word' id='word_1_411' title='bbox 1280 4171 1433 4225; x_wconf 85' lang='lat' dir='ltr'><strong>densiorem</strong></span> <span class='ocrx_word' id='word_1_412' title='bbox 1455 4178 1564 4238; x_wconf 80' lang='lat' dir='ltr'><strong>tamen,</strong></span> <span class='ocrx_word' id='word_1_413' title='bbox 1585 4183 1715 4245; x_wconf 74' lang='lat' dir='ltr'><strong>atquae</strong></span> 
     </span>
     <span class='ocr_line' id='line_1_41' title="bbox 351 4246 1715 4321; baseline 0.002 -16"><span class='ocrx_word' id='word_1_414' title='bbox 351 4268 401 4305; x_wconf 87' lang='lat' dir='ltr'><strong>suo</strong></span> <span class='ocrx_word' id='word_1_415' title='bbox 423 4251 523 4304; x_wconf 89' lang='lat' dir='ltr'><strong>lumine</strong></span> <span class='ocrx_word' id='word_1_416' title='bbox 550 4251 712 4312; x_wconf 86' lang='lat' dir='ltr'><strong>combibito,</strong></span> <span class='ocrx_word' id='word_1_417' title='bbox 735 4250 805 4302; x_wconf 88' lang='lat' dir='ltr'><strong>Solis</strong></span> <span class='ocrx_word' id='word_1_418' title='bbox 832 4250 923 4301; x_wconf 88' lang='lat' dir='ltr'><strong>lumen</strong></span> <span class='ocrx_word' id='word_1_419' title='bbox 951 4247 1032 4299; x_wconf 80' lang='lat' dir='ltr'><strong>valde</strong></span> <span class='ocrx_word' id='word_1_420' title='bbox 1059 4246 1232 4303; x_wconf 86' lang='lat' dir='ltr'><strong>debilitatum</strong></span> <span class='ocrx_word' id='word_1_421' title='bbox 1258 4252 1442 4321; x_wconf 81' lang='lat' dir='ltr'><strong>adaequaret,</strong></span> <span class='ocrx_word' id='word_1_422' title='bbox 1464 4260 1497 4307; x_wconf 84' lang='lat' dir='ltr'><strong>ut</strong></span> <span class='ocrx_word' id='word_1_423' title='bbox 1516 4252 1566 4307; x_wconf 84' lang='lat' dir='ltr'><strong>Sel</strong></span> <span class='ocrx_word' id='word_1_424' title='bbox 1587 4257 1715 4312; x_wconf 69' lang='lat' dir='ltr'><strong>tambram</strong></span> 
     </span>
     <span class='ocr_line' id='line_1_42' title="bbox 351 4326 1715 4399; baseline 0.006 -15"><span class='ocrx_word' id='word_1_425' title='bbox 351 4331 571 4384; x_wconf 85' lang='lat' dir='ltr'><strong>circumscribere</strong></span> <span class='ocrx_word' id='word_1_426' title='bbox 594 4332 698 4384; x_wconf 89' lang='lat' dir='ltr'><strong>nullam</strong></span> <span class='ocrx_word' id='word_1_427' title='bbox 713 4336 816 4398; x_wconf 86' lang='lat' dir='ltr'><strong>posset.</strong></span> <span class='ocrx_word' id='word_1_428' title='bbox 846 4329 950 4381; x_wconf 82' lang='lat' dir='ltr'><strong>Secuta</strong></span> <span class='ocrx_word' id='word_1_429' title='bbox 964 4336 1008 4379; x_wconf 86' lang='lat' dir='ltr'><strong>est</strong></span> <span class='ocrx_word' id='word_1_430' title='bbox 1030 4326 1119 4379; x_wconf 91' lang='lat' dir='ltr'><strong>triduo</strong></span> <span class='ocrx_word' id='word_1_431' title='bbox 1137 4331 1289 4385; x_wconf 88' lang='lat' dir='ltr'><strong>decumana</strong></span> <span class='ocrx_word' id='word_1_432' title='bbox 1303 4332 1408 4399; x_wconf 82' lang='lat' dir='ltr'><strong>pluvia,</strong></span> <span class='ocrx_word' id='word_1_433' title='bbox 1430 4341 1460 4386; x_wconf 85' lang='lat' dir='ltr'><strong>et</strong></span> <span class='ocrx_word' id='word_1_434' title='bbox 1474 4332 1582 4388; x_wconf 81' lang='lat' dir='ltr'><strong>eluvies</strong></span> <span class='ocrx_word' id='word_1_435' title='bbox 1602 4335 1715 4392; x_wconf 78' lang='lat' dir='ltr'><strong>illoram</strong></span> 
     </span>
     <span class='ocr_line' id='line_1_43' title="bbox 350 4410 654 4477; baseline 0 -14"><span class='ocrx_word' id='word_1_436' title='bbox 350 4412 471 4465; x_wconf 88' lang='lat' dir='ltr'><strong>locorum</strong></span> <span class='ocrx_word' id='word_1_437' title='bbox 492 4410 654 4477; x_wconf 87' lang='lat' dir='ltr'><strong>perniciosa.</strong></span> 
     </span>
    </p>

    <p class='ocr_par' dir='ltr' id='par_1_7' title="bbox 350 4486 1714 4717">
     <span class='ocr_line' id='line_1_44' title="bbox 439 4486 1714 4561; baseline 0.006 -19"><span class='ocrx_word' id='word_1_438' title='bbox 439 4489 481 4554; x_wconf 71' lang='lat' dir='ltr'><strong>”l</strong></span> <span class='ocrx_word' id='word_1_439' title='bbox 504 4491 575 4543; x_wconf 89' lang='lat' dir='ltr'><strong>Dum</strong></span> <span class='ocrx_word' id='word_1_440' title='bbox 596 4490 661 4541; x_wconf 83' lang='lat' dir='ltr'><strong>altis</strong></span> <span class='ocrx_word' id='word_1_441' title='bbox 685 4489 749 4541; x_wconf 86' lang='lat' dir='ltr'><strong>locis</strong></span> <span class='ocrx_word' id='word_1_442' title='bbox 772 4490 952 4543; x_wconf 89' lang='lat' dir='ltr'><strong>refractiones</strong></span> <span class='ocrx_word' id='word_1_443' title='bbox 974 4486 1064 4539; x_wconf 88' lang='lat' dir='ltr'><strong>tribuo</strong></span> <span class='ocrx_word' id='word_1_444' title='bbox 1086 4488 1223 4554; x_wconf 55' lang='lat' dir='ltr'><strong>majorem</strong></span> <span class='ocrx_word' id='word_1_445' title='bbox 1250 4489 1378 4561; x_wconf 86' lang='lat' dir='ltr'><strong>intellige</strong></span> <span class='ocrx_word' id='word_1_446' title='bbox 1399 4493 1599 4550; x_wconf 77' lang='lat' dir='ltr'><strong>horizontalet.</strong></span> <span class='ocrx_word' id='word_1_447' title='bbox 1643 4496 1714 4550; x_wconf 70' lang='lat' dir='ltr'><strong>Nata</strong></span> 
     </span>
     <span class='ocr_line' id='line_1_45' title="bbox 351 4569 1712 4638; baseline 0.006 -16"><span class='ocrx_word' id='word_1_448' title='bbox 351 4586 422 4638; x_wconf 88' lang='lat' dir='ltr'><strong>quac</strong></span> <span class='ocrx_word' id='word_1_449' title='bbox 444 4572 512 4622; x_wconf 89' lang='lat' dir='ltr'><strong>liunt</strong></span> <span class='ocrx_word' id='word_1_450' title='bbox 527 4569 554 4620; x_wconf 93' lang='lat' dir='ltr'><strong>in</strong></span> <span class='ocrx_word' id='word_1_451' title='bbox 576 4569 670 4638; x_wconf 89' lang='lat' dir='ltr'><strong>aliqua</strong></span> <span class='ocrx_word' id='word_1_452' title='bbox 691 4570 808 4623; x_wconf 87' lang='lat' dir='ltr'><strong>siderum</strong></span> <span class='ocrx_word' id='word_1_453' title='bbox 830 4571 976 4624; x_wconf 85' lang='lat' dir='ltr'><strong>altitudine</strong></span> <span class='ocrx_word' id='word_1_454' title='bbox 999 4572 1078 4619; x_wconf 85' lang='lat' dir='ltr'><strong>tanto</strong></span> <span class='ocrx_word' id='word_1_455' title='bbox 1094 4575 1158 4620; x_wconf 89' lang='lat' dir='ltr'><strong>suut</strong></span> <span class='ocrx_word' id='word_1_456' title='bbox 1171 4569 1299 4633; x_wconf 87' lang='lat' dir='ltr'><strong>minores,</strong></span> <span class='ocrx_word' id='word_1_457' title='bbox 1321 4579 1351 4625; x_wconf 90' lang='lat' dir='ltr'><strong>et</strong></span> <span class='ocrx_word' id='word_1_458' title='bbox 1366 4579 1445 4627; x_wconf 83' lang='lat' dir='ltr'><strong>tanto</strong></span> <span class='ocrx_word' id='word_1_459' title='bbox 1466 4573 1549 4628; x_wconf 83' lang='lat' dir='ltr'><strong>cilius</strong></span> <span class='ocrx_word' id='word_1_460' title='bbox 1570 4577 1712 4638; x_wconf 74' lang='lat' dir='ltr'><strong>desinunt,</strong></span> 
     </span>
     <span class='ocr_line' id='line_1_46' title="bbox 350 4650 1465 4717; baseline -0.002 -15"><span class='ocrx_word' id='word_1_461' title='bbox 350 4657 382 4702; x_wconf 86' lang='lat' dir='ltr'><strong>ut</strong></span> <span class='ocrx_word' id='word_1_462' title='bbox 404 4665 488 4717; x_wconf 83' lang='lat' dir='ltr'><strong>supra</strong></span> <span class='ocrx_word' id='word_1_463' title='bbox 510 4650 733 4703; x_wconf 87' lang='lat' dir='ltr'><strong>demonstratum.</strong></span> <span class='ocrx_word' id='word_1_464' title='bbox 1456 4656 1465 4666; x_wconf 87' lang='lat'>&#39;</span> 
     </span>
    </p>

    <p class='ocr_par' dir='ltr' id='par_1_8' title="bbox 351 4725 1713 5118">
     <span class='ocr_line' id='line_1_47' title="bbox 440 4725 1713 4798; baseline 0.012 -19"><span class='ocrx_word' id='word_1_465' title='bbox 440 4725 497 4790; x_wconf 52' lang='grc' dir='ltr'><strong>Ν)</strong></span> <span class='ocrx_word' id='word_1_466' title='bbox 520 4729 550 4779; x_wconf 92' lang='lat' dir='ltr'><strong>ln</strong></span> <span class='ocrx_word' id='word_1_467' title='bbox 572 4728 687 4791; x_wconf 87' lang='lat' dir='ltr'><strong>llassia,</strong></span> <span class='ocrx_word' id='word_1_468' title='bbox 710 4746 781 4798; x_wconf 85' lang='lat' dir='ltr'><strong>quae</strong></span> <span class='ocrx_word' id='word_1_469' title='bbox 803 4729 864 4781; x_wconf 86' lang='lat' dir='ltr'><strong>alt-a</strong></span> <span class='ocrx_word' id='word_1_470' title='bbox 884 4736 941 4791; x_wconf 87' lang='lat' dir='ltr'><strong>est,</strong></span> <span class='ocrx_word' id='word_1_471' title='bbox 968 4727 1084 4780; x_wconf 87' lang='lat' dir='ltr'><strong>minores</strong></span> <span class='ocrx_word' id='word_1_472' title='bbox 1111 4726 1238 4781; x_wconf 90' lang='lat' dir='ltr'><strong>dicuntur</strong></span> <span class='ocrx_word' id='word_1_473' title='bbox 1264 4732 1460 4796; x_wconf 80' lang='lat' dir='ltr'><strong>refractiones,</strong></span> <span class='ocrx_word' id='word_1_474' title='bbox 1482 4734 1593 4790; x_wconf 83' lang='lat' dir='ltr'><strong>scilieet</strong></span> <span class='ocrx_word' id='word_1_475' title='bbox 1613 4739 1713 4794; x_wconf 69' lang='lat' dir='ltr'><strong>aldus·</strong></span> 
     </span>
     <span class='ocr_line' id='line_1_48' title="bbox 351 4807 1712 4880; baseline 0.005 -20"><span class='ocrx_word' id='word_1_476' title='bbox 351 4808 448 4866; x_wconf 84' lang='lat' dir='ltr'><strong>eulae;</strong></span> <span class='ocrx_word' id='word_1_477' title='bbox 470 4815 500 4859; x_wconf 86' lang='lat' dir='ltr'><strong>et</strong></span> <span class='ocrx_word' id='word_1_478' title='bbox 520 4824 579 4868; x_wconf 87' lang='lat' dir='ltr'><strong>eae,</strong></span> <span class='ocrx_word' id='word_1_479' title='bbox 602 4807 629 4860; x_wconf 90' lang='lat' dir='ltr'><strong>in</strong></span> <span class='ocrx_word' id='word_1_480' title='bbox 651 4809 748 4877; x_wconf 83' lang='lat' dir='ltr'><strong>quibus</strong></span> <span class='ocrx_word' id='word_1_481' title='bbox 770 4809 861 4860; x_wconf 89' lang='lat' dir='ltr'><strong>sidera</strong></span> <span class='ocrx_word' id='word_1_482' title='bbox 881 4808 1023 4860; x_wconf 87' lang='lat' dir='ltr'><strong>observari</strong></span> <span class='ocrx_word' id='word_1_483' title='bbox 1044 4813 1170 4874; x_wconf 88' lang='lat' dir='ltr'><strong>possunt.</strong></span> <span class='ocrx_word' id='word_1_484' title='bbox 1207 4808 1277 4864; x_wconf 85' lang='lat' dir='ltr'><strong>Nam</strong></span> <span class='ocrx_word' id='word_1_485' title='bbox 1305 4813 1390 4880; x_wconf 76' lang='lat' dir='ltr'><strong>quanc</strong></span> <span class='ocrx_word' id='word_1_486' title='bbox 1416 4813 1623 4872; x_wconf 69' lang='lat' dir='ltr'><strong>horizonttlsrn</strong></span> <span class='ocrx_word' id='word_1_487' title='bbox 1644 4820 1712 4874; x_wconf 71' lang='lat' dir='ltr'><strong>tlibi</strong></span> 
     </span>
     <span class='ocr_line' id='line_1_49' title="bbox 352 4886 1711 4969; baseline 0.01 -32"><span class='ocrx_word' id='word_1_488' title='bbox 352 4886 495 4939; x_wconf 87' lang='lat' dir='ltr'><strong>immanem</strong></span> <span class='ocrx_word' id='word_1_489' title='bbox 526 4888 721 4949; x_wconf 87' lang='lat' dir='ltr'><strong>observarunt,</strong></span> <span class='ocrx_word' id='word_1_490' title='bbox 753 4897 780 4938; x_wconf 90' lang='lat' dir='ltr'><strong>et</strong></span> <span class='ocrx_word' id='word_1_491' title='bbox 808 4888 834 4940; x_wconf 95' lang='lat' dir='ltr'><strong>in</strong></span> <span class='ocrx_word' id='word_1_492' title='bbox 862 4888 920 4955; x_wconf 88' lang='lat' dir='ltr'><strong>ipso</strong></span> <span class='ocrx_word' id='word_1_493' title='bbox 951 4886 1093 4940; x_wconf 85' lang='lat' dir='ltr'><strong>horizonte</strong></span> <span class='ocrx_word' id='word_1_494' title='bbox 1124 4888 1222 4940; x_wconf 85' lang='lat' dir='ltr'><strong>stellas</strong></span> <span class='ocrx_word' id='word_1_495' title='bbox 1251 4907 1314 4943; x_wconf 90' lang='lat' dir='ltr'><strong>raro</strong></span> <span class='ocrx_word' id='word_1_496' title='bbox 1344 4893 1536 4949; x_wconf 74' lang='lat' dir='ltr'><strong>instrumentis</strong></span> <span class='ocrx_word' id='word_1_497' title='bbox 1566 4911 1711 4969; x_wconf 79' lang='lat' dir='ltr'><strong>ceperunt.</strong></span> 
     </span>
     <span class='ocr_line' id='line_1_50' title="bbox 353 4964 1711 5050; baseline 0.007 -34"><span class='ocrx_word' id='word_1_498' title='bbox 353 4964 430 5016; x_wconf 80' lang='lat' dir='ltr'><strong>llaec</strong></span> <span class='ocrx_word' id='word_1_499' title='bbox 452 4969 505 5018; x_wconf 91' lang='lat' dir='ltr'><strong>duo</strong></span> <span class='ocrx_word' id='word_1_500' title='bbox 526 4965 596 5018; x_wconf 91' lang='lat' dir='ltr'><strong>enim</strong></span> <span class='ocrx_word' id='word_1_501' title='bbox 622 4966 771 5035; x_wconf 85' lang='lat' dir='ltr'><strong>diligenter</strong></span> <span class='ocrx_word' id='word_1_502' title='bbox 798 4966 994 5035; x_wconf 86' lang='lat' dir='ltr'><strong>distinguenda</strong></span> <span class='ocrx_word' id='word_1_503' title='bbox 1015 4977 1093 5028; x_wconf 89' lang='lat' dir='ltr'><strong>sunt,</strong></span> <span class='ocrx_word' id='word_1_504' title='bbox 1120 4966 1239 5035; x_wconf 89' lang='lat' dir='ltr'><strong>primum</strong></span> <span class='ocrx_word' id='word_1_505' title='bbox 1265 4973 1336 5040; x_wconf 91' lang='lat' dir='ltr'><strong>quod</strong></span> <span class='ocrx_word' id='word_1_506' title='bbox 1357 4972 1386 5026; x_wconf 87' lang='lat' dir='ltr'><strong>in</strong></span> <span class='ocrx_word' id='word_1_507' title='bbox 1406 4973 1504 5044; x_wconf 81' lang='lat' dir='ltr'><strong>aliqua</strong></span> <span class='ocrx_word' id='word_1_508' title='bbox 1527 4978 1646 5050; x_wconf 68' lang='lat' dir='ltr'><strong>regim</strong></span> <span class='ocrx_word' id='word_1_509' title='bbox 1666 4980 1711 5032; x_wconf 64' lang='lat' dir='ltr'><strong>sol</strong></span> 
     </span>
     <span class='ocr_line' id='line_1_51' title="bbox 354 5044 1711 5118; baseline 0.008 -22"><span class='ocrx_word' id='word_1_510' title='bbox 354 5053 477 5112; x_wconf 83' lang='lat' dir='ltr'><strong>tempore</strong></span> <span class='ocrx_word' id='word_1_511' title='bbox 500 5044 679 5099; x_wconf 86' lang='lat' dir='ltr'><strong>refractiones</strong></span> <span class='ocrx_word' id='word_1_512' title='bbox 694 5046 729 5098; x_wconf 91' lang='lat' dir='ltr'><strong>ob</strong></span> <span class='ocrx_word' id='word_1_513' title='bbox 744 5046 817 5099; x_wconf 68' lang='lat' dir='ltr'><strong>aeris</strong></span> <span class='ocrx_word' id='word_1_514' title='bbox 839 5048 1004 5101; x_wconf 83' lang='lat' dir='ltr'><strong>tenuitatem</strong></span> <span class='ocrx_word' id='word_1_515' title='bbox 1024 5057 1140 5112; x_wconf 78' lang='lat' dir='ltr'><strong>potsunt</strong></span> <span class='ocrx_word' id='word_1_516' title='bbox 1155 5063 1217 5101; x_wconf 81' lang='lat' dir='ltr'><strong>este</strong></span> <span class='ocrx_word' id='word_1_517' title='bbox 1231 5050 1359 5118; x_wconf 74' lang='lat' dir='ltr'><strong>maeres,</strong></span> <span class='ocrx_word' id='word_1_518' title='bbox 1380 5052 1428 5108; x_wconf 81' lang='lat' dir='ltr'><strong>ubi</strong></span> <span class='ocrx_word' id='word_1_519' title='bbox 1442 5055 1478 5108; x_wconf 72' lang='lat' dir='ltr'><strong>nd</strong></span> <span class='ocrx_word' id='word_1_520' title='bbox 1493 5053 1711 5116; x_wconf 65' lang='lat' dir='ltr'><strong>iminutim</strong></span> 
     </span>
    </p>
   </div>
   <div class='ocr_carea' id='block_1_6' title="bbox 0 0 1850 5842">
    <p class='ocr_par' dir='ltr' id='par_1_9' title="bbox 0 0 1850 5842">
     <span class='ocr_line' id='line_1_52' title="bbox 0 0 1850 5842; baseline 0 1"><span class='ocrx_word' id='word_1_521' title='bbox 0 0 1850 5842; x_wconf 95' lang='lat' dir='ltr'><strong> </strong></span> 
     </span>
    </p>
   </div>
  </div>
 </body>
</html>
