3692 5842
240 481 284 547 48
661 481 762 532 thsrss
781 481 883 545 Ksplsri
901 481 1052 546 aliorumque
1070 488 1171 531 mntnss

241 657 407 720 Consuudis
431 658 539 718 iterum
561 658 772 721 refractionem
797 667 828 719 et
851 658 989 737 imaginis
1014 658 1208 730 locationem,
1239 657 1278 718 ad
1303 675 1392 737 quam
1417 665 1601 718 concurrunt

242 754 345 826 partes
369 746 615 820 circumstantes,
641 767 716 826 quae
742 748 881 808 videntur
904 766 962 807 non
986 746 1241 826 perpendiculari,
1267 764 1343 825 quae
1368 764 1427 806 una
1449 744 1518 806 sola
1538 753 1599 817 est,

242 836 296 896 sed
321 836 485 896 inclinatis.
533 838 638 916 ltaque
663 845 757 896 totum
779 856 867 897 unum
883 854 991 916 cerpus
1015 835 1145 896 cernitur
1160 834 1327 922 inclinatis,
1351 831 1598 913 perpendiculari

241 943 299 986 nou
346 924 403 984 uisi
446 934 597 1004 puuctum.
660 923 739 994 Quid
778 925 856 1004 quod
893 934 923 985 et
965 935 1088 1003 utroque
1130 925 1215 985 oculo
1252 924 1291 985 ad
1328 922 1405 983 hanc
1447 939 1512 983 rem
1549 929 1600 983 est

241 1031 329 1091 opus,
365 1030 422 1092 quo
447 1013 563 1074 nomine
588 1013 699 1075 nulium
723 1022 771 1075 est
794 1023 951 1092 puuctum,
985 1014 1062 1092 qued
1086 1014 1152 1074 sola
1181 1009 1420 1092 perpendiculari
1443 1018 1598 1073 cernatur.

241 1100 312 1173 Sed,
338 1108 372 1162 ut
399 1101 466 1161 dem
490 1101 582 1175 ultro,
608 1102 863 1182 perpendicularis
887 1122 942 1182 ope
967 1101 1097 1183 speciem
1120 1101 1240 1163 minime
1265 1098 1393 1161 elevari:
1429 1118 1499 1159 uum
1529 1100 1599 1161 ideo

241 1189 436 1268 refringitur?
460 1187 615 1258 Quomodo
640 1189 822 1270 refringitur,
848 1192 873 1251 si
898 1210 973 1251 unus
996 1198 1099 1252 manet
1122 1190 1150 1251 in
1175 1190 1304 1251 transitu
1328 1186 1518 1266 superficiei?
1545 1189 1598 1250 An

242 1290 274 1340 tu
298 1277 490 1339 rel'ractionis
510 1298 582 1340 voce
608 1280 741 1341 abuteris
766 1287 869 1340 contra
890 1298 1001 1341 morem
1021 1279 1205 1359 opticorum?
1238 1277 1272 1340 Si
1297 1277 1437 1351 dixisses,
1462 1277 1594 1352 retundi,

241 1366 424 1441 abbreviari,
459 1368 568 1428 rectius
603 1370 768 1442 sonuisset3
803 1368 928 1446 refringi
953 1387 1022 1430 vero
1055 1366 1234 1447 intelligitur
1258 1386 1295 1428 ex
1326 1386 1384 1426 una
1407 1373 1493 1427 recta
1517 1366 1594 1428 duas

240 1465 340 1518 rectas
364 1456 435 1517 fieri.
467 1454 568 1525 Quare
592 1457 618 1517 si
642 1458 732 1536 piane
756 1477 814 1517 non
839 1456 1020 1536 refringitur,
1046 1476 1140 1536 neque
1165 1457 1256 1535 igitur
1279 1454 1469 1516 asoliditate
1483 1454 1597 1517 refrin-

242 1544 333 1623 gitur.
381 1542 463 1613 Quid
486 1545 513 1607 si
537 1555 567 1606 et
590 1545 646 1607 hoe
670 1564 825 1625 negarem,
852 1555 883 1607 ut
899 1565 969 1606 sere
986 1564 1122 1624 possum,
1147 1553 1288 1624 puuctum
1314 1543 1441 1624 risibilis
1466 1542 1497 1604 in
1522 1562 1596 1624 per·

242 1633 427 1713 pendiculari
463 1653 587 1695 versans
611 1635 705 1696 videri
729 1635 841 1696 altius?
888 1636 1003 1714 Nempe
1034 1654 1081 1697 mc
1113 1634 1245 1696 insanire
1278 1633 1375 1704 dices,
1409 1630 1461 1712 qui
1492 1632 1597 1694 sesssui

241 1721 456 1783 contradicam.
503 1724 561 1796 At,
588 1744 604 1785 o
628 1725 718 1798 bone,
744 1724 802 1785 etsi
825 1733 966 1804 punctum
991 1724 1107 1784 unicum
1132 1742 1207 1801 nego
1232 1721 1326 1784 videri
1350 1721 1459 1794 altius,
1482 1721 1596 1783 nihilo-

240 1810 337 1872 minus
370 1820 465 1872 totum
497 1831 605 1891 corpus
630 1813 723 1873 babes
748 1813 913 1886 elevatum,
948 1812 1033 1890 cujus
1066 1822 1209 1890 puuctum
1242 1820 1385 1890 estpars
1409 1811 1503 1871 nulla.
1550 1810 1596 1872 Tu

241 1918 311 1961 sero
335 1901 533 1979 expectabas,
558 1909 590 1962 ut
613 1902 791 1981 particulam
815 1902 905 1962 luudo
930 1900 1128 1962 conchoideos
1148 1901 1293 1980 eriperem
1319 1899 1412 1980 (quod
1436 1897 1484 1961 hic
1509 1899 1596 1962 rides

241 1988 424 2050 solummodo
439 1995 694 2067 puucturuessc),
721 1999 752 2051 ut
776 1990 892 2051 scilicet
915 1991 951 2050 de
978 1990 1061 2050 biatu
1086 1991 1238 2069 querelam
1262 1989 1448 2051 institueres.
1478 1987 1598 2069 Nempe

242 2097 318 2158 quae
342 2076 371 2138 iu
395 2077 536 2140 circulum
557 2079 773 2153 circumstant,
797 2079 930 2158 speciem
954 2088 986 2140 et
1001 2077 1096 2139 medio
1121 2079 1284 2139 conciliant
1307 2077 1498 2140 elevationis.
1539 2077 1599 2138 vt-

241 2166 312 2228 disti
343 2177 375 2227 tu
398 2176 540 2245 puuctum
564 2168 659 2229 solum
684 2168 853 2229 elevatum?
883 2168 942 2227 imo
967 2167 1070 2227 vidisti
1095 2186 1261 2240 nummum;
1295 2166 1439 2241 demisso,
1465 2167 1597 2248 inquam,

242 2255 306 2316 risu
322 2256 523 2336 perforamen
547 2257 679 2333 operculi
703 2256 1005 2335 perpendiculariter,
1031 2256 1074 2317 sic
1099 2265 1131 2316 ut
1155 2257 1191 2316 de
1217 2255 1307 2316 fundo
1331 2254 1404 2316 nibil
1428 2254 1486 2316 uisi
1511 2275 1599 2318 num-

241 2364 319 2436 qaum
343 2363 493 2407 cerneres.
540 2344 663 2423 Alioqui
698 2364 749 2405 cur
772 2345 825 2405 illa
849 2354 901 2404 tua
931 2344 1072 2406 couchois
1107 2344 1244 2423 imaginis
1271 2343 1392 2405 fundum
1415 2353 1537 2423 peteret
1559 2345 1598 2406 sd

240 2434 483 2513 perpendiculum
520 2433 704 2506 accedendo,
740 2433 764 2492 si
802 2434 922 2493 fundum
955 2452 1012 2493 ιιοιι
1044 2431 1281 2512 assequeretur?
1327 2430 1475 2502 Quamvis
1504 2452 1599 2515 neque

242 2524 309 2584 loca
334 2522 494 2600 imaginum
518 2522 655 2582 scribunt
678 2521 876 2595 couclroidea,
903 2523 956 2583 sed
981 2522 1087 2597 aliam,
1113 2541 1188 2603 quae
1213 2520 1330 2582 nonnisi
1354 2521 1410 2582 sub
1432 2521 1596 2602 perpendi-

241 2612 306 2672 culo
330 2611 427 2672 sinum
450 2629 539 2671 uuum
564 2610 649 2683 lacit,
675 2611 804 2671 brachiis
829 2629 895 2670 eum
920 2610 949 2670 iu
973 2610 1119 2672 infinitum
1143 2609 1398 2689 expandentibus.

329 2700 393 2760 Tua
417 2718 463 2760 me
487 2699 627 2760 couchois
652 2719 684 2759 se
713 2699 779 2777 ipsa
803 2699 967 2759 delectavit
996 2699 1171 2779 impensius,
1206 2717 1295 2778 quam
1318 2698 1481 2774 sententia,
1507 2719 1595 2781 qnam

236 2789 324 2868 jussa
348 2795 395 2848 est
418 2787 577 2867 explicare.
629 2787 724 2848 Video
749 2797 779 2848 te
803 2788 983 2848 instructum
1007 2806 1074 2848 esse
1098 2787 1243 2867 peculiari
1259 2787 1469 2862 instrumento,
1495 2789 1597 2869 qualis

241 2885 273 2937 et
296 2875 412 2938 Caesar
442 2875 542 2936 habet.
589 2876 663 2936 Mihi
696 2876 806 2937 nullum
840 2875 959 2954 obtigit.
1008 2874 1170 2938 Concludis
1203 2876 1280 2937 hunc
1305 2877 1400 2937 locum
1435 2877 1596 2940 admodum

243 2965 386 3026 absurde:
416 2965 614 3026 retractiones
644 2964 681 3025 ab
705 2964 865 3042 imaginum
890 2964 1019 3026 transitu
1044 2986 1110 3026 esse
1135 2964 1337 3038 definiendas3
1363 2965 1423 3026 imo
1447 2965 1595 3046 imagines

242 3053 366 3115 definias
390 3053 629 3126 retractionibus,
655 3061 686 3113 et
700 3072 753 3132 per
768 3054 823 3114 bas
848 3054 1053 3115 contractione
1070 3055 1243 3132 angulorum
1260 3054 1451 3115 visoriorum:
1479 3055 1596 3118 refrac-

243 3143 341 3204 tinues
366 3162 435 3203 vero
461 3161 549 3203 sensu
575 3142 724 3203 oculorum
749 3153 779 3202 et
803 3143 911 3203 notitia
935 3142 1017 3202 vocis
1048 3143 1174 3209 usitata,
1207 3149 1272 3214 aut,
1302 3143 1328 3203 si
1353 3144 1594 3221 perpendiculari

242 3250 347 3295 resera
369 3239 465 3311 putas
494 3231 607 3310 aliquid
632 3231 766 3291 accidere
796 3241 829 3292 ut
853 3231 987 3310 reliquis,
1019 3230 1048 3290 id
1076 3231 1135 3292 alio
1167 3230 1302 3309 appelles
1327 3231 1491 3304 vocabulo,
1523 3241 1596 3312 puta

242 3320 288 3380 rel
314 3320 490 3384 certationis
516 3320 561 3379 rel
586 3319 762 3388 retusiouis;
787 3338 956 3398 quanquam
981 3338 1104 3380 necesse
1130 3339 1186 3381 nou
1217 3328 1273 3381 est.
1321 3320 1384 3380 Aut
1410 3320 1490 3382 enim
1514 3323 1594 3383 reri·

243 3420 291 3470 tas
315 3418 363 3471 cst
387 3419 440 3470 aut
464 3408 586 3470 fallacia
609 3408 738 3470 elevatio
764 3408 861 3480 lundi;
891 3406 915 3467 si
942 3407 1078 3481 fallacia,
1111 3428 1147 3469 ea
1176 3416 1257 3469 certe
1286 3407 1404 3469 nonnisi
1429 3409 1531 3486 visus,
1565 3419 1597 3472 ut

242 3498 314 3561 nibil
337 3499 472 3578 patiatur
495 3496 591 3559 simile
616 3497 718 3558 radius
743 3497 821 3575 ipsc3
856 3496 900 3556 siu
926 3496 1053 3569 veritas,
1080 3516 1148 3559 sere
1173 3515 1244 3574 ergo
1269 3496 1377 3557 fundus
1401 3497 1542 3560 elevatur
1564 3507 1596 3561 et

241 3590 343 3650 oculus
367 3607 428 3649 rem
454 3596 486 3648 ut
510 3597 556 3647 cst
581 3586 673 3658 ridet,
700 3586 777 3665 qaod
802 3585 974 3645 absurdum.

329 3714 553 3777 Bronggerus:
575 3710 694 3770 Quaestio
714 3708 918 3761 mechanica,
938 3724 981 3756 cur
998 3708 1074 3756 librae
1089 3708 1279 3772 brachiaaequs
1297 3711 1383 3774 grstia
1402 3724 1451 3759 non
1471 3711 1497 3760 in
1515 3713 1598 3777 qnosis

242 3786 290 3832 situ
309 3786 454 3845 persistant,
475 3781 518 3830 sed
537 3782 570 3829 sd
589 3781 759 3844 aequilibrium
778 3780 933 3830 resolvantur
944 3777 1010 3842 (cap.
1025 3779 1044 3828 1.
1065 3794 1132 3842 prop.
1144 3776 1202 3838 ΙΖΟ),
1224 3779 1264 3827 diu
1277 3794 1317 3828 me
1330 3782 1468 3844 exagitarit
1480 3782 1596 3833 nechar·

241 3861 314 3902 tenus
332 3854 422 3906 inveni,
443 3854 468 3899 iu
487 3866 534 3914 qno
553 3853 711 3913 acquiescere
729 3851 808 3913 potui,
827 3861 855 3898 tu
874 3865 930 3899 rere
948 3856 1001 3899 tam
1020 3850 1092 3900 docte
1105 3850 1276 3913 eamsolrlsti.
1294 3857 1322 3899 ut
1340 3865 1438 3900 omnem
1456 3851 1517 3902 milri
1529 3867 1596 3904 κη·

242 3923 324 3987 pulum
344 3922 478 3974 ademeris.
498 3936 607 3984 proquo
627 3920 746 3969 beneficio
764 3921 808 3968 tibi
827 3924 920 3985 gratias
941 3936 997 3985 ago.

333 3992 395 4041 Luci
414 3992 551 4040 calorem
569 3993 654 4040 tribuis
674 3989 741 4053 (cap.
756 3991 775 4038 1.
795 4007 861 4054 prop.
874 3989 919 4050 32)
939 4001 1026 4040 centra
1038 3991 1232 4055 philosophorum
1242 3992 1342 4054 placita.
1372 3992 1425 4056 Ego
1443 4007 1521 4058 saepe
1534 3995 1599 4044 iden

244 4065 322 4119 relul,
342 4064 386 4112 sed
405 4078 454 4111 uon
473 4062 507 4111 ini
528 4077 601 4111 ausus
620 4063 735 4126 protiteri.
774 4062 890 4111 Testatur
909 4064 954 4111 lioc
974 4063 1096 4111 radiorum
1115 4061 1236 4111 Solarium
1257 4079 1301 4126 per
1312 4063 1410 4128 globum
1429 4066 1600 4126 crystallinus

243 4137 441 4185 transmissorum
461 4142 504 4181 aut
523 4149 566 4196 per
583 4132 709 4196 speculum
729 4133 882 4195 sphaericum
900 4134 939 4181 sel
958 4133 1123 4195 parabolicum
1152 4134 1309 4182 collectorum
1328 4134 1458 4190 retractio.
1487 4138 1510 4184 vi
1530 4139 1599 4200 enjus

242 4206 309 4256 sslor
327 4205 400 4255 simul
420 4204 550 4268 colligitur,
577 4213 605 4253 ut
623 4213 712 4253 auctus
732 4207 813 4268 ignem
834 4204 973 4258 accendat.
1000 4218 1062 4267 quae
1081 4205 1163 4267 passio
1181 4204 1243 4253 lucis
1263 4213 1300 4254 est
1318 4219 1366 4253 nou
1386 4207 1460 4254 seris.
1497 4205 1599 4258 lussrlm

241 4276 340 4327 difficile
366 4285 416 4330 est.
444 4276 588 4339 qualitatem
607 4275 761 4324 materialem
780 4277 805 4324 in
824 4277 934 4337 subjecto
952 4259 1108 4323 immateriali
1125 4290 1224 4337 ponere.
1262 4276 1359 4325 Deinde
1378 4277 1399 4324 si
1417 4261 1481 4326 istit
1500 4277 1599 4328 Soisrss

242 4357 299 4398 sunt
318 4348 399 4400 calidi.
419 4349 460 4410 qui
479 4346 514 4402 tit,
534 4347 598 4410 qnod
618 4346 702 4396 directi
723 4362 771 4395 non
791 4346 955 4401 caletaciunt‚
974 4346 1017 4394 sed
1036 4355 1133 4394 tanturn
1151 4348 1236 4396 reflexi
1254 4357 1298 4397 ant
1315 4346 1432 4398 reirsetil

330 4472 532 4552 chlerus:
568 4469 701 4530 Paucula
733 4470 769 4530 do
803 4469 902 4531 calore
933 4470 1053 4542 scribis,
1088 4469 1219 4531 medicus
1253 4471 1451 4550 professione.
1506 4471 1599 4536 Calor

244 4563 338 4625 nuruis
368 4559 441 4634 (uisi
474 4560 723 4632 communicatus,
758 4559 886 4631 alienus,
919 4559 1119 4626 adventitius)
1144 4566 1192 4618 est
1222 4560 1352 4639 qualitas
1381 4561 1528 4624 coelestis
1555 4561 1599 4624 rei

243 4649 473 4723 immateriatac‚
499 4648 582 4726 eujus
601 4647 732 4726 privatio
758 4647 836 4707 inest
860 4647 1005 4708 materiae
1030 4647 1108 4708 ouini
1134 4654 1165 4707 et
1188 4648 1261 4719 aeri,
1286 4657 1319 4710 ut
1341 4649 1430 4711 hodie
1453 4649 1600 4730 probstnr

242 4738 516 4820 praestantissimis
540 4736 783 4816 pbilosophorum
818 4744 849 4796 et
872 4737 951 4797 inter
975 4746 1090 4796 ceteros
1114 4735 1275 4798 Francisco
1300 4735 1443 4800 Costae
1469 4739 1538 4812 (lib.
1562 4739 1599 4800 de

243 4838 353 4888 natura
376 4827 443 4888 novi
469 4826 565 4899 orbis)
579 4821 615 4894 ἦ).
664 4825 779 4887 Contra
799 4825 961 4885 humiditas
978 4824 1111 4904 sequitur
1130 4824 1287 4885 materiam
1303 4825 1471 4888 individuus
1486 4846 1599 4898 comes,

244 4916 329 4993 cujus
353 4923 401 4975 est
426 4916 547 4976 siccitas
572 4915 693 4993 negatio
718 4914 748 4974 iu
772 4914 818 4986 iis,
844 4932 919 4992 quae
935 4912 1062 4974 materia
1076 4920 1189 4973 carent.
1237 4913 1307 4976 Scio
1331 4933 1407 4993 quas
1431 4916 1468 4976 de
1487 4925 1598 4995 poten·

245 5003 312 5065 tiali
336 5003 436 5065 calore
460 5011 491 5064 et
514 5003 634 5064 humore
658 5002 758 5081 possis
782 5000 921 5082 objicere.
969 4999 1033 5062 Sed
1063 5008 1188 5081 praesta
1210 5013 1241 5063 to
1265 5003 1312 5066 hie
1335 5001 1547 5086 philosopham
1568 5011 1601 5066 st
