3692 5842
340 468 406 535 292
832 472 1007 520 Asnanomlse
1024 471 1087 522 Pars
1105 470 1204 537 Optles.

429 648 517 709 Anno
545 642 639 708 1598.
664 644 716 707 21.
743 643 793 708 31.
819 646 891 706 Julii
924 664 1013 707 mane
1038 645 1138 708 Gratii
1163 611 1225 709 iridi
1250 649 1368 709 Lunam
1392 648 1474 708 circa
1499 643 1560 709 16⁰
1579 662 1613 713 <a
1636 650 1707 709 cla-

340 737 474 808 rissime,
507 744 540 795 nt
563 752 633 812 spes
658 744 741 795 esset
765 743 796 794 et
818 734 963 813 postridie
987 736 1083 797 visum
1107 736 1159 798 iri:
1195 738 1247 797 sed
1271 737 1367 797 nubes
1391 736 1601 815 insequentem
1624 737 1707 797 diem

340 825 537 903 occupabant.
586 823 662 883 Erat
686 822 738 883 Sol
763 824 845 883 circa
869 821 952 897 7⁰52.

425 931 515 992 Anno
543 925 635 991 1603.
661 927 714 991 25.
740 930 819 1007 Aug.
845 926 948 990 0014.
974 928 1060 1008 Sept.
1086 928 1211 990 801010
1240 925 1349 1016 wip,
1375 930 1462 989 Lana
1486 929 1516 989 in
1542 926 1645 1004 24⁰9
1674 939 1709 991 et

337 1027 437 1081 tamen
462 1019 581 1097 dejecta
606 1018 634 1077 in
660 1017 782 1077 limitem
807 1019 972 1079 austrinum
996 1018 1063 1078 visa
1086 1018 1276 1080 nihilominus
1301 1030 1349 1079 est
1372 1018 1551 1079 clarissime.

428 1127 517 1187 Anno
546 1120 639 1186 1603.
664 1120 695 1184 4.
725 1120 774 1185 14.
799 1124 903 1184 Martii
937 1123 1055 1201 vesperi
1078 1125 1195 1185 Lunam
1225 1125 1300 1184 adeo
1325 1123 1405 1185 clare
1430 1125 1510 1198 ridi,
1544 1133 1579 1186 ut
1610 1126 1705 1203 piane

340 1234 465 1278 necesse
490 1214 642 1274 videretur·
665 1211 759 1272 rideri
785 1222 815 1271 et
838 1213 934 1290 pridie
958 1212 1106 1291 potuisse,
1130 1214 1188 1274 nisi
1215 1213 1329 1273 coelum
1354 1213 1392 1274 ab
1417 1213 1573 1274 occidente
1594 1214 1708 1274 fuisset

337 1304 481 1365 nubilum.
528 1302 599 1362 Fuit
623 1299 675 1361 Sol
700 1301 775 1361 hora
798 1297 828 1361 6.
855 1301 882 1361 in
912 1297 974 1363 23ο
996 1298 1106 1375 49’>(,
1138 1302 1226 1362 Luna
1258 1302 1287 1361 10
1315 1298 1374 1362 141
1395 1297 1511 1378 431Υ.
1558 1300 1601 1363 Et
1625 1302 1708 1363 inter

339 1390 442 1455 Solem
466 1399 497 1452 et
519 1390 616 1450 visum
641 1390 739 1449 locarn
764 1390 867 1451 Lunae
892 1389 920 1449 in
946 1389 1056 1450 circulo
1081 1408 1191 1468 magno
1215 1384 1277 1451 20⁰
1303 1386 1363 1450 10‘.

428 1499 473 1558 At
496 1497 648 1556 Venerem
674 1495 775 1576 Tycho
798 1495 899 1555 Brahe
923 1496 1012 1555 Anno
1040 1491 1136 1567 1587,
1159 1514 1225 1555 cnm
1250 1497 1278 1555 10
1302 1501 1331 1567 >e
1354 1495 1393 1556 ad
1421 1491 1480 1558 10⁰
1504 1496 1569 1557 fere
1594 1496 1705 1557 latitu-

339 1587 439 1647 dinem
463 1585 491 1645 in
515 1585 638 1646 boream
661 1584 851 1654 excurrisset,
877 1582 952 1643 vidit
976 1584 1024 1643 die
1050 1580 1103 1644 21.
1118 1584 1206 1645 Febr.
1232 1583 1313 1665 stylo
1333 1584 1443 1659 reteri,
1468 1586 1588 1663 resperi
1613 1586 1645 1646 lr.
1672 1581 1705 1648 6.

340 1671 446 1735 0124.
470 1674 558 1734 Febr.
584 1692 672 1733 mane
697 1681 767 1732 aute
791 1671 872 1733 Solis
906 1682 1022 1745 ortum,
1057 1692 1122 1732 cum
1153 1692 1246 1733 00050
1275 1672 1470 1749 longitudinis
1504 1674 1603 1735 adhuc
1633 1684 1707 1753 post

339 1762 440 1824 Solem
466 1772 557 1823 esset.
573 1754 615 1834 58)
662 1762 726 1821 Nec
750 1762 852 1839 inepte
884 1761 922 1820 06
947 1760 1063 1821 Lunam
1093 1769 1124 1821 et
1148 1762 1298 1821 Venerem
1323 1761 1435 1821 Terrae
1464 1763 1603 1841 proxima
1633 1782 1705 1824 cor-

338 1870 413 1930 pora
437 1850 655 1912 accommodari
679 1860 783 1927 posset
809 1850 863 1921 lV,
890 1846 940 1911 14.
966 1850 1138 1910 Vitellionis
1163 1850 1206 1910 sic
1231 1849 1397 1924 intellecta,
1423 1850 1500 1929 qnod
1526 1850 1704 1931 longinqui-

338 1941 440 2001 oribus
463 1938 637 2018 profundior
661 1944 713 1997 aer
737 1937 872 2014 objectus
897 1938 1038 1998 caerulea
1068 1958 1105 1998 ea
1132 1949 1340 2018 repraesentet
1350 1958 1359 2011 ;
1393 1938 1422 1998 id
1457 1939 1535 2018 quod
1566 1940 1702 2021 pictores

338 2030 443 2090 sedulo
473 2028 636 2089 imitantur.
684 2027 733 2086 lta
757 2026 859 2086 Lunae
889 2038 920 2086 et
945 2027 1058 2089 Veneri
1087 2027 1115 2087 in
1143 2027 1286 2105 perigaeo
1320 2027 1447 2107 epinycli
1477 2027 1635 2089 minimum
1667 2028 1703 2089 60

337 2119 481 2179 aetherea
504 2115 678 2177 substantia
701 2115 849 2191 objicitur,
875 2116 953 2194 quod
978 2115 1069 2176 radiis
1085 2117 1313 2175 transmittant:
1339 2134 1430 2194 qnare
1454 2116 1548 2177 multo
1573 2116 1701 2178 evidea-

336 2207 397 2269 tius
421 2213 581 2266 cernuntur
606 2222 695 2283 quam
719 2204 873 2281 superiora
897 2222 1036 2281 corpora,
1062 2204 1155 2264 radiis
1178 2223 1232 2282 per
1256 2204 1384 2264 immane
1408 2203 1543 2265 aetheris
1569 2206 1701 2284 spatium

336 2295 485 2356 demissis.
532 2293 591 2353 Est
624 2292 702 2352 euim
732 2302 762 2351 et
796 2292 911 2352 aetheri
941 2312 995 2352 sna
1029 2293 1167 2353 materia.
1214 2290 1276 2353 Sed
1307 2292 1345 2352 ad
1376 2312 1449 2354 rem.
1499 2290 1578 2355 Cum
1608 2294 1701 2372 igitur

335 2384 440 2444 Venus
464 2391 527 2442 tam
550 2400 644 2460 parva
668 2381 709 2440 sit
732 2389 762 2439 et
786 2390 886 2439 tanren
912 2398 1004 2458 prope
1030 2380 1133 2441 Solem
1156 2391 1310 2454 cernatur,
1335 2380 1406 2460 quid
1431 2400 1490 2442 000
1515 2382 1702 2444 credendum

335 2480 383 2533 est
408 2472 444 2532 de
468 2471 572 2531 Lunae
597 2479 648 2530 sat
672 2469 760 2547 longo
784 2468 895 2529 cornu?
940 2468 1005 2530 1100
1030 2468 1073 2528 110
1102 2488 1200 2529 rarum
1234 2478 1298 2541 est,
1333 2471 1370 2530 ob
1403 2489 1514 2531 causas
1548 2470 1700 2551 quasdam

334 2560 478 2624 sublimes
512 2559 662 2620 interdum
690 2556 770 2617 Solis
802 2557 899 2615 lumen
929 2555 1076 2617 hebetari.
1130 2556 1237 2617 Refert
1271 2555 1401 2618 Gemma
1432 2567 1522 2637 pater
1557 2570 1591 2620 et
1620 2560 1700 2622 filias

335 2669 412 2710 0000
440 2645 534 2710 1547.
558 2657 630 2709 0010
655 2646 826 2707 conflictum
851 2642 953 2705 Caroli
979 2645 1016 2705 V.
1042 2665 1108 2706 cum
1133 2644 1284 2706 Senoniae
1309 2647 1400 2722 duce,
1425 2646 1529 2709 Solem
1555 2668 1610 2727 per
1635 2658 1699 2710 tres

333 2738 398 2800 dies
431 2756 485 2798 ceu
516 2736 662 2815 sangnine
693 2734 845 2813 perfusum
874 2734 1092 2811 comparuisse,
1128 2746 1161 2794 ut
1196 2735 1287 2795 etiam
1322 2735 1430 2795 stellae
1472 2736 1640 2816 pleraeque
1670 2737 1699 2798 in

333 2826 456 2889 meridie
493 2826 749 2904 conspicerentur.
798 2820 901 2883 Causa
938 2823 1028 2899 igitur
1065 2822 1123 2883 fuit
1159 2842 1235 2901 quae
1266 2823 1348 2883 Solis
1387 2825 1485 2885 lumen
1525 2824 1698 2898 hebetaret,

333 2916 491 2978 stellarum
514 2933 585 2974 vero
609 2912 748 2973 minime:
783 2911 943 2972 sublimem
968 2909 1058 2988 igitur
1091 2930 1158 2971 esse
1187 2930 1310 2972 cansam
1340 2913 1492 2991 oportuit,
1522 2932 1585 2993 qua
1618 2913 1699 2975 80110

334 3004 432 3064 lumen
458 3003 550 3063 hebes
575 3002 752 3062 redderetur
780 3019 837 3060 000
872 2999 919 3058 001
945 3000 1054 3059 saltem
1078 3000 1188 3061 Terrae
1212 3010 1341 3078 puncto,
1377 3002 1432 3061 sed
1462 3002 1519 3061 toti
1550 3002 1699 3064 horizonti

333 3092 455 3164 visibili,
481 3093 540 3151 imo
562 3090 618 3152 toti
634 3091 792 3151 Terrarum
818 3088 936 3161 tractui,
964 3088 1040 3148 unde
1056 3096 1109 3149 a'er
1130 3089 1170 3148 ad
1189 3089 1284 3149 locum
1300 3089 1429 3169 aliquem
1445 3090 1567 3151 radiare
1584 3103 1699 3171 posset,

334 3182 469 3259 adeoque
495 3191 580 3240 10010
605 3178 711 3258 majori
735 3177 864 3256 portioni
881 3176 1003 3249 Terrae,
1030 3186 1141 3257 quanto
1165 3177 1299 3256 pluribus
1325 3178 1398 3238 locis
1423 3179 1452 3239 id
1476 3189 1525 3239 est
1550 3182 1698 3241 observa·

333 3278 407 3330 turn.
455 3268 488 3329 Si
513 3276 614 3329 aerem
639 3268 751 3327 dixeris
775 3276 836 3325 tarn
871 3267 931 3325 late
963 3266 1179 3339 incrassatum,
1215 3266 1238 3326 is
1268 3277 1299 3326 et
1333 3269 1441 3328 stellas
1475 3268 1696 3331 obnubilasset.

331 3358 525 3437 Relinquitur
548 3377 628 3435 ergo,
653 3374 776 3415 cansam
794 3355 879 3432 hnjus
900 3354 1101 3414 hebetationis
1125 3354 1294 3433 propiorem
1315 3353 1378 3415 8011
1406 3356 1509 3428 fuisse,
1535 3378 1627 3438 quani
1653 3369 1698 3417 est

334 3454 387 3507 000
412 3447 588 3518 altissimus,
615 3447 652 3506 ad
678 3444 828 3503 minimum
845 3444 873 3502 10
890 3443 1019 3502 Lnrraris
1044 3462 1146 3502 cursus
1167 3444 1303 3503 confinio.
1330 3445 1472 3505 Fortasse
1495 3446 1553 3507 1011
1570 3449 1699 3508 materia

332 3537 481 3597 cometica
506 3535 596 3596 latius
621 3552 730 3612 sparsa
754 3545 784 3591 et
808 3526 987 3600 tenuior.⁸‘³)

425 3623 486 3684 Sed
520 3624 558 3684 06
593 3642 664 3683 rem.
713 3621 818 3681 Stellis
854 3620 1001 3706 interdum
1031 3620 1066 3679 de
1096 3619 1142 3677 die
1168 3620 1381 3691 earicantibus,
1412 3623 1526 3700 poterit
1556 3634 1589 3685 et
1613 3625 1698 3686 Luna

332 3714 471 3792 proxima
495 3712 558 3772 Soli
584 3713 723 3771 emicare.
772 3711 804 3769 In
839 3728 964 3785 genere,
990 3727 1082 3766 cansa
1113 3727 1164 3766 cnr
1193 3708 1321 3769 10100610
1347 3710 1447 3769 sidera
1472 3712 1606 3787 lateant,
1641 3733 1697 3775 noa

333 3811 382 3861 est
404 3801 594 3878 potissimum
610 3800 691 3860 Solis
714 3799 896 3876 praesentia,
922 3798 975 3854 sed
1000 3798 1096 3856 solum
1122 3797 1190 3864 ista,
1217 3798 1293 3875 quod
1319 3798 1365 3856 hic
1390 3807 1492 3861 noster
1516 3807 1571 3862 adr
1594 3805 1697 3864 oculos

333 3889 460 3967 undique
485 3888 682 3948 circumfusus
706 3898 788 3947 totns
813 3887 960 3957 collucet,
986 3904 1077 3962 supra
1101 3885 1215 3944 directa
1240 3885 1304 3945 luce
1329 3885 1430 3959 Solis,
1455 3888 1534 3952 infra
1559 3909 1695 3951 commn-

331 3976 433 4037 nicata
457 3976 567 4037 Terrae
593 3978 657 4037 luce
683 3977 878 4036 collustratus
905 3973 1066 4033 fortissime
1091 3982 1235 4051 tantoque
1261 3974 1385 4046 fortius,
1411 3986 1523 4054 quanto
1548 3977 1603 4040 801
1629 3999 1696 4041 rec·

331 4063 391 4126 tius
417 4063 486 4124 10011
510 4065 619 4125 Terras
644 4065 681 4124 ah
707 4065 779 4124 0110.
828 4064 873 4122 De
900 4062 954 4121 hnc
986 4082 1016 4122 00
1050 4060 1119 4120 olim
1149 4061 1194 4121 his
1224 4062 1280 4122 lusi
1313 4063 1479 4127 versiculis.
1528 4066 1695 4146 Fingebam

330 4164 429 4215 autern
473 4173 519 4214 me
558 4153 696 4214 Atlantis
741 4154 815 4232 juga
861 4169 953 4228 snpra
997 4150 1097 4209 aeriae
1136 4150 1267 4228 regionis
1306 4154 1493 4231 superficiem
1531 4157 1697 4218 eminentia

330 4244 448 4304 ΜΒΝ
541 4333 604 4383 Μ
625 4332 708 4400 nigra
729 4331 780 4381 sub
803 4329 917 4397 pedibus
940 4326 1031 4396 coepit
1054 4328 1105 4379 sub
1127 4327 1216 4380 sidere
1238 4331 1334 4391 nubes,

596 4412 663 4463 Cura
685 4426 756 4461 nora
778 4410 827 4461 lux
849 4409 948 4467 Terris,
972 4425 1028 4460 nox
1050 4416 1109 4459 erat
1132 4416 1195 4459 orta
1215 4410 1289 4476 polo.

542 4491 614 4543 11100
636 4491 739 4559 loquor,
762 4489 888 4557 rapidus,
911 4488 956 4556 001
978 4489 1081 4539 Terrae
1103 4487 1268 4552 obrolritur,
1292 4490 1389 4542 humor

596 4571 668 4622 Luce
690 4584 853 4637 repercussa
875 4568 971 4620 sideris
994 4567 1082 4619 instar
1102 4577 1172 4620 erat.

541 4650 637 4710 Qualis
660 4649 706 4701 ubi
728 4649 851 4701 obscuris
874 4650 1015 4717 hybemus
1038 4645 1155 4698 nubibus
1177 4649 1276 4701 aether

594 4729 728 4782 Gaudenti
750 4728 842 4797 pinxit
864 4736 995 4795 tectaque
1017 4742 1156 4795 agrosque
1178 4728 1249 4781 nire.

328 4812 409 4874 Pene
433 4822 581 4895 utsupra
605 4816 633 4875 in
659 4826 757 4877 monte
782 4813 905 4893 Styriae
931 4813 1070 4875 80100101.

539 4916 607 4968 Tum
628 4914 693 4966 mihi
715 4915 836 4967 sidereos
859 4913 953 4964 mediis
975 4928 1023 4964 ceu
1045 4911 1172 4963 noctibus
1194 4911 1275 4981 ignes

594 4994 737 5045 Praesenti
760 4991 866 5044 Phoebi
889 5008 955 5043 cura
976 4990 1069 5042 ridere
1092 4991 1160 5042 face.
