3692 5842
726 484 914 551 caesus
1431 489 1493 556 rar

146 684 204 746 que
228 655 403 728 ardentibus
427 665 556 726 omnium
579 662 686 727 animis
711 664 748 725 ob
772 683 903 739 causas,
927 663 1004 743 quod
1029 682 1084 742 ego
1103 665 1170 743 jam
1196 666 1304 739 iniero,
1336 668 1495 732 coelestes.

145 754 216 816 Una
240 756 306 816 sola
329 775 379 816 ars
402 752 620 836 typographica
647 752 735 814 lacile
759 752 897 825 evicerit,
930 751 1110 815 ineffabilem
1143 753 1235 816 inisse
1259 765 1330 818 tunc
1353 757 1497 838 temporis

146 843 298 905 hominnm
322 843 514 905 industriam:
539 842 564 902 si
589 842 655 922 quis
679 841 768 920 paulo
792 842 964 921 diligentius
987 842 1195 921 perpenderit,
1219 854 1311 922 quota
1332 863 1421 907 manu
1445 867 1495 909 ars

145 932 292 1012 indigeat,
318 933 375 994 imo
399 943 471 1013 quot
494 931 632 1010 exempla
654 949 743 1010 quam
766 931 869 1010 paucis
892 930 1030 992 manibus
1050 931 1256 1009 perficiantur,
1280 934 1497 1017 denique'qnot

145 1022 259 1100 gradus
280 1021 438 1094 intersint,
469 1019 641 1101 priusquam
664 1041 682 1080 a
706 1020 828 1108 sigillis,
860 1019 967 1100 quibus
990 1018 1128 1098 Scaliger
1151 1021 1304 1096 enistimat
1326 1025 1497 1087 admonitos

145 1110 185 1171 de
214 1111 416 1193 typographia
444 1110 572 1190 majores
602 1119 735 1179 nostros,
769 1110 808 1170 ad
839 1108 1015 1170 hodiernam
1043 1109 1120 1171 artis
1149 1112 1399 1191 magnificentiam
1422 1133 1494 1194 per-

144 1200 293 1264 veniatur.
331 1199 546 1281 Typographia
568 1207 642 1259 nata
665 1198 779 1277 vulgati
804 1197 886 1273 libri;
910 1197 979 1260 hinc
998 1197 1130 1260 universi
1148 1201 1260 1279 passim
1278 1221 1332 1282 per
1344 1202 1496 1283 Europam

145 1290 186 1350 ad
199 1288 362 1351 'literarum
387 1289 487 1350 studia
511 1308 543 1348 se
568 1288 774 1361 contulerunt;
807 1288 875 1372 hinc
908 1293 998 1348 natae
1029 1295 1075 1348 tot
1106 1288 1291 1365 academiae,
1325 1300 1373 1353 tot
1395 1292 1494 1354 subito

145 1378 228 1439 docti
252 1378 306 1439 viri
338 1378 533 1450 exstiterunt,
566 1387 599 1438 ut
621 1376 705 1438 brevi
728 1375 851 1438 caderet
883 1394 997 1451 eorum,
1032 1375 1081 1457 qui
1113 1377 1280 1441 barbariem
1313 1380 1493 1456 retinebant,

144 1467 328 1540 auctoritas;
352 1486 406 1527 nec
430 1467 605 1547 quieverunt
628 1465 778 1526 homiuum
801 1465 960 1539 desideria,
986 1466 1079 1526 donec
1104 1466 1171 1526 novi
1195 1469 1323 1542 ordinis,
1349 1468 1397 1548 qui
1421 1470 1493 1531 lite-

144 1574 246 1617 rarum
269 1556 377 1618 studiis
401 1573 438 1616 ex
460 1555 598 1635 professo
622 1563 804 1634 operaretur,
830 1564 936 1615 auctor
959 1554 1091 1628 exstitit,
1121 1574 1220 1634 aquo
1245 1567 1377 1637 tempore
1401 1559 1500 1621 omuis'

142 1662 237 1724 prope
261 1644 468 1723 religiosorum
491 1643 626 1705 ordinum
649 1642 814 1704 auctoritas
830 1643 868 1704 ad
893 1642 970 1703 hunc
994 1644 1133 1717 transiit;
1158 1644 1214 1705 nisi
1239 1658 1386 1725 quatenus
1410 1648 1491 1708 auti-

142 1733 263 1813 quiores
285 1734 339 1808 illi,
363 1753 484 1795 suarum
507 1752 604 1795 rerum
626 1741 816 1810 satagentes,
849 1732 907 1811 ipsi
942 1750 1056 1812 quoque
1086 1732 1125 1793 ad
1158 1733 1311 1796 literarum
1333 1735 1436 1796 studia
1458 1755 1491 1798 se

141 1824 311 1902 conserunt.
358 1823 405 1884 Ex
429 1822 670 1901 navigationibus
694 1831 725 1882 et
748 1821 932 1883 commerciis
957 1821 1075 1882 occasio
1108 1828 1155 1882 est
1184 1822 1288 1883 oblata
1313 1822 1490 1905 Europaeis,

142 1911 350 1977 Christianam
373 1912 460 1974 fidem
484 1912 562 1991 apud
585 1911 732 1974 barbaras
761 1920 793 1970 et
818 1910 876 1971 hue
905 1928 999 1990 usque
1030 1910 1150 1989 ignotas
1179 1911 1317 1974 nationes
1345 1913 1493 1976 lstissime

139 2002 347 2082 propagandi:
382 2010 487 2082 contra
519 2020 555 2061 ex
587 2000 750 2061 academiis
783 2008 814 2060 et
845 1999 987 2060 libertate
1018 1999 1193 2079 disputandi
1223 2007 1255 2061 et
1284 2021 1322 2064 es
1350 2002 1494 2065 librorum

141 2091 231 2171 copia
254 2097 284 2151 et
306 2089 523 2172 typographiae
547 2090 775 2162 commoditate,
806 2088 946 2149 nimirum
976 2106 1013 2149 ex
1043 2088 1208 2150 eruditione
1236 2098 1268 2151 et
1288 2090 1492 2172 inquietudine

139 2179 263 2260 publica
287 2187 353 2241 orta
375 2188 424 2241 est
446 2179 573 2260 denique
594 2179 698 2258 ingens
717 2178 771 2239 illa
793 2185 824 2238 et
847 2177 984 2240 omuibus
1007 2178 1117 2239 seculis
1136 2179 1339 2242 memorabilis
1359 2181 1492 2243 secessio

139 2268 336 2350 plurimarum
365 2270 505 2350 Europae
532 2266 753 2349 provinciarum
781 2289 800 2327 a
828 2267 900 2329 sede
926 2267 1075 2329 Romana.
1121 2267 1200 2329 Rem
1229 2268 1326 2348 ipsam
1358 2288 1425 2332 cum
1454 2271 1493 2333 iis

141 2358 386 2433 circumstantiis,
412 2358 518 2440 quibus
542 2365 590 2419 est
612 2357 774 2437 descripta,
798 2355 891 2417 altius
911 2355 1038 2438 indeque
1059 2377 1078 2418 a
1098 2356 1201 2419 divina
1214 2357 1491 2440 providentiapru-

142 2450 264 2523 rectam,
288 2465 343 2509 nec
360 2448 441 2509 intra
464 2446 646 2509 naturalium
662 2464 820 2506 causarum
837 2444 995 2523 angustias
1012 2446 1186 2524 cogendam,
1208 2446 1297 2527 plane
1315 2467 1493 2528 persuasum

140 2539 257 2612 habeo;
290 2556 344 2598 nec
367 2545 494 2615 negant,
528 2536 577 2617 qui
611 2554 678 2596 eam
700 2534 880 2615 vituperant.
926 2536 972 2596 At
994 2534 1074 2596 inest
1104 2535 1134 2598 in
1166 2554 1198 2595 re
1229 2535 1298 2616 ipsa
1320 2537 1491 2600 universale
1592 2559 1595 2564 ·

142 2627 296 2709 quippiam
318 2633 350 2687 et
371 2645 425 2706 per
448 2627 547 2687 omnia
569 2625 685 2706 reliqua
707 2624 837 2685 humana
860 2623 983 2702 negotia
1005 2623 1185 2704 spectabile3
1215 2634 1290 2705 puta
1316 2626 1489 2708 inquietudo

141 2724 175 2777 et
197 2717 297 2778 servor
328 2715 480 2776 hominum
507 2734 561 2795 per
589 2715 664 2776 haec
694 2722 831 2793 tempora
857 2712 1052 2793 praecipuus:
1087 2713 1124 2773 de
1156 2733 1214 2794 quo
1238 2715 1305 2776 solo
1323 2716 1390 2795 jam
1416 2716 1489 2779 mihi

142 2823 258 2879 sermo,
291 2805 360 2866 dum
388 2803 525 2885 exempla
554 2803 661 2885 quihus
688 2803 745 2864 iste
769 2803 870 2864 servor
890 2802 1036 2881 probatur
1058 2821 1265 2865 commemoro.
1313 2804 1490 2868 cumcuim

142 2914 180 2956 en
210 2894 340 2956 stimulis
373 2893 554 2956 coelestibus
584 2892 728 2954 concitati
759 2900 863 2953 essent
890 2890 1020 2952 omnium
1048 2891 1154 2967 animi,
1187 2893 1333 2975 facileque
1361 2893 1489 2966 invicem

140 2984 354 3065 copularentur
376 2982 465 3043 vicini
489 3001 662 3063 quacunque
686 2983 722 3042 de
746 3001 854 3043 causa:
879 2981 948 3042 hinc
965 2988 1047 3054 ortae
1068 2989 1115 3043 tot
1130 2982 1304 3058 seditiones,
1328 2983 1486 3059 factiones,

139 3073 284 3148 dissidia,
308 3071 405 3146 bella,
429 3079 491 3132 tam
514 3071 668 3151 religionis
692 3090 781 3151 quam
803 3070 993 3149 imperiorum
1017 3090 1117 3133 causa.
1164 3074 1247 3134 Inter
1270 3072 1353 3153 ipsos
1376 3074 1489 3136 Mahu-

137 3170 288 3236 metrum,
312 3160 361 3241 qui
385 3160 474 3222 hodie
497 3180 562 3222 cum
580 3159 762 3223 Christianis
781 3169 811 3221 et
831 3159 958 3222 Judaeis
980 3160 1201 3223 multitudinem
1226 3163 1345 3242 generis
1368 3164 1490 3226 humaui

141 3270 300 3333 exaequo
325 3251 387 3311 fere
410 3249 635 3330 tripertiuntur,
667 3267 765 3310 nonne
796 3248 853 3310 hoc
883 3249 986 3310 seculo
1008 3269 1088 3311 nova
1117 3250 1248 3312 civilium
1270 3252 1417 3315 bellomm
1439 3254 1491 3316 fax

139 3361 179 3404 ex
204 3340 446 3402 dissimilitudine
469 3339 625 3419 religionis
649 3337 782 3418 ipsorum
806 3337 929 3411 exarsit,
954 3357 1030 3419 quae
1046 3339 1152 3401 Tuscis
1171 3340 1242 3402 olim
1264 3341 1387 3403 exitium
1411 3343 1490 3405 alla-

138 3439 211 3493 tura
231 3430 370 3492 videtur?
407 3430 449 3491 Et
464 3428 533 3510 qnia
546 3447 624 3489 anno
647 3422 740 3500 1504,
767 3423 860 3500 1524,
883 3423 966 3490 1563
982 3427 1129 3507 capitales
1144 3430 1370 3509 conjunctiones
1397 3433 1488 3507 luere,

138 3528 215 3603 puto
237 3519 307 3580 hinc
331 3518 423 3580 etiam
445 3527 530 3579 tanto
553 3517 672 3579 facilius
696 3515 766 3578 oriri
788 3516 925 3596 potuisse
949 3533 1133 3578 communem
1155 3537 1294 3595 cansam,
1322 3539 1398 3601 quae
1419 3521 1489 3602 plu·

138 3610 283 3672 rimarum
316 3607 490 3687 longissime
527 3606 701 3670 dissitarum
735 3604 869 3685 gentium
905 3624 1035 3667 amorem
1071 3607 1245 3690 animosque
1282 3610 1416 3690 copulat:
1456 3619 1491 3673 ut

139 3698 260 3781 quoties
283 3697 313 3758 iu
338 3697 459 3772 Galliis,
483 3697 513 3757 ln
535 3696 652 3776 Belgio,
677 3697 706 3758 in
729 3693 897 3757 Britanniis
921 3694 1117 3775 depugnatur,
1142 3715 1201 3758 nou
1224 3698 1325 3761 desint
1346 3700 1377 3761 iu
1399 3701 1487 3763 Hun-

116 3787 243 3869 -garia,
274 3787 303 3848 in
333 3787 477 3858 Polonia,
505 3785 535 3847 in
566 3784 744 3858 Germania,
774 3784 823 3866 qui
853 3785 1012 3846 contrariis
1039 3783 1120 3848 votis
1151 3805 1222 3848 suae
1245 3788 1369 3870 quisque
1392 3789 1489 3871 partis

137 3878 292 3962 fortunam
314 3884 548 3957 prosequantur,
573 3895 657 3938 suam
680 3893 743 3936 rem
764 3873 814 3954 agi
836 3882 957 3955 putent:
991 3874 1127 3957 quamvis
1149 3876 1269 3941 iuterim
1292 3877 1319 3939 si
1341 3881 1488 3943 cummuni

140 3967 233 4042 hoste
256 3974 395 4028 carerent
417 3965 495 4027 inter
518 3984 550 4027 se
573 3964 631 4045 ipsi
654 3963 815 4045 pugnaturi
837 3972 950 4026 essent

229 4056 322 4117 Dices
345 4054 405 4115 ista
428 4074 496 4116 esse
519 4055 650 4134 Spiritus
673 4053 716 4128 S,
746 4053 796 4135 qui
818 4071 872 4133 per
895 4052 1104 4116 diversitatem
1125 4054 1293 4135 linguarum
1316 4064 1488 4122 cunctarum

138 4153 248 4228 gentes
271 4144 301 4207 in
324 4144 439 4205 unitate
463 4145 532 4205 lidei
554 4154 726 4225 congreget
771 4143 835 4204 Nec
858 4160 937 4221 nego
961 4161 1017 4222 cgo
1039 4143 1112 4218 hoc,
1141 4152 1172 4206 et
1199 4146 1299 4208 omnia
1321 4146 1390 4207 huic
1413 4147 1486 4228 Spi-

142 4234 216 4298 ritui
239 4234 504 4308 transscriberem‚
530 4234 556 4294 si
584 4253 642 4295 nun
672 4241 734 4296 tarn
757 4232 851 4294 multa
873 4231 1043 4311 hujusmodi
1066 4233 1104 4293 de
1125 4234 1205 4296 malo
1228 4242 1345 4297 esseut:
1379 4237 1405 4299 si
1428 4259 1488 4302 non

138 4324 277 4405 utrisque
299 4322 429 4404 partium
449 4322 604 4384 hostiliter
626 4341 659 4384 se
677 4331 779 4385 mutuo
794 4321 1018 4398 insectantium,
1041 4322 1120 4403 quod
1137 4343 1197 4385 nou
1215 4330 1264 4386 est
1278 4345 1298 4385 a
1311 4324 1343 4388 S.
1360 4325 1486 4407 Spiritu,

144 4412 278 4476 studium
300 4413 357 4474 hoc
380 4412 459 4474 idem
482 4419 573 4474 esset.
610 4413 661 4474 An
684 4419 732 4473 est
753 4412 810 4473 hoc
833 4411 1048 4487 contemtibile,
1071 4412 1154 4492 ipsas
1172 4414 1263 4475 etiam
1281 4414 1487 4497 antiquitates,

142 4521 221 4586 qnae
244 4502 335 4564 hodie
355 4502 404 4563 vel
428 4501 626 4563 defenduntur
646 4500 889 4563 constantissime
906 4501 954 4561 vel
970 4509 1112 4563 eruuntur
1125 4503 1374 4583 pertinacissime,
1397 4507 1486 4570 hodie

141 4592 260 4667 nitere,
289 4611 391 4653 omnes
422 4610 523 4653 earum
553 4590 693 4670 fuligines
724 4590 919 4652 diuturnitate
949 4590 1093 4671 temporis
1123 4601 1294 4655 contractas
1316 4598 1484 4676 expurgari,

141 4682 295 4745 coloribus
319 4681 477 4743 luculentis
500 4681 609 4754 induci,
632 4689 666 4742 ut
688 4680 715 4741 si
738 4681 826 4742 iidem
849 4680 923 4741 solis
947 4680 1041 4742 oculis
1059 4680 1183 4757 habeas,
1206 4683 1305 4744 omnia
1320 4703 1398 4745 nova
1411 4705 1484 4766 pro·

139 4769 291 4834 nuncies?
334 4772 384 4833 An
407 4788 537 4852 unquam
559 4776 607 4831 est
629 4769 776 4843 auditum,
807 4777 911 4848 partes
942 4770 1087 4831 adversas
1116 4772 1286 4851 regionibus
1314 4792 1373 4834 non
1395 4775 1484 4840 valde

139 4860 269 4923 dissitas
297 4859 447 4922 classibus
481 4860 634 4922 instructis
665 4861 708 4921 ire
738 4859 777 4919 ad
805 4858 981 4939 antipodas,
1017 4867 1052 4921 ut
1086 4859 1147 4921 illic
1176 4862 1212 4923 de
1242 4879 1340 4923 rerum
1370 4883 1484 4927 summa

140 4951 314 5023 decertent,
339 4950 424 5030 quasi
447 4969 505 5011 uon
528 4967 622 5029 aeque
646 4950 686 5010 sit
708 4947 879 5027 expeditum
902 4948 981 5010 domi
1003 4948 1104 5010 mori?
1135 4951 1185 5012 An
1206 4970 1336 5032 unquam
1358 4947 1482 5016 florente

140 5039 347 5105 Romanorum
378 5039 502 5119 imperio
534 5038 704 5102 Sarmatica
734 5038 783 5099 vel
813 5035 994 5101 Germanica
1025 5039 1134 5102 classis
1172 5059 1211 5105 ex
1236 5040 1314 5106 nari
1344 5042 1483 5109 lethico
