3692 5842
745 497 908 549 Praemium.
1439 497 1500 564 581

144 691 239 754 snpra
263 674 459 749 exhibuimus,
484 677 650 755 repetenda
672 693 740 736 esse
766 674 903 737 videntur
926 675 1050 754 Kepleri
1074 676 1176 738 verba
1223 674 1398 756 Alloquitur
1427 676 1504 738 euim

143 782 204 824 nou
229 764 318 825 ruodo
342 763 477 825 homiues
501 784 517 825 e
541 766 659 843 populo,
685 763 734 845 qui
758 764 819 825 ista
842 765 949 826 lecturi
972 766 1053 839 sint,
1084 765 1137 825 sed
1162 764 1253 825 etiam
1276 765 1504 844 Imperatorem,

144 869 297 914 excusans
320 854 477 931 augustius
500 854 530 913 iu
555 853 657 914 libello
681 870 734 913 suo
759 853 943 933 astrologiae
967 854 1105 915 relictum
1129 853 1270 934 spatium.
1295 885 1337 898 -

235 941 272 1002 ln
295 939 495 1020 dijudicandis
518 941 611 1002 variis
635 941 857 1020 astrologorum
881 942 1041 1004 sententiis
1057 942 1176 1004 delatus
1190 942 1229 1003 ad
1243 941 1380 1005 Roeslini
1397 942 1504 1004 medici

143 1028 279 1091 Alsatioi
302 1029 480 1106 sententias,
504 1030 583 1091 baud
607 1030 652 1091 ita
674 1048 783 1109 magna
806 1031 899 1093 utitur
922 1032 1065 1093 comitate
1089 1029 1180 1110 (Cap.
1206 1028 1274 1105 30).
1321 1032 1427 1111 ltaque
1452 1032 1503 1092 ille

144 1137 164 1178 a
187 1118 322 1197 Keplero
345 1119 507 1181 lacessitus
529 1119 693 1198 respondet
716 1137 763 1193 ea,
788 1119 895 1199 quibus
918 1120 1056 1182 acerbius
1084 1120 1250 1182 rescribere
1272 1120 1422 1200 Keplerus
1445 1139 1503 1181 non

143 1214 314 1269 cunctatur.
362 1213 461 1280 (Comp.
480 1213 534 1266 Vol.
554 1216 575 1265 Ι.
592 1231 616 1280 p.
635 1213 687 1265 195
704 1214 750 1277 sa.)

237 1293 314 1376 Cap.
341 1293 382 1360 18
397 1315 463 1375 sqq.
489 1297 553 1375 agit
578 1297 614 1358 de
638 1295 862 1371 scintillatione,
887 1297 1023 1371 materia,
1049 1304 1116 1358 ortu
1139 1315 1236 1357 novae
1260 1297 1378 1358 stellae.
1414 1294 1503 1366 Quod

144 1383 260 1445 attinet
283 1384 623 1457 scintillatiouem,
655 1385 800 1464 dijudicat
824 1405 933 1447 causas
957 1385 1181 1447 scintillationis
1205 1406 1224 1445 a
1248 1384 1405 1466 Scaligero
1428 1402 1501 1464 pro-

142 1472 280 1552 positas:
305 1481 418 1534 motum
441 1473 571 1546 luminis,
594 1474 716 1548 sideris,
742 1474 842 1548 abris3
876 1475 1046 1536 claritatem
1070 1485 1101 1535 et
1125 1474 1361 1554 magnitudinem
1384 1474 1503 1535 sideris.

142 1561 197 1624 tiit
221 1561 299 1623 certi
322 1562 385 1636 dat,
410 1560 457 1624 his
481 1571 581 1625 autem
605 1561 756 1624 concludit
779 1563 895 1624 verbis:
921 1564 994 1625 nibil
1013 1564 1182 1642 potuissent
1200 1582 1305 1624 omnes
1320 1564 1377 1624 bae
1392 1581 1503 1624 causae

142 1651 337 1729 conjunctae,
362 1651 419 1712 uisi
444 1652 540 1713 lumen
564 1652 662 1730 ipsum
686 1652 713 1712 in
737 1670 862 1729 corpore
885 1653 995 1713 stellae
1018 1663 1098 1712 mutu
1122 1653 1171 1713 vel
1195 1653 1352 1714 facultatis
1367 1652 1503 1714 internae

142 1738 194 1799 vel
218 1740 353 1819 camuris
376 1740 470 1819 ipsius
494 1741 672 1802 creberrimo
697 1760 806 1802 causas
831 1741 1078 1801 scintillationum
1103 1749 1134 1800 et
1164 1741 1297 1802 colorum
1326 1741 1502 1802 invenisset.

141 1827 192 1888 De
216 1828 375 1889 materia
399 1829 506 1889 dubius
530 1837 594 1889 est:
634 1830 867 1903 ,concludamus
891 1848 1002 1907 magna
1030 1828 1306 1903 verisimilitudine,
1345 1829 1504 1890 materiam

141 1934 223 1977 novo
247 1916 339 1978 sideri
362 1916 530 1996 praebitam
554 1917 600 1977 vel
624 1919 784 1997 pinguem,
813 1937 889 1997 quae
915 1918 1024 1997 frigore
1049 1918 1139 1980 fuerit
1161 1918 1301 1993 incensa,
1333 1927 1366 1979 ut
1384 1917 1502 1996 trajee-

143 2005 254 2078 tiones,
281 2006 326 2065 vel
352 2024 487 2084 aqueam,
513 2005 541 2066 in
567 2026 700 2086 quassu
725 2004 779 2067 Sol
802 2026 854 2067 seu
879 2006 1028 2068 internum
1053 2007 1149 2067 lumen
1173 2005 1357 2069 refulserit.“
1405 2004 1504 2068 Stella

143 2093 224 2154 baec
248 2095 394 2173 quomodo
420 2102 559 2155 exorta
587 2094 640 2168 sit,
666 2095 802 2156 diversas
825 2095 994 2155 sententias
1018 2096 1123 2168 affert3
1157 2103 1313 2174 comparat
1342 2113 1410 2174 earn
1437 2113 1504 2155 cum

143 2200 229 2242 nova
252 2182 344 2243 stella
367 2202 393 2242 a.
423 2180 506 2245 1572
531 2192 711 2262 conspecta;
750 2181 872 2250 disserit
895 2183 932 2243 de
959 2184 1089 2245 materia
1121 2182 1149 2244 in
1178 2183 1281 2267 rerum·
1306 2182 1504 2244 universitate

144 2269 277 2343 diffusa,
302 2290 389 2351 quam
415 2270 573 2333 mutationi
596 2271 754 2333 obnoxiam
787 2289 855 2331 esse
880 2271 964 2333 dicit.
1010 2270 1099 2342 Quod
1123 2278 1156 2333 nt
1180 2273 1385 2350 demonstret,
1418 2291 1504 2334 men-

144 2359 261 2420 tionem
295 2359 369 2422 laoit
401 2358 482 2422 Solis
520 2360 763 2422 obscurationum
798 2360 941 2431 (absente
973 2360 1093 2434 Luna),
1127 2370 1311 2424 cometarum
1345 2353 1505 2441 eorumque

142 2448 326 2523 caudarum,
361 2449 426 2529 ejus
456 2449 535 2530 quod
566 2449 712 2530 reliquum
746 2456 794 2510 est
824 2448 975 2510 sublustre
1008 2448 1038 2510 iu
1070 2449 1145 2511 totis
1169 2449 1250 2512 Solis
1274 2443 1505 2522 deiectionibus,

142 2535 251 2599 Lunae
283 2537 313 2599 iu
346 2538 498 2600 novilunio
530 2539 613 2599 uuila
645 2537 814 2599 defectione
846 2555 939 2617 prope
964 2537 1065 2599 Solem
1098 2535 1311 2619 comparentis.
1361 2531 1446 2601 Nihil
1474 2540 1504 2600 iu

142 2644 245 2688 rerum
268 2633 378 2688 natura
409 2636 520 2690 temere
550 2627 614 2689 fieri
638 2628 840 2700 adseverans,
871 2626 979 2705 jocans
1007 2628 1108 2689 nauus
1132 2647 1205 2690 suae
1228 2621 1411 2691 seutentiam
1433 2628 1503 2690 lau·

142 2714 219 2776 dat:
246 2714 330 2790 „beri
355 2715 425 2777 durn
448 2715 547 2777 fessus
572 2715 770 2778 ascribendo
801 2714 957 2796 animoque
982 2715 1063 2778 intus
1087 2715 1295 2796 pulverulento
1319 2715 1357 2779 ab
1381 2725 1503 2778 atomu-

142 2822 213 2866 rum
236 2802 365 2866 istarum
388 2803 679 2868 considerationibus
704 2805 742 2866 ad
766 2824 891 2866 coenam
915 2824 1014 2881 vocor,
1041 2807 1165 2889 apponit
1188 2805 1261 2868 mihi
1275 2825 1313 2867 ea
1327 2825 1415 2894 quam
1431 2804 1503 2882 dixi,

142 2891 322 2954 acetarium.
369 2892 469 2973 Ergo,
503 2893 624 2973 inquam
654 2913 730 2973 ego,
764 2893 790 2954 si
823 2900 889 2955 toto
922 2901 992 2956 abre
1017 2899 1171 2957 contortae
1195 2895 1358 2958 volitarent
1380 2885 1504 2974 patinae¹

141 2991 311 3059 stauueae,
343 2982 417 3046 solia
450 2984 601 3056 lactucae,
631 2984 726 3044 micae
755 2982 844 3054 salis,
874 2992 981 3061 guttae
1010 3003 1122 3065 aquae,
1153 2984 1249 3059 aceti,
1279 2985 1353 3061 ulei,
1384 3003 1505 3046 ovorum

142 3071 301 3146 decussus,
326 3072 414 3152 idque
439 3072 477 3133 ab
501 3079 623 3132 aeterno
648 3072 744 3146 duret,
770 3072 901 3132 futurum
926 3080 973 3133 est
996 3031 1304 3155 ῖιιιιιίθιιιειίἰᾳιιιι6ἀο,
1329 3033 1362 3135 ub
1381 3065 1505 3134 fortuito

142 3160 209 3222 tale
234 3169 323 3223 coeat
347 3159 533 3222 acetarium?
557 3161 713 3239 respoudit
737 3160 816 3221 bella
839 3178 922 3222 mea:
948 3161 1000 3222 sed
1025 3181 1082 3221 uon
1106 3162 1163 3224 boc
1188 3163 1304 3230 decore,
1329 3157 1425 3241 neque
1448 3153 1505 3223 boc

141 3249 261 3312 urdine.
308 3250 403 3311 Miser
426 3268 501 3327 ego,
527 3248 596 3328 quid
621 3243 758 3311 afferrem
783 3248 822 3310 ad
845 3248 1015 3311 sententiae
1039 3269 1125 3311 meae
1149 3249 1378 3312 defensionem?
1425 3251 1505 3311 Visa

141 3346 194 3400 est
217 3336 395 3400 verisimilia
417 3336 545 3400 dicere.“

235 3426 401 3507 Postquam
425 3444 529 3488 omues
552 3427 682 3488 omniurn
707 3428 768 3488 fere
793 3425 961 3487 sententias
984 3426 1100 3503 retulit,
1126 3425 1316 3507 dijudicavit,
1341 3426 1505 3506 redarguit,

144 3515 224 3579 nibil
248 3514 276 3577 ei
300 3515 445 3597 reliquum
470 3528 536 3589 est,
570 3516 629 3577 uisi
654 3526 686 3578 ut
709 3535 807 3577 rerum
832 3514 975 3595 ejusmodi
1005 3515 1180 3576 coelestium
1213 3535 1322 3577 causas
1346 3514 1506 3577 humanam

145 3613 281 3667 mentem
305 3625 454 3686 nunquam
483 3613 703 3674 assecuturum.
734 3604 937 3684 infinitamque
959 3604 1018 3665 Dei
1051 3604 1231 3684 sapientiam
1266 3603 1346 3666 omni
1377 3604 1508 3667 humana

145 3695 268 3757 ratione
291 3712 360 3756 esse
383 3694 568 3775 superiorem
592 3703 738 3772 agnoscat
762 3701 793 3756 et
816 3694 1585 3773 profiteatur..

237 3781 341 3862 Magis
369 3783 408 3843 ad
443 3782 659 3845 astronomiam
692 3789 834 3862 spectant
864 3781 939 3862 Cap.
971 3782 1170 3846 Xl-XVII
1203 3778 1278 3859 cap.
1301 3780 1359 3843 XI
1384 3735 1507 3885 inquirit

146 3882 272 3951 tempus
295 3891 393 3933 novae
425 3871 644 3951 conjunctionis
667 3873 865 3974 planetarum.
909 3874 1012 3949 Aegre
1041 3871 1100 3932 iert
1128 3870 1356 3932 observationes
1386 3869 1506 3934 minime

145 3968 309 4024 accuratas
342 3970 596 4035 astronomorum,
630 3962 679 4040 qui
712 3962 791 4022 intra
819 3959 857 4021 13
881 3969 962 4021 totos
994 3960 1059 4020 dies
1091 3979 1148 4020 nun
1178 3960 1379 4023 consentiant.
1427 3959 1507 4024 Suas

144 4050 241 4132 igitur
265 4051 355 4112 affert
377 4051 616 4122 observationes,
641 4050 716 4111 satis
741 4050 902 4130 diligenter
925 4049 1082 4110 institutas
1098 4048 1202 4110 diebus
1220 4045 1358 4114 15-16.
1374 4049 1508 4113 Decem..

145 4139 210 4202 bris
235 4157 264 4201 v.
287 4146 327 4202 st.
353 4138 422 4201 anni
451 4134 548 4214 1603,
577 4139 723 4218 equibus
751 4147 907 4219 computat
936 4149 1054 4216 tempus
1083 4136 1303 4217 conjunctionis
1327 4137 1452 4201 Saturni
1475 4148 1509 4201 et

145 4228 236 4290 Jovia
260 4246 288 4290 c.
312 4227 467 4290 meridiem
500 4229 530 4291 7.
559 4225 607 4290 17.
632 4228 705 4288 Dec.
734 4226 817 4291 1603
828 4248 837 4302 ;
871 4226 959 4288 Jovis
984 4235 1016 4287 et
1046 4227 1187 4289 Mercurii
1218 4227 1247 4289 d.
1276 4224 1326 4289 13.
1352 4225 1404 4289 23.
1429 4229 1505 4291 Deo.

145 4317 268 4397 vesperi
292 4317 367 4379 bora
390 4311 476 4399 6723
511 4315 635 4378 Saturni
660 4328 692 4378 et
713 4317 856 4379 Mercurii
886 4318 914 4376 d.
944 4315 994 4378 12.
1020 4313 1072 4378 22.
1098 4318 1173 4378 Dec.
1201 4335 1286 4395 vesp.
1317 4316 1345 4377 h.
1371 4316 1409 4389 73
1443 4315 1504 4379 Sa·

144 4406 227 4469 turni
268 4414 300 4468 et
328 4407 438 4467 Martis
475 4401 525 4467 16.
550 4401 602 4467 26.
633 4403 719 4484 Sept.
753 4405 871 4485 vesperi
899 4415 970 4483 post
1001 4406 1106 4466 horam
1136 4404 1175 4477 83
1212 4404 1299 4465 Jovis
1330 4412 1362 4465 et
1393 4405 1505 4467 Martis

144 4491 200 4561 29.
226 4493 314 4576 Sept.
344 4490 373 4558 9.
400 4491 470 4556 Oct.
501 4494 575 4555 hora
598 4513 656 4553 una
680 4500 749 4555 ante
774 4493 937 4556 meridiem.
985 4492 1224 4556 Observationes
1256 4512 1350 4554 novae
1384 4494 1504 4567 stellae,

145 4605 224 4667 quas
247 4584 313 4664 ipse
333 4583 515 4652 instituerat,
539 4592 678 4645 recenset
697 4583 844 4663 Keplerus
860 4581 936 4662 Cap.
951 4584 1169 4656 XH-XIV.;
1194 4581 1314 4643 exhibet
1335 4583 1404 4643 luca
1426 4584 1504 4647 stel-

144 4676 245 4737 larum
270 4672 455 4753 quarundam
479 4674 603 4733 lixarum
628 4672 657 4732 in
682 4670 894 4750 Serpentario,
917 4671 1067 4752 Serpeute
1091 4682 1123 4732 et
1146 4669 1329 4749 Scorpione,
1361 4690 1415 4733 nec
1446 4673 1514 4733 non?

91 4791 93 4796 ·
144 4763 234 4826 addit
257 4763 394 4825 tabulam
419 4780 435 4822 e
459 4780 561 4840 cupro,
585 4762 747 4822 earundem
771 4761 1034 4822 constellationum
1057 4760 1219 4840 imaginem
1242 4759 1437 4835 referentem,
1470 4770 1513 4822 ut·

144 4872 237 4936 quam
261 4850 431 4914 cenmsime
454 4869 543 4911 verus
566 4850 650 4911 locus
674 4869 769 4911 novae
794 4850 902 4911 stellae
926 4858 1136 4929 cognoscatur.
1174 4847 1346 4909 Distantias
1371 4849 1505 4929 ejusdem

143 4964 164 5008 a
186 4939 393 5023 compluribus
417 4939 515 5002 stellis
538 4938 767 5002 notabilioribus
792 4938 954 5013 dimensus,
980 4938 1080 5018 prodit
1102 4938 1210 4999 stellae
1234 4955 1330 4999 novae
1346 4940 1504 5001 ascensio-

144 5050 216 5096 nem
238 5038 355 5096 rectam
378 5026 461 5094 256ο
483 5025 547 5103 47⁴,
572 5028 803 5091 declinationem
826 5029 990 5090 australem
1014 5023 1075 5089 21ο
1101 5026 1129 5089 11
1153 5023 1227 5089 30”.
