3692 5842
694 473 726 525 tls
741 472 814 524 robur
833 471 936 537 operui.
1453 472 1497 540 29

135 648 213 699 arbua.
250 647 293 699 Ea
305 648 447 699 meminisse
465 653 536 712 potes
554 662 595 698 uae
617 661 712 713 quoque
735 648 881 706 advenisse,
909 663 960 699 non
983 654 1081 699 tantum
1099 650 1124 699 in
1141 648 1266 701 solaribus
1288 650 1428 715 eclipsibus,
1452 653 1497 703 sed

136 720 215 769 edam
236 720 338 785 quando
357 718 432 770 Luna
449 720 546 768 stellam
566 720 673 784 aliquam
691 718 832 769 occultavit

227 790 366 854 Koplarum
388 792 505 853 promtior
531 792 557 839 in
584 790 740 840 rescribendo
762 804 836 855 quam
857 789 1020 846 Maestlinus,
1040 791 1079 842 die
1099 788 1141 840 26.
1159 790 1230 841 Febr.
1251 788 1318 842 toea
1340 791 1404 844 haee
1430 793 1499 845 dedit

136 860 195 911 baio
216 858 311 926 (comp.
330 861 376 910 rob
395 860 417 911 1.
438 858 481 910 48.
505 856 574 923 92.);

228 968 264 1030 Iu
296 967 411 1029 calculo
441 965 596 1047 eclipsium
625 965 710 1027 rides
742 967 839 1045 ipsum
864 966 1066 1047 (Tychonem)
1097 987 1164 1029 cum
1194 987 1261 1029 mea
1285 968 1496 1033 observatione

139 1055 280 1135 (eclipsis
303 1053 420 1117 Solaria
444 1056 473 1118 d.
498 1056 530 1118 7.
545 1056 635 1117 Mart.
663 1051 762 1129 1598)
789 1057 850 1116 fere
874 1057 1043 1117 convenire.
1091 1053 1260 1118 Censebam
1289 1057 1368 1119 enim
1392 1059 1497 1122 defec-

138 1154 204 1206 tum
229 1144 324 1207 fuisse
347 1141 546 1225 9digitomm
567 1143 695 1206 circiter.
729 1138 1100 1224 Illehahet10³l„'quia
1123 1146 1386 1224 septentrionalior
1400 1148 1497 1210 Ham·

139 1234 237 1313 burga
261 1230 382 1294 Gratio.
428 1234 473 1294 At
495 1232 634 1311 aenigma
657 1230 776 1311 ingens,
799 1250 892 1311 prope
905 1232 974 1312 quid
990 1251 1071 1306 esse,
1097 1240 1129 1293 et
1152 1241 1252 1294 tamen
1277 1235 1374 1296 miuus
1398 1255 1496 1317 appa-

139 1340 221 1395 rere,
247 1339 337 1402 quam
360 1340 427 1383 cum
451 1329 500 1382 est
522 1321 666 1383 remotius
690 1324 782 1392 (comp.
800 1327 858 1377 vol.
876 1328 896 1377 1.
915 1324 1009 1392 pit).
1055 1319 1176 1400 Ergone
1201 1322 1331 1385 fallimur
1345 1323 1373 1385 in
1398 1324 1498 1406 pleni.
1600 1359 1608 1370 ,

139 1409 249 1472 laniis?
294 1407 416 1489 Ergone
440 1416 542 1471 aierem
564 1409 658 1471 habet
679 1408 781 1479 Luna,
812 1408 860 1488 qui
886 1408 1025 1486 oppletus
1049 1408 1114 1469 luce
1139 1419 1232 1490 auget
1255 1412 1498 1475 aestimationem

138 1498 267 1560 Lunae?
313 1497 361 1559 An
384 1497 432 1559 hic
457 1499 586 1559 fortasse
611 1516 678 1558 mea
700 1497 906 1576 speculatione
938 1515 1012 1574 opus
1037 1496 1095 1558 erit
1118 1498 1154 1557 de
1184 1517 1308 1561 accessu
1333 1501 1372 1561 ad
1395 1500 1499 1564 Solem

141 1595 175 1649 et
195 1585 342 1649 recessu?
388 1584 479 1647 Certe
503 1585 597 1647 habet
626 1603 728 1647 veram
752 1585 930 1645 distantiam
954 1603 992 1644 ex
1019 1585 1170 1662 parallaxi
1195 1606 1259 1649 cnm
1284 1588 1312 1648 in
1332 1590 1498 1668 novilunio,

142 1685 206 1737 tum
230 1676 261 1736 iu
285 1673 457 1754 plenilunio.
505 1672 628 1745 Quaeso
658 1674 728 1754 quid
760 1692 865 1734 censes
896 1672 965 1733 hic?
1003 1671 1123 1750 Scribe,
1157 1674 1183 1736 si
1214 1675 1305 1738 otium
1330 1686 1392 1752 est3
1426 1677 1499 1740 nihil

140 1765 220 1824 enim
244 1771 294 1824 est
317 1763 413 1837 aliud,
439 1764 477 1824 ad
502 1764 578 1843 quod
603 1763 762 1842 praecipue
787 1762 981 1840 respondeas.

231 1849 309 1912 Illud
341 1851 444 1933 etiam·
463 1851 620 1913 occasione
652 1850 694 1911 sic
720 1851 834 1911 ferente
859 1868 979 1910 monere
1003 1848 1098 1924 volni,
1133 1850 1258 1929 eclipsin
1282 1852 1387 1914 Lunae
1411 1852 1498 1933 hujus

140 1940 256 2002 mensis
280 1936 348 2012 (10.
368 1940 487 2014 Febr),
512 1941 538 2001 si
563 1941 639 2000 forte
663 1938 745 1999 illam
769 1958 827 1999 non
851 1936 978 2010 uideris,
1002 1955 1056 2015 per
1080 1936 1206 1999 3horae
1231 1942 1414 2020 quadrantes
1438 1944 1499 2005 cir·

140 2029 218 2091 citer
240 2027 414 2089 viciniorem
439 2028 532 2089 fuisse
556 2027 634 2089 ortui
658 2026 754 2099 Solis,
788 2027 865 2107 quod
890 2027 933 2087 sic
958 2024 1131 2100 observavi,
1163 2046 1230 2087 cum
1261 2028 1424 2091 etiamnum
1448 2031 1497 2093 in-

140 2116 318 2179 strumentis
343 2136 471 2177 caream.
519 2115 645 2190 Curavi,
677 2123 710 2177 ut
742 2116 926 2193 horologium
958 2114 1083 2175 durante
1112 2114 1216 2193 eclipsi
1240 2134 1297 2176 non
1323 2125 1497 2183 mutaretur,

141 2205 324 2286 Principium
348 2206 469 2286 eclipsis
492 2202 650 2266 observavi
675 2204 713 2264 ad
737 2223 855 2265 cursum
879 2202 1039 2282 horologii,
1065 2210 1162 2264 ortum
1186 2201 1268 2264 Solis
1293 2204 1320 2265 in
1346 2205 1500 2270 horizonte

141 2313 250 2375 parum
273 2294 433 2355 admodum
459 2301 490 2354 et
514 2293 633 2373 quidem
655 2291 870 2354 insensibiliter
885 2299 1022 2352 montoso
1048 2290 1151 2352 itidem
1167 2293 1205 2352 ad
1221 2311 1338 2354 cursum
1354 2294 1500 2376 horologii

141 2382 258 2445 notavi.
297 2380 420 2444 Occidit
432 2383 519 2443 Luna
534 2383 563 2443 iu
588 2380 737 2456 tenebris,
763 2381 816 2442 sed
839 2387 1044 2460 postmontes
1069 2381 1157 2459 paulo
1182 2381 1374 2445 elevatiores.
1413 2382 1499 2454 Quo-

141 2472 299 2551 adusque
323 2471 424 2532 illuxit
452 2472 605 2550 nubesque
637 2470 840 2543 albescerent,
872 2488 992 2548 semper
1019 2468 1236 2531 occidentalior
1259 2488 1331 2549 pars
1355 2472 1499 2533 rubicun-

141 2561 210 2622 dior
231 2560 407 2635 ridebatur3
438 2568 613 2639 argumento
637 2559 668 2620 id
693 2558 762 2627 luit,
796 2559 925 2618 nondum
950 2576 1016 2618 esse
1046 2559 1173 2619 medium
1203 2548 1340 2637 eclipsis;
1374 2560 1417 2622 sic
1442 2562 1501 2624 ha·

141 2650 264 2710 bentem
294 2647 365 2710 mihi
396 2648 532 2727 eripuere
561 2654 689 2709 montes.
737 2647 794 2707 Hic
823 2646 913 2708 velim
944 2654 1026 2707 tuum
1058 2646 1161 2708 audire
1192 2646 1333 2726 judicium
1366 2649 1403 2710 de
1433 2669 1502 2712 mea

141 2738 350 2817 disputatione
380 2735 525 2816 superiori
557 2736 698 2814 Augusto
727 2735 905 2816 perscripta.
953 2734 1058 2795 Habes
1093 2735 1170 2795 eninr
1205 2736 1333 2814 plurima
1365 2737 1501 2817 phaeno-

140 2846 232 2889 mena
255 2825 336 2887 circa
359 2843 466 2906 corpus
490 2825 594 2887 Lunae
618 2830 650 2885 et
673 2842 706 2885 es
729 2843 775 2884 me
800 2824 917 2885 acutior
941 2823 1016 2883 visu.

231 2946 381 2999 Maestliuus
406 2947 430 2995 d.
449 2944 492 2995 22.
509 2947 567 3010 Apr.
586 2944 624 2994 his
643 2960 729 3009 pamm
755 2944 886 2994 admodum
910 2944 1043 3007 respondit.
1066 2942 1166 2993 diceus:
1196 2944 1235 2996 De
1255 2946 1339 3011 eclipsi
1360 2961 1424 3012 qnae
1442 2950 1502 3000 anri.

138 3022 177 3070 bis
199 3020 342 3083 nuperrima
369 3017 429 3067 nibil
453 3018 533 3066 habeo
552 3016 617 3081 quod
635 3031 680 3081 ego
700 3017 799 3066 addam.
837 3015 905 3065 Nihil
926 3016 1060 3069 observari.
1087 3017 1133 3064 uisi
1151 3018 1214 3081 quod
1241 3018 1295 3081 ipsa
1314 3018 1419 3068 durante
1441 3033 1504 3071 aura

140 3091 179 3142 vel
200 3096 245 3139 aer
272 3103 340 3139 more
359 3088 431 3137 solito
458 3089 569 3142 nimium.
595 3087 668 3135 veluti
689 3087 761 3136 Luna
784 3086 881 3143 silente,
911 3085 1097 3135 obscurabatur.
1135 3085 1236 3136 Caelum
1269 3088 1331 3137 adeo
1363 3090 1428 3152 apud
1458 3106 1503 3141 uos

140 3162 254 3213 nubilum
276 3162 331 3217 luit,
360 3167 389 3209 ut
408 3174 452 3223 per
472 3165 552 3208 totam
571 3164 670 3207 noctem
688 3159 748 3207 nihil
770 3159 902 3222 quicquam
924 3156 955 3205 da
979 3172 1079 3221 corpore
1099 3160 1152 3219 ejus
1174 3159 1256 3209 ridere
1282 3160 1409 3223 potuerim.
1447 3161 1503 3212 Hoc

139 3234 235 3283 malum
255 3233 316 3282 mihi
332 3231 497 3281 multo-toties
519 3228 623 3285 accidit,
646 3236 675 3278 ut
698 3245 746 3293 quo
768 3238 878 3291 temporo
899 3229 1006 3277 maxime
1025 3234 1113 3291 exopto
1139 3229 1234 3278 coelum
1251 3243 1376 3289 serenum,
1403 3234 1504 3283 minime

140 3306 251 3354 omnium
270 3317 384 3353 serenum
409 3301 514 3351 videam.
536 3325 568 3335 -
596 3298 709 3349 Pluribus
736 3301 851 3350 describit
870 3298 994 3362 Keplerus
1016 3298 1081 3347 hanc
1106 3299 1302 3350 observationem
1325 3300 1385 3365 Cap.
1410 3300 1454 3351 Vl.
1477 3299 1502 3353 9.

140 3383 167 3426 et
185 3374 244 3425 vn.
267 3371 307 3431 3.,
330 3373 484 3436 eandemque
502 3370 587 3434 Tycha
609 3371 634 3419 in
654 3372 718 3420 Hist.
743 3369 808 3420 Cael.
829 3385 853 3433 p.
868 3365 928 3419 853.
966 3368 1135 3433 Wittebergaa
1156 3370 1280 3429 habitam,
1305 3386 1353 3421 nec
1374 3387 1424 3422 uon
1438 3371 1502 3425 Lou-

141 3451 321 3513 montanus,
343 3445 384 3509 qui
403 3443 505 3506 eclipsin
527 3443 567 3500 „iu
587 3454 652 3507 pago
671 3442 875 3507 Lougomontauo
893 3442 973 3505 patrio
992 3454 1047 3488 meo
1066 3440 1134 3489 solo“
1155 3442 1300 3492 observarit.

228 3587 376 3638 Praemissia
400 3586 448 3636 buc
466 3598 544 3648 usque
563 3583 772 3634 obseruationibus
791 3584 933 3648 eclipsium,
962 3596 1023 3647 quae
1044 3588 1104 3632 aute
1123 3582 1216 3632 editum
1239 3597 1311 3633 suum
1330 3598 1390 3648 opus
1407 3583 1503 3644 habult.

140 3660 277 3726 quibusque
296 3674 327 3707 ex
344 3664 416 3723 parte
429 3657 527 3720 quidem
545 3670 603 3704 usus
623 3664 662 3706 est
679 3657 845 3705 fundamentis
864 3654 897 3704 ad
915 3654 1077 3703 extruendam
1095 3659 1191 3716 partem
1202 3656 1368 3704 astronomiae
1386 3657 1503 3719 opticam,

140 3734 192 3793 jam
212 3730 329 3779 addimus
355 3728 529 3778 rehactionum
554 3727 736 3791 inquisitionem
754 3725 869 3790 Kepleri,
897 3739 947 3789 qua
973 3724 1041 3774 lecta
1062 3723 1181 3785 judicium
1200 3724 1381 3789 quadamtenus
1398 3726 1503 3789 patebit,

140 3809 263 3866 quantum
276 3800 409 3863 profecerit
421 3798 544 3861 Keplerus
561 3804 671 3861 tempore
690 3800 754 3847 inter
773 3799 865 3847 editam
885 3794 999 3859 Opticarn
1019 3800 1044 3844 et
1062 3794 1226 3844 Hannoniam
1239 3796 1377 3858 interjecto.
1402 3795 1504 3863 Dlsqul·

142 3874 197 3921 sitio
216 3874 284 3922 enim
309 3871 373 3921 haec
392 3873 457 3919 inest
475 3868 551 3917 literis
570 3869 602 3917 ad
620 3868 781 3919 Maestlinum
800 3869 865 3917 datis
884 3867 909 3915 5.
929 3865 995 3930 Sept
1020 3862 1096 3914 tort.

141 4026 146 4037 ι
193 3943 322 4036 Keplerus
332 3943 425 3992 Linciia
435 3939 569 4034 Maeatlino
578 3943 710 4035 nuncians,
721 3954 785 4025 quae
798 3940 882 3989 studia
891 3946 945 3986 tum
1175 3971 1228 4038 rig.
1250 3969 1292 4022 16.

140 4031 264 4088 nemone
304 4015 467 4089 (adornare
491 4014 830 4092 se‚1nqmcnpnomen
854 4012 940 4071 Astr.

142 4102 386 4183 Ceperuicanae;
401 4105 560 4185 plurimum
575 4103 688 4183 negotii
703 4100 761 4164 sibi
772 4100 942 4161 exhibuisse

142 4192 260 4255 Lunam
285 4193 372 4268 duc),
403 4202 517 4264 adiunxit
535 4201 661 4267 problema
681 4199 728 4250 boc
751 4198 943 4263 geometricum:

141 4281 340 4360 Segmentum
364 4281 466 4342 circuli
489 4281 574 4345 ABC
599 4290 676 4354 esto,
700 4281 785 4359 cujus
808 4276 941 4359 sagittae

141 4370 197 4431 BD
220 4371 375 4451 proportio
390 4371 429 4430 ad
444 4372 541 4433 sinum
555 4369 610 4433 DC
627 4371 668 4431 sit
691 4390 741 4443 ea,
767 4387 842 4448 quae
871 4366 882 4428 1
903 4368 941 4428 ad

142 4458 195 4522 50.
242 4459 314 4520 Jam
338 4467 510 4538 expuncto
534 4460 562 4520 D
587 4468 675 4521 exeat
698 4467 801 4531 recta,
827 4455 942 4517 faciens

141 4568 207 4610 cum
228 4546 286 4610 DC
311 4548 451 4627 angulum
466 4546 549 4609 EDC
571 4544 639 4622 20⁰,
665 4547 817 4628 quaeritur
841 4545 941 4623 longi-

142 4639 215 4699 tudo
231 4637 330 4706 lineae
341 4636 406 4711 DE,
423 4657 476 4699 sen
491 4636 644 4716 proportio
660 4636 724 4714 ejus
735 4637 772 4695 ad
785 4634 848 4706 BD,
866 4632 942 4695 DC?

193 4725 251 4786 Hoc
269 4724 395 4789 problema
412 4726 448 4775 sic
466 4726 609 4774 solvendum
622 4739 724 4779 censeo.
744 4723 828 4773 scribit
846 4722 941 4771 Maest-

140 4798 205 4847 liuus
224 4794 359 4861 (ansepa
380 4812 404 4845 r.
419 4803 450 4845 st
469 4793 562 4858 ibib):
589 4795 627 4846 Sit
642 4795 764 4860 segmenti
783 4792 848 4843 ABG
872 4800 941 4842 cent·

140 4884 194 4918 rum
206 4869 242 4924 P.
262 4874 290 4918 et
307 4867 430 4916 ducantur
441 4866 517 4924 FDB,
537 4866 586 4929 FC,
605 4867 654 4922 ΓΕ.
672 4867 733 4915 item
745 4865 796 4914 BC.
826 4864 942 4925 Qualium

140 4947 201 5006 ergo
224 4938 283 4989 BD
307 4945 346 4988 est
366 4936 395 4995 l,
422 4938 509 4988 talium
528 4937 582 4987 DC
608 4938 681 4987 datur
699 4936 746 4993 503
772 4937 815 4986 sed
834 4936 943 4999 qualium

138 5011 187 5063 BD
207 5005 386 5072 atomon,
411 5008 499 5063 talium
525 5006 580 5062 DC.
598 5009 642 5060 tiet
659 5006 773 5058 500000.
811 5008 890 5077 igitur
916 5007 943 5058 ia
