3692 5842
359 470 426 540 reu
830 469 1248 535 scaranensem

444 649 571 723 Quinto,
600 669 638 709 an
662 648 831 709 ascendant
862 647 1008 726 imagines
1031 648 1060 707 in
1084 646 1278 726 proportione
1311 647 1429 707 sinuum
1460 643 1715 706 inclinationum?

355 739 487 801 Minime.
533 738 612 799 Nam
636 737 741 797 eadem
764 736 842 797 ratio
866 745 951 796 esset
974 754 1118 797 ascensus
1141 737 1170 796 in
1194 735 1332 797 omnibus
1354 733 1475 795 mediis.

443 829 492 887 An
522 844 593 905 ergo
627 835 714 886 sexto
746 825 872 903 primum
896 835 929 885 ct
950 825 981 885 in
1014 823 1253 904 perpendiculari
1285 823 1455 884 radiationc
1487 821 1662 882 exaltentur
1686 820 1716 879 iu

354 915 546 994 proportione
571 913 743 985 mediorum,
768 914 837 974 inde
853 914 950 993 magis
965 913 1120 992 magisque
1145 912 1311 973 ascendant
1325 913 1355 974 in
1378 910 1572 990 proportione
1596 907 1716 970 sinuum

355 1003 604 1065 inclinationum?
628 1001 749 1062 Etenim
768 1002 811 1062 sic
826 1001 981 1081 proportio
995 1020 1172 1063 ascensuum
1187 1010 1416 1079 componeretur
1428 1000 1573 1078 fieretque
1591 997 1718 1058 dircraa

354 1111 408 1172 per
432 1091 530 1153 media
553 1090 684 1151 diversa.
730 1090 824 1152 Nihil.
871 1091 951 1152 Nam
980 1089 1113 1151 calculus
1136 1090 1175 1151 ab
1204 1089 1391 1168 experientia
1418 1086 1626 1166 discrepabat
1674 1085 1718 1147 Et

354 1180 384 1242 in
416 1197 525 1258 genere
560 1180 672 1240 frustm
702 1179 885 1240 consulimus
917 1179 1076 1258 imaginem
1100 1185 1154 1239 aut
1184 1178 1282 1239 locum
1315 1176 1470 1255 imaginis,
1504 1183 1632 1255 propter
1658 1173 1717 1235 boc

354 1270 465 1347 ipsum,
490 1267 567 1346 qnod
590 1266 690 1346 imago
714 1274 773 1326 est.
820 1267 904 1328 Nihil
928 1267 1006 1328 enim
1037 1266 1148 1328 attinet
1171 1265 1260 1327 medii
1291 1265 1488 1338 densitatem,
1519 1263 1594 1325 nihil
1617 1262 1718 1342 ipsum

355 1357 436 1418 reale
459 1355 535 1417 lucis
558 1359 659 1426 παθος
684 1375 736 1416 seu
760 1354 938 1424 dranlucn,
968 1355 1037 1435 qnid
1061 1355 1137 1416 visui
1162 1354 1294 1429 accidat,
1320 1375 1358 1415 ex
1381 1353 1466 1433 cujus
1490 1371 1592 1414 errore
1615 1351 1718 1430 imago

355 1444 494 1506 resultat.

479 1580 509 1645 3.
540 1583 788 1662 Praeparatio
813 1583 856 1643 ad
881 1583 1141 1644 dimensionem
1165 1601 1285 1643 veram
1309 1580 1590 1644 refractionum.

444 1707 601 1769 Hactenus
625 1725 697 1785 ergo
722 1708 783 1767 lere
807 1726 929 1767 caecam
953 1706 1119 1785 inquirendi
1143 1706 1291 1766 rationem
1315 1706 1410 1767 secuti
1435 1724 1536 1767 snmus
1560 1713 1594 1766 et
1618 1705 1718 1766 lortu-

355 1814 426 1855 nam
451 1795 667 1856 invocavimus.
713 1796 783 1856 lam
808 1796 835 1856 in
859 1804 1014 1874 posterum
1037 1794 1163 1856 alterum
1196 1793 1407 1873 aperiebamus
1435 1795 1567 1867 oculum,
1602 1800 1720 1854 certam

357 1883 537 1944 insistentes
561 1883 742 1944 methodum.

443 1971 565 2033 Etenim
588 1990 654 2032 cum
678 1972 908 2051 perpenderem,
938 1970 1101 2049 imaginem
1125 1969 1167 2030 rei
1192 1970 1246 2030 snb
1275 1986 1353 2049 aqua
1375 1969 1460 2030 visae
1488 1969 1566 2030 adeo
1589 1968 1719 2047 propin·

356 2079 446 2139 quam
470 2079 538 2121 esse
563 2060 739 2121 dimensioni
763 2060 915 2139 legitimae
939 2059 1162 2129 refractionum
1188 2067 1221 2117 ut
1244 2076 1319 2135 pene
1343 2059 1541 2120 refractiones
1564 2058 1720 2126 metiatur,

358 2148 478 2210 humilis
507 2148 562 2220 sit,
594 2148 619 2209 si
648 2167 697 2209 res
726 2170 744 2209 a
772 2148 984 2227 perpendiculo
1017 2147 1202 2227 inspiciatur,
1232 2146 1378 2225 paulatim
1405 2148 1459 2207 liat
1490 2147 1596 2218 altior,
1631 2145 1721 2207 oculo

357 2255 464 2298 versus
489 2235 672 2298 horizontem
692 2256 788 2315 aquae
812 2236 1043 2315 procumbente:
1068 2255 1106 2296 ex
1126 2235 1224 2295 altera
1247 2253 1318 2297 vero
1337 2243 1424 2313 parte
1442 2235 1520 2296 ratio
1540 2235 1606 2314 jam
1630 2233 1721 2295 modo

356 2324 438 2385 dicta
461 2332 604 2403 negaret,
639 2325 666 2384 in
692 2325 822 2403 imagine
855 2325 1057 2403 quaerendam
1086 2342 1154 2385 csse
1183 2324 1416 2398 dimensionem,
1448 2330 1613 2403 propterea
1640 2321 1721 2403 qnod

356 2413 455 2492 imago
478 2413 594 2474 existet
616 2432 673 2473 non
697 2414 786 2491 plane
811 2433 847 2473 er
866 2412 908 2474 rei
933 2419 1050 2485 natura,
1076 2413 1129 2472 sed
1154 2412 1242 2472 simul
1261 2431 1299 2472 ex
1322 2412 1498 2490 deceptione
1521 2411 1617 2483 visus,
1641 2428 1721 2491 qnae

356 2501 496 2562 accidens
525 2511 573 2561 est
600 2501 643 2561 rei
673 2501 786 2579 ipsius:
816 2520 852 2560 ex
877 2502 982 2561 harum
1010 2501 1130 2580 inquam
1160 2499 1353 2578 pugnantium
1382 2500 1531 2561 rationum
1556 2499 1720 2561 collatione

357 2590 481 2650 tandem
504 2588 598 2652 subiit
622 2588 761 2661 animum,
787 2608 896 2649 causas
916 2589 999 2668 ipsas
1019 2589 1158 2667 imaginis
1173 2589 1202 2649 in
1222 2608 1301 2668 aqua
1324 2588 1508 2649 constitutae
1532 2588 1721 2667 investigare

357 2678 440 2738 etin
469 2677 516 2738 his
549 2677 649 2737 causis
683 2678 898 2738 dimensionem
932 2678 1151 2738 refractionum.
1200 2674 1309 2756 Opinio
1342 2677 1416 2738 haec
1450 2686 1537 2738 tanto
1565 2677 1666 2755 magis
1690 2675 1719 2738 in

356 2784 404 2826 me
433 2765 490 2826 fuit
517 2766 706 2838 confirmata,
741 2767 819 2845 quod
852 2765 999 2838 viderem,
1034 2785 1156 2826 cansam
1187 2764 1327 2843 imaginis
1357 2774 1390 2825 et
1417 2764 1446 2825 in
1475 2766 1609 2844 speculis
1633 2773 1667 2826 et
1688 2765 1719 2826 in

357 2854 653 2931 aquis*apparentis
677 2853 715 2914 ab
749 2854 858 2933 opticis
882 2872 940 2914 non
973 2874 1041 2914 esse
1076 2853 1208 2933 legitime
1242 2854 1414 2914 indicatam.
1461 2853 1503 2914 Et
1531 2853 1602 2914 hinc
1635 2853 1719 2933 origo

359 2940 471 3002 laboris
495 2941 584 3013 illius,
619 2960 706 3020 quem
730 2961 822 3022 supra
845 2962 911 3021 cap.
938 2942 993 3001 lll.
1026 2942 1221 3021 suscepimus.
1267 2942 1373 3021 Neque
1403 2961 1476 3002 sane
1509 2941 1671 3004 mediocris
1694 2941 1720 3001 is

358 3039 433 3099 crat,
458 3030 526 3089 dum
551 3029 629 3089 inter
652 3030 801 3108 principia
824 3032 853 3091 in
878 3051 908 3091 re
935 3040 997 3090 tam
1025 3031 1168 3109 perplexa
1191 3048 1245 3109 pro
1270 3030 1355 3091 falsis
1384 3030 1550 3109 opticorum
1574 3030 1719 3091 traditio·

358 3117 445 3178 nibus
475 3118 551 3178 alias
582 3118 676 3178 salsas
710 3119 866 3197 opiniones
894 3137 1023 3196 sequor:
1055 3119 1124 3179 dum
1154 3127 1201 3178 ter
1231 3127 1337 3197 quater
1370 3118 1462 3179 aliam
1491 3118 1599 3179 insisto
1630 3119 1718 3190 viam,

358 3213 453 3265 totum
482 3205 633 3284 negotium
663 3207 699 3266 de
729 3226 805 3267 novo
836 3215 959 3285 repeto;
992 3208 1159 3286 totiesque,
1185 3216 1218 3266 ut
1245 3207 1292 3278 fit,
1317 3207 1348 3267 id
1377 3206 1488 3285 ipsum,
1524 3206 1603 3285 quod
1634 3217 1718 3267 tanto

360 3294 467 3354 ardore
487 3295 697 3373 quaerebatur,
722 3295 882 3356 temeraria
900 3296 1096 3374 persuasione
1115 3313 1168 3373 pro
1179 3295 1244 3373 jam
1260 3293 1381 3355 invento
1402 3295 1500 3355 animo
1525 3296 1719 3375 complector.

447 3382 488 3442 Et
512 3383 588 3443 hunc
613 3383 732 3462 quidem
760 3383 944 3462 catoptrices
978 3384 1087 3443 nodum
1111 3382 1225 3444 Gordio
1260 3383 1458 3443 difficiliorem
1487 3384 1554 3444 sola
1578 3384 1720 3463 analogia

357 3471 479 3532 tandem
505 3471 603 3545 secui,
636 3472 674 3531 ad
699 3491 765 3531 cum
790 3473 907 3532 modum
933 3489 1018 3550 quem
1043 3489 1134 3549 snpra
1158 3471 1319 3549 descripsi:
1350 3472 1419 3533 dum
1442 3473 1611 3551 perpendo,
1643 3490 1718 3552 quae

357 3560 385 3621 in
410 3561 540 3637 speculis
565 3559 773 3637 contingerent
788 3568 820 3620 et
838 3580 915 3639 quae
936 3560 965 3620 in
989 3559 1074 3638 aquis
1090 3560 1127 3619 ad
1152 3560 1269 3621 illorum
1294 3559 1519 3621 similitudinem
1543 3561 1718 3640 contingere

356 3656 591 3709 consentaneum
625 3658 717 3708 essct.
770 3648 892 3709 Etenim
921 3648 951 3708 in
980 3648 1110 3726 speculis
1143 3648 1288 3726 imagines
1317 3658 1405 3710 extra
1433 3650 1530 3711 locum
1561 3650 1604 3710 rei
1637 3649 1719 3710 visae

356 3738 488 3797 collocat
512 3756 569 3796 non
595 3736 722 3797 materia
746 3737 821 3808 ulla,
852 3736 904 3797 sed
929 3738 996 3797 sola
1024 3736 1211 3815 repercussio
1235 3757 1254 3796 a
1276 3737 1373 3815 polita
1401 3737 1567 3816 superficie.
1617 3737 1718 3807 Quare

356 3826 539 3903 sequebatur
563 3833 594 3884 ct
617 3824 645 3884 in
671 3824 766 3902 aquis,
792 3824 937 3903 imagines
961 3826 1125 3885 ascendere
1149 3834 1181 3886 et
1204 3825 1370 3903 superficiei
1395 3827 1638 3904 appropinquare
1663 3844 1719 3886 non

357 3911 396 3972 ad
421 3913 504 3990 leges
529 3911 691 3973 densitatis
714 3914 744 3973 in
770 3933 848 3992 aqua
871 3913 993 3991 majoris
1016 3913 1064 3973 vel
1088 3913 1224 3985 minoris,
1250 3923 1338 3991 prout
1367 3915 1476 3975 rectior
1499 3915 1546 3975 vel
1571 3914 1719 3994 obliquior

357 4009 441 4061 esset
472 4000 611 4070 intuitos,
646 4000 698 4059 sed
732 4013 856 4079 propter
889 4002 984 4062 solam
1020 4001 1231 4063 refractionem
1265 4003 1380 4063 luculae
1410 4022 1446 4062 cx
1475 4022 1507 4063 re
1534 4003 1565 4064 in
1600 4003 1718 4065 oculum

357 4089 504 4167 allapsae.
544 4086 611 4158 Quo
635 4088 678 4149 sic
703 4090 811 4166 posito,
838 4090 977 4169 quicquid
1002 4108 1093 4168 supra
1110 4109 1164 4168 per
1183 4089 1343 4168 imaginem
1368 4092 1493 4170 ejusque
1517 4092 1718 4153 elevationem

357 4176 386 4237 in
418 4177 603 4238 dimensione
640 4177 849 4238 refractionem
889 4188 1093 4251 tentaveram,
1128 4178 1217 4257 plane
1255 4179 1444 4239 concidebat.
1503 4179 1595 4259 ldque
1632 4188 1719 4241 tauto

357 4266 468 4343 magis,
492 4275 653 4344 postquam
677 4283 799 4326 causam
822 4267 981 4344 genuinam
1005 4267 1120 4338 inveni,
1152 4287 1204 4328 cur
1232 4279 1314 4327 esset
1344 4268 1443 4346 imago
1467 4268 1495 4329 in
1521 4269 1628 4330 eadem
1652 4287 1718 4330 cum

357 4373 389 4414 re
412 4355 481 4432 ipsa
503 4354 743 4432 perpendiculari
769 4363 829 4415 tam
854 4356 883 4415 in
909 4356 1040 4435 speculis
1065 4374 1153 4433 quam
1176 4356 1205 4415 in
1230 4356 1336 4417 mediis
1362 4357 1562 4418 densioribus.

448 4439 523 4503 Cum
539 4459 609 4518 ergo
629 4459 682 4519 per
706 4443 876 4522 analogiam
901 4444 1068 4522 hujusmodi
1093 4442 1223 4504 feliciter
1246 4445 1391 4504 cessisset
1406 4446 1434 4505 in
1460 4445 1718 4507 demonstratione

357 4528 534 4591 difficillima
573 4530 609 4589 de
641 4530 706 4589 loco
741 4531 897 4608 imaginis:
943 4533 1026 4610 coepi
1061 4532 1137 4592 lianc
1171 4532 1358 4611 analogiam,
1393 4534 1513 4594 illectus
1549 4534 1717 4613 cupiditate

357 4618 532 4679 dimetiendi
558 4618 764 4693 retractiones,
791 4620 914 4681 ulterius
940 4620 1088 4700 persequi.
1136 4618 1289 4698 Optabam
1316 4622 1392 4682 enim
1419 4631 1522 4683 tenere
1547 4640 1717 4684 mensuram

357 4706 587 4780 refractionum‚
622 4707 812 4785 quantumvis
844 4727 983 4781 caecam,
1018 4708 1175 4769 dummodo
1207 4710 1356 4789 aliquam:
1388 4721 1474 4772 certa
1497 4730 1568 4789 spe,
1595 4714 1658 4773 lore
1686 4719 1719 4770 ut

356 4812 498 4857 mensura
522 4794 653 4873 legitime
678 4796 799 4873 cognite
823 4816 916 4856 causa
941 4816 1056 4876 qnoque
1081 4809 1262 4876 patesceret.
1310 4798 1362 4859 Sic
1387 4818 1459 4878 ergo
1483 4801 1613 4878 perrexi.

447 4882 706 4955 Quemadmodum
730 4884 758 4945 in
792 4884 921 4963 speculis
956 4886 1097 4945 convexis
1127 4886 1222 4947 minor
1246 4887 1279 4947 fit
1302 4888 1343 4948 rei
1369 4889 1476 4966 imago,
1503 4889 1548 4949 sic
1572 4888 1665 4950 etiam
1688 4888 1716 4948 in

358 4970 465 5034 mediis
497 4970 679 5035 rarioribus:
712 4982 743 5034 et
772 4982 805 5034 ut
827 4973 856 5035 in
885 4975 1017 5051 speculis
1050 4973 1191 5036 concavis
1223 4974 1322 5055 imago
1350 4978 1384 5038 lit
1413 4978 1525 5057 major,
1560 4979 1605 5039 sic
1633 4987 1667 5039 et
1687 4977 1717 5039 iu
