3692 5842
258 527 260 532 ·
353 490 412 560 162
821 491 1011 559 Paralipomsna
1029 495 1055 545 in
1073 493 1237 546 Vitellionem.

347 680 410 733 tam
439 672 582 733 minutam
616 672 764 750 picturam
790 674 853 733 luce
884 682 946 732 tam
974 674 1106 752 maligna
1139 673 1320 735 illustratam
1348 671 1480 752 capiant.
1530 668 1651 734 Contra
1682 673 1707 732 si

348 761 433 822 laxes
458 762 609 832 foramen,
643 771 728 822 tanto
759 761 877 841 quidem
910 762 1018 823 clarior
1042 771 1072 823 et
1104 762 1271 824 evidentior
1294 762 1346 823 sed
1370 770 1402 822 et
1430 769 1516 823 tanto
1546 761 1651 822 rudior
1675 771 1708 822 et

347 850 497 912 confusior
526 849 583 911 erit
613 849 739 928 pictura.
788 852 892 928 ltaque
926 851 1110 912 moderatum
1142 853 1273 911 foramen
1309 859 1429 929 oportet
1458 870 1539 913 esse.
1586 849 1709 912 Deinde

348 939 375 999 si
398 939 499 1017 paries
524 959 541 997 a
567 939 710 999 foramine
734 941 858 999 multum
884 939 987 1011 distet,
1012 941 1130 1018 pictura
1149 940 1265 1018 quidem
1291 939 1493 1018 distinguetur
1516 939 1709 1018 exquisitius,

347 1036 531 1089 vanescente
555 1030 746 1107 proportione
771 1028 923 1089 foraminis
949 1029 987 1088 ad
1011 1030 1205 1089 distantiam:
1232 1037 1263 1089 at
1287 1028 1343 1089 lroc
1367 1028 1499 1089 vicissim
1524 1028 1707 1090 iocum-odi

347 1116 490 1196 sequitur,
516 1117 594 1196 quod
620 1118 745 1178 lucentis
769 1118 885 1178 colores
910 1126 1110 1178 extenuantur
1130 1117 1254 1196 longius,
1280 1126 1311 1178 et
1329 1117 1427 1179 visum
1450 1117 1604 1178 tenuiores
1629 1117 1707 1178 facti

347 1205 524 1268 imbecillius
557 1217 693 1279 movent,
729 1207 864 1286 quodque
896 1214 967 1280 abr,
1001 1208 1049 1286 qui
1081 1206 1182 1267 estin
1212 1226 1351 1279 camera,
1386 1207 1498 1268 mixtus
1530 1205 1710 1285 pulvisculis

347 1294 523 1376 profundius
559 1295 729 1356 inclarescit
762 1305 793 1355 et
830 1295 954 1372 parietis
992 1296 1138 1373 picturam
1176 1295 1353 1356 claritudine
1387 1295 1539 1376 opprimit.
1598 1294 1710 1374 ltaque

347 1384 466 1445 colores
491 1383 619 1462 maligue
644 1386 681 1443 ad
711 1386 857 1463 parietem
882 1384 968 1445 nimis
998 1383 1160 1445 distantem
1194 1383 1382 1464 perveniunt,
1419 1386 1505 1462 longe
1536 1383 1711 1444 evidentius

347 1490 493 1553 papyrum
517 1473 617 1533 albam
643 1475 753 1534 feriunt
776 1483 808 1534 et
835 1474 972 1533 colorant
995 1493 1014 1532 a
1036 1473 1199 1552 propinquo
1230 1473 1385 1533 foramine.
1434 1473 1518 1534 Idem
1540 1472 1709 1534 tenendum

348 1561 384 1623 de
409 1568 478 1622 aiere
504 1571 535 1622 et
558 1562 705 1623 distantia
730 1563 887 1623 forinseca.
926 1563 1005 1624 Nam
1029 1562 1088 1621 etsi
1111 1562 1176 1641 quis
1201 1560 1314 1622 directe
1333 1581 1382 1623 res
1406 1571 1540 1623 remotas
1563 1567 1707 1623 contem·

348 1651 454 1730 pletur‚
479 1651 561 1711 color
585 1670 687 1711 earum
711 1660 889 1712 extenuatus
915 1650 1090 1712 imbecillius
1114 1661 1214 1711 movet
1236 1649 1332 1712 visum
1357 1660 1390 1712 et
1412 1650 1540 1730 tingitur
1562 1650 1707 1712 caeruleo

348 1738 462 1818 copiosi
479 1738 558 1800 airis
574 1738 724 1818 interjecti
743 1741 842 1800 colore
857 1740 1087 1819 offuscaturque,
1113 1740 1213 1818 sicque
1230 1739 1321 1799 etiam
1337 1740 1365 1799 in
1385 1758 1536 1801 cameram
1555 1739 1706 1819 pervenit.

441 1825 590 1889 Conducit
614 1838 645 1890 et
674 1829 744 1890 foris
776 1829 884 1889 vallum
919 1829 1066 1909 qrrnddam
1102 1828 1186 1908 quiasi
1216 1828 1342 1888 frontem
1372 1848 1523 1908 opponere
1554 1827 1708 1898 foramini,

301 1981 313 2005 κ
350 1936 387 1979 ne
411 1917 524 1977 coelum
550 1917 596 1978 vel
620 1925 673 1978 abr
696 1919 846 1996 regionem
881 1919 1005 1996 parietis
1030 1917 1086 1978 sibi
1118 1916 1265 1996 objectam
1298 1917 1389 1978 nimia
1420 1919 1561 1979 claritate
1592 1917 1709 1979 imbuat

349 2006 451 2087 sicque
475 2006 626 2067 imbecilla
644 2007 735 2085 juxta
750 2007 840 2067 fortia
863 2007 965 2086 posita
989 2007 1177 2075 delitescant,
1202 2017 1253 2065 aut
1269 2012 1322 2065 a'er
1336 2007 1417 2068 intus
1442 2006 1531 2068 nimis
1555 2007 1710 2068 clarescat

349 2102 380 2157 et
403 2095 519 2156 colores
544 2094 571 2154 iu
600 2097 716 2173 pariete
745 2096 848 2156 diluat.
897 2095 1035 2157 Omnium
1068 2094 1235 2156 clarissima
1268 2095 1326 2155 erit
1355 2096 1492 2173 pictura,
1527 2096 1555 2157 si
1579 2095 1635 2158 Sol
1660 2115 1710 2158 res

351 2184 625 2264 repraesentandae
650 2185 846 2245 illustraverit
870 2185 983 2246 directe
1007 2184 1152 2245 horizonti
1177 2183 1300 2245 vicinus.

439 2272 608 2334 Fnrarninis
641 2274 735 2335 eutrici
775 2275 1029 2352 importunitatem
1060 2274 1087 2333 in
1122 2272 1262 2334 crassiori
1291 2291 1374 2333 muro
1409 2272 1492 2333 rimis
1521 2272 1549 2334 in
1581 2285 1710 2354 utraque

348 2362 423 2425 muri
448 2362 602 2441 superficie
618 2364 731 2443 apertis
747 2363 921 2436 declinabis,
947 2363 990 2422 ita
1005 2362 1168 2423 irranebunt
1191 2362 1326 2441 integrae
1342 2363 1405 2421 fere
1420 2362 1494 2422 muri
1520 2361 1707 2441 superficies.

441 2450 593 2530 Expectat
619 2453 749 2513 fortasse
770 2452 872 2525 lector,
897 2464 930 2513 ut
944 2452 974 2510 J.
990 2451 1027 2511 B.
1043 2450 1164 2512 Portam
1189 2450 1236 2510 liic
1252 2469 1305 2529 per
1328 2449 1443 2531 reliqua
1466 2451 1607 2522 artificia,
1632 2471 1710 2532 qnae

349 2540 440 2602 babet
472 2540 547 2600 libro
584 2540 634 2603 17.
659 2540 780 2620 Magiae
811 2561 933 2621 sequar,
969 2540 1022 2600 sed
1051 2541 1107 2601 huc
1135 2558 1230 2619 neque
1264 2538 1422 2601 methodus
1451 2559 1505 2600 nec
1535 2538 1711 2604 institutum

350 2648 447 2691 meum
471 2628 539 2690 fert.

437 2717 526 2797 Prap.
552 2718 638 2778 Vlll.
692 2717 827 2795 Figura
860 2716 954 2777 radii
977 2714 1078 2777 Solis
1116 2715 1173 2776 vel
1197 2716 1321 2776 Lunae
1353 2716 1484 2794 plenae
1516 2734 1584 2795 per
1609 2717 1709 2778 fene·

349 2817 463 2870 stram
498 2807 646 2885 figurae
677 2806 867 2885 angularis
902 2806 1064 2884 ingressi
1098 2823 1275 2884 eousque,
1311 2814 1349 2864 ut
1380 2805 1502 2867 minor
1536 2807 1592 2869 sit
1625 2824 1709 2886 pro·

351 2895 476 2978 portio
501 2895 694 2955 fenestrae
719 2896 764 2954 ad
792 2914 890 2956 snam
915 2915 933 2954 a
956 2895 1104 2973 pariete
1136 2893 1373 2965 distantiam,
1406 2913 1511 2973 quam
1534 2893 1642 2958 Solis
1666 2896 1710 2956 ad

350 3004 470 3058 suam,
502 2984 687 3063 paulatim
721 2985 838 3063 nragis
872 2992 983 3062 atque
1017 2982 1129 3061 magis
1163 2983 1206 3042 ad
1239 2982 1512 3045 rotunditatem
1546 2984 1711 3054 accedit,

350 3091 419 3153 quo
453 3073 605 3153 longius
630 3094 648 3133 a
672 3075 839 3134 fenestra
869 3071 1123 3151 progreditur.
1170 3068 1245 3132 Cum
1271 3090 1298 3131 n.
1333 3072 1487 3134 circularis
1513 3073 1712 3136 luminaribus

353 3163 450 3242 figura
473 3162 531 3234 sit,
563 3182 620 3240 (pua
654 3163 807 3223 incurrunt
831 3162 860 3221 iu
884 3161 1019 3234 oculos,
1040 3179 1092 3238 per
1116 3168 1233 3220 sextam
1268 3159 1358 3238 igitur
1390 3171 1477 3239 patet
1510 3162 1711 3242 propositum.

351 3252 456 3331 ltaque
473 3269 530 3311 nou
546 3262 594 3311 est
609 3270 709 3311 verum
725 3251 910 3329 simpliciter,
927 3269 979 3328 per
1000 3250 1159 3327 angulares
1176 3250 1325 3310 fenestras
1345 3251 1522 3329 angularem
1539 3252 1711 3330 ingressum

350 3341 379 3403 in
403 3359 565 3420 progressu
600 3341 747 3420 exquisite
781 3339 939 3401 rotundum
964 3340 1036 3398 fieri.
1085 3339 1229 3400 Defectus
1253 3358 1280 3399 n.
1307 3339 1481 3399 insensum
1511 3340 1659 3412 incurrit,
1684 3340 1708 3400 si

352 3430 522 3490 accuratius
546 3430 696 3508 inspicias.
736 3427 821 3499 Qurae
839 3428 915 3488 falsa
940 3427 1094 3505 persuasio
1117 3436 1250 3488 veterum
1277 3427 1398 3505 ingenia
1417 3435 1580 3508 tantopere
1610 3432 1709 3492 torsit.

350 3519 443 3579 Porro
469 3538 505 3578 ex
540 3519 645 3579 iisdem
678 3518 831 3597 principiis
863 3527 964 3595 patet,
998 3517 1022 3576 si
1056 3517 1190 3576 fenestra
1219 3517 1259 3576 sit
1291 3516 1463 3589 circularis,
1497 3518 1616 3580 radium
1649 3519 1713 3580 fore

350 3607 534 3680 circularem,
560 3609 583 3667 si
610 3607 815 3686 quuadrangnla
841 3607 950 3683 ampla,
975 3606 1088 3665 radium
1109 3624 1166 3665 non
1191 3606 1280 3683 plane
1304 3606 1543 3685 quadrangulum
1569 3609 1714 3676 futurum,

354 3698 407 3758 sed
433 3697 605 3758 obtusorum
630 3697 803 3774 angulorum
829 3695 858 3754 in
882 3694 1021 3754 circulum
1046 3694 1246 3754 reductorum.

439 3786 528 3864 l’rop.
556 3785 609 3846 lli.
659 3784 824 3844 Deficiente
853 3781 924 3843 Sole
966 3783 1084 3843 deliciet
1115 3794 1145 3843 et
1174 3783 1290 3861 species
1323 3783 1467 3844 illustrati
1501 3783 1632 3862 parietis
1661 3803 1715 3864 per

351 3874 554 3954 qualecunque
581 3876 713 3933 foramen
739 3882 801 3932 tam
827 3873 887 3933 alte
912 3871 1102 3943 intromissa,
1127 3882 1160 3932 ut
1184 3871 1278 3932 ruinor
1302 3872 1342 3932 sit
1368 3872 1520 3934 fenestrae
1554 3874 1716 3953 proportio

352 3963 390 4024 ad
414 3962 599 4033 distantiam,
626 3981 713 4040 quam
739 3959 819 4020 Solis
844 3962 881 4020 ad
906 3981 1000 4020 suam.
1048 3959 1122 4022 Cum
1148 3982 1174 4022 n.
1206 3960 1364 4039 deliquium
1389 3960 1471 4024 Solis
1502 3962 1661 4026 eorrsistat
1684 3964 1714 4024 in

352 4059 433 4112 motu
458 4053 558 4112 latinae
583 4052 637 4111 sub
653 4050 734 4111 Solis
759 4068 891 4127 corpore.
918 4069 974 4127 quo
1000 4060 1081 4109 irrotu
1106 4072 1124 4109 a
1147 4049 1293 4127 principio
1318 4051 1355 4109 ad
1381 4053 1468 4112 linear
1494 4052 1624 4116 subinde
1650 4053 1715 4114 alia

353 4149 442 4218 atque
468 4142 527 4200 alia
553 4140 633 4201 Solis
658 4139 794 4217 species,
829 4139 932 4198 binata
965 4152 1064 4198 tarro-u
1099 4158 1216 4216 semper
1240 4160 1290 4196 seu
1322 4140 1509 4202 corniculata
1541 4143 1717 4210 exhibetur,

353 4233 404 4290 liet
428 4231 505 4309 (period
531 4230 557 4288 in
591 4228 794 4306 propositione
829 4229 958 4306 septima
992 4227 1168 4298 dirimimus,
1203 4228 1288 4302 cujus
1320 4229 1375 4287 buc
1408 4248 1525 4308 quicque
1560 4233 1717 4291 translata

354 4318 437 4378 valet
461 4317 687 4377 demonstratio.
726 4315 839 4375 Eodem
861 4317 946 4376 ruoilo
968 4316 1168 4392 depinguntur
1187 4317 1225 4374 ad
1242 4315 1387 4392 parietem
1404 4327 1433 4378 et
1451 4319 1555 4378 itunae
1581 4319 1716 4399 eclipses

355 4406 479 4486 ejusque
504 4407 614 4485 plrases
639 4417 726 4464 noctu
752 4407 835 4463 visae
859 4406 911 4464 sed
938 4405 1102 4464 obscurius.

445 4494 590 4573 l‘rup.X.
632 4494 666 4553 lu
693 4494 817 4571 speon
844 4494 897 4552 vel
924 4493 1027 4553 radio
1048 4490 1151 4553 Solis
1175 4492 1396 4553 deficientis
1415 4512 1483 4572 per
1508 4495 1716 4559 fenestram

356 4582 609 4644 orbicularem
634 4581 798 4659 legitime
830 4581 1051 4642 intromissa
1080 4601 1214 4641 cornua
1246 4603 1314 4642 uon
1341 4593 1377 4643 ut
1403 4584 1437 4642 iu
1462 4585 1567 4644 coelo
1593 4599 1717 4652 aeota,

357 4672 418 4730 sed
449 4672 480 4730 iu
515 4671 681 4730 obtusum
716 4671 866 4729 reducta
900 4684 1078 4748 apparent
1113 4669 1274 4730 orbiculo
1310 4672 1516 4732 fenestrae.
1565 4672 1617 4735 Sit
1641 4693 1718 4736 vera

357 4760 473 4838 species
511 4760 630 4820 inuersa
660 4757 739 4818 Solis·
780 4759 944 4818 deficientis
976 4759 1087 4818 lutt'l]
1129 4759 1225 4837 ‹purrulis
1258 4770 1288 4820 et
1330 4770 1441 4839 quanta
1484 4780 1538 4840 per
1577 4777 1717 4824 centrum

360 4849 508 4908 fenestrae
545 4847 637 4908 influit
669 4866 720 4927 per
753 4848 938 4907 corollarium
974 4849 1098 4916 tertiae,
1130 4847 1156 4906 iu
1191 4849 1274 4926 cujus
1308 4851 1450 4911 extremis
1480 4851 1524 4922 D,
1550 4851 1592 4918 E,
1619 4853 1662 4926 t·,
1689 4857 1717 4916 A

358 4937 528 5000 scribantur
556 4937 656 4999 circuli
682 4937 822 5016 aequales
849 4937 1012 5010 fenestrae,
1037 4935 1108 5001 Dll.
1134 4935 1207 5008 EG,
1233 4938 1300 5010 tr,
1326 4938 1381 4999 sill
1406 4958 1460 5018 per
1484 4943 1663 5004 secundam.
