3692 5842
192 521 196 532 .
240 491 306 556 418
837 488 866 537 ln
889 486 1005 550 Opticam

240 671 404 726 illuminato.
434 671 589 738 Propterea
609 675 639 720 et
660 684 758 719 causas
780 665 963 735 experimenti
985 666 1091 719 tentari
1112 666 1267 723 infeliciter.
1296 667 1367 723 Nam
1384 669 1438 722 boc
1458 667 1602 732 carnari,

240 769 327 822 aquas
349 751 437 803 minus
459 752 492 801 de
514 756 575 801 atro
606 747 775 817 participare
797 763 876 816 quam
899 753 998 801 terras.
1040 746 1091 808 Qui
1113 746 1185 801 enim
1211 749 1263 802 hoc
1290 765 1387 804 verum
1410 765 1476 802 esse
1506 749 1603 818 possit.

241 849 302 885 cum
323 840 416 884 terrae
448 828 525 899 aquis
556 828 659 882 tinctae
690 827 827 895 nigriores
858 829 1001 879 evadant?
1023 825 1069 880 dc.
1111 827 1186 880 Nihil
1207 846 1250 882 me
1272 829 1343 882 liber
1374 845 1452 882 mens
1481 827 1603 898 impedit,

240 930 292 983 quo
314 911 401 965 minus
424 917 452 963 te
474 909 590 971 audiam,
614 915 711 961 contra
731 923 773 959 mo
796 907 976 960 disserentem
991 905 1038 961 &a
1066 908 1110 959 Do
1131 908 1255 962 maculas
1276 903 1400 978 (Lunae)
1422 926 1487 963 esse
1506 907 1602 970 maria

241 995 274 1045 do
296 991 402 1044 lucidas
424 997 519 1058 partes
541 1007 602 1041 esse
624 996 734 1041 terram.

331 1077 444 1127 Pluribus
463 1077 494 1125 da
512 1076 559 1125 hoo
578 1077 630 1140 agit
649 1077 674 1123 in
695 1074 827 1132 „Somnio“
853 1071 919 1121 hunc
937 1073 963 1122 in
981 1074 1095 1122 modum:
1131 1069 1174 1120 Ad
1195 1069 1312 1121 eundem
1331 1071 1442 1124 modurn
1463 1068 1550 1123 etiam
1571 1069 1604 1123 de

240 1150 377 1208 Terrestri
399 1151 484 1220 globo
515 1151 690 1202 statuendum
718 1157 774 1210 est,
806 1162 937 1201 occanum
958 1153 988 1199 et
1008 1148 1096 1200 marin
1126 1148 1207 1201 terris
1238 1148 1375 1203 interfusa
1404 1149 1603 1204 obscuritatem

243 1234 364 1293 induere,
388 1230 559 1283 continentes
582 1246 646 1281 vero
668 1237 697 1280 et
723 1227 828 1281 insulas
850 1227 910 1278 luce
932 1227 1003 1280 Solis
1025 1227 1125 1281 eximie
1150 1228 1384 1298 resplendescere.
1427 1231 1507 1292 Quod
1528 1231 1602 1299 prius

243 1314 271 1366 in
293 1311 460 1365 contrariam
481 1310 583 1362 iveram
605 1307 784 1369 sententiam,
814 1322 900 1359 causa
920 1307 991 1359 haec
1013 1308 1079 1370 tuit,
1111 1307 1176 1377 quia
1196 1309 1299 1362 Terrae
1328 1309 1491 1379 superficies
1512 1309 1601 1364 uarios

243 1391 331 1445 induit
352 1391 467 1452 colores,
490 1406 579 1460 aquae
601 1389 692 1442 colore
714 1404 814 1439 vacare
836 1389 1027 1441 censebantur.
1058 1388 1150 1440 Omnis
1172 1394 1266 1441 autem
1283 1389 1360 1441 color
1380 1399 1497 1458 praeter
1511 1389 1601 1442 albam

241 1474 345 1543 gradus
367 1479 411 1523 est
432 1472 467 1523 ad
495 1468 672 1539 nigredinem.
713 1467 783 1520 Sunt
805 1482 870 1519 vero
900 1467 1169 1536 resplendescentiae
1195 1467 1301 1521 luminis
1327 1469 1435 1524 Solaris
1465 1469 1601 1540 analogae

244 1551 407 1605 obscuritati
428 1549 644 1619 superficierum,
676 1550 746 1601 unde
768 1546 999 1615 repercutiuntur.
1047 1547 1130 1601 Aliud
1162 1555 1355 1619 argumentum
1386 1549 1601 1620 suppeditabant

242 1648 341 1703 aquae.
383 1632 452 1684 Nam
474 1637 610 1699 utcunque
633 1629 691 1699 quis
720 1626 880 1697 superficies
907 1626 993 1694 juxta
1021 1628 1134 1683 invicem
1162 1629 1268 1699 positas
1299 1629 1446 1684 intueatur
1470 1637 1601 1684 terraram

241 1721 271 1765 et
293 1727 433 1781 aquarum,
466 1726 574 1779 semper
604 1709 765 1781 nigrescunt
790 1715 899 1769 terrae,
931 1707 1079 1775 splendent
1099 1726 1197 1779 aquae.
1224 1738 1253 1747 -
1299 1710 1378 1771 Quod
1403 1727 1471 1765 rero
1503 1709 1599 1762 attinet

244 1792 351 1845 colores
374 1798 515 1853 terrarum,
539 1789 663 1859 equidem
683 1788 793 1850 rectius,
816 1788 914 1840 saltem
931 1803 1019 1858 aequo
1036 1787 1100 1856 jure
1118 1789 1229 1852 dixeris,
1253 1806 1345 1842 omnes
1360 1791 1470 1844 colores
1492 1801 1599 1858 praeter

243 1873 354 1942 nigrum
374 1873 478 1940 gradus
500 1889 561 1923 esse
583 1871 616 1922 ad
638 1870 726 1922 lucem
748 1885 853 1937 puram.
896 1867 974 1928 Quod
1000 1869 1167 1922 vacuitatem
1197 1869 1318 1923 colorum
1340 1869 1367 1922 in
1389 1869 1487 1939 aquis:
1519 1881 1598 1942 negat

244 1968 304 2004 eam
325 1950 501 2013 Aristoteles,
524 1950 645 2003 defendit
666 1949 816 2018 expressis,
839 1964 928 2018 aquae
950 1948 1068 2000 colorem
1083 1949 1109 2001 in
1130 1949 1239 2019 nigrum
1260 1967 1387 2020 vergere.
1432 1953 1598 2019 Argumenta

243 2032 331 2085 utitur
353 2047 370 2082 a
392 2047 473 2082 sensu
495 2030 577 2092 visus,
601 2032 671 2099 quod
694 2036 770 2082 terra
791 2028 876 2080 enanis
898 2027 998 2096 pluviis
1020 2029 1150 2081 humecta
1169 2028 1275 2100 nigrior
1296 2029 1341 2089 sit,
1365 2029 1471 2082 siccato
1493 2030 1597 2082 tunore

243 2128 294 2181 per
325 2110 445 2162 calorem
465 2108 537 2162 Solis
568 2109 669 2162 clarius
700 2109 814 2163 eniteat.
856 2107 1083 2176 Experimentum
1114 2125 1168 2178 ego
1199 2109 1288 2161 addidi
1320 2108 1432 2162 alinde
1454 2107 1597 2178 praesenti,

242 2208 302 2244 cum
317 2190 430 2260 Pragae
452 2206 494 2241 mc
515 2195 630 2258 propter
650 2195 740 2242 staret
761 2190 890 2241 literatus
912 2187 1054 2257 quisquam
1077 2188 1104 2241 in
1118 2196 1212 2256 ponte,
1235 2189 1409 2257 splendorem
1432 2189 1498 2242 mibi
1519 2203 1596 2258 aqna·

242 2288 303 2324 rum
323 2270 472 2332 inculcans,
496 2275 528 2321 ut
549 2269 668 2321 Galilaei
690 2268 870 2322 assertionem
891 2268 1068 2323 convelleret.
1097 2268 1172 2321 Jussi
1193 2268 1265 2322 enim
1287 2271 1321 2321 ad
1348 2269 1486 2339 imagines
1513 2271 1595 2322 domo·

245 2367 304 2405 rum
325 2349 352 2402 in
373 2349 452 2401 undis
480 2349 618 2418 respicere
648 2366 750 2418 easque
772 2366 831 2401 cum
860 2355 936 2400 recto
967 2356 1082 2417 aspectu
1113 2350 1238 2402 domuum
1269 2348 1390 2417 ipsarum
1423 2365 1594 2418 comparare:

243 2429 419 2484 manifestum
449 2429 521 2482 enim
551 2428 687 2482 claritatis
718 2429 860 2482 discrimen
882 2447 944 2481 esse
965 2435 995 2482 et
1022 2429 1157 2500 imagines
1179 2428 1206 2482 in
1227 2430 1306 2482 undis
1337 2429 1522 2483 obscuriores.
1558 2427 1595 2482 Sit

242 2511 336 2579 itaque
358 2517 386 2561 et
408 2509 523 2562 dilutum
545 2516 574 2561 et
590 2516 723 2562 retortum
745 2517 788 2562 est
803 2509 877 2579 prius
900 2517 1092 2579 argumentum
1106 2526 1195 2562 meum
1209 2511 1243 2562 de
1258 2508 1395 2562 coloribus
1419 2517 1553 2564 terrarum
1571 2519 1593 2560 et

241 2591 383 2644 undarum.
427 2590 503 2649 Quod
525 2589 643 2641 alterum
665 2590 765 2642 attinet
789 2607 806 2641 a
827 2589 1088 2659 resplendescentia,
1111 2589 1137 2642 id
1159 2591 1217 2643 tale
1237 2597 1289 2650 est,
1313 2597 1345 2642 ut
1366 2588 1392 2641 in
1411 2589 1479 2658 ipsis
1501 2587 1592 2657 Opticis

242 2670 297 2723 alio
319 2669 387 2731 loco,
411 2669 457 2721 ubi
479 2671 512 2721 de
534 2669 734 2722 illuminatione
749 2671 845 2722 Lunae
867 2687 931 2739 ago,
954 2668 1007 2722 vim
1028 2669 1088 2735 ejus
1110 2669 1289 2723 dissolverim.
1317 2669 1387 2723 Nam
1402 2670 1427 2721 si
1449 2669 1591 2737 exemplum

243 2751 379 2802 undarum
400 2750 433 2801 de
456 2748 607 2818 propinquo
629 2756 818 2818 spectatarum
840 2749 1012 2817 applicamus
1026 2751 1060 2800 ad
1082 2766 1199 2818 cmpora
1218 2751 1338 2803 rotunda
1359 2749 1500 2802 immensis
1520 2748 1589 2799 inter·

242 2829 327 2881 vallis
349 2835 463 2889 semota,
488 2828 647 2897 longissime
670 2831 830 2882 aberramus
846 2829 931 2890 aria,
954 2836 984 2880 ut
1000 2845 1112 2881 causam
1127 2830 1294 2882 adducentes
1309 2846 1379 2890 enm,
1403 2846 1478 2899 quae
1491 2839 1587 2883 nonest

243 2924 337 2963 causa.
380 2909 456 2969 Quod
479 2908 550 2959 enim
571 2924 661 2976 aquae
683 2917 797 2977 propter
812 2909 911 2961 'serras
933 2908 1012 2960 fusae
1034 2908 1188 2977 splendent,
1211 2909 1316 2962 faciunt
1334 2910 1359 2962 id
1382 2911 1529 2977 splendore
1547 2923 1588 2960 not

243 3005 292 3040 suo
314 2990 362 3039 sed
385 2988 457 3039 aeris
479 3004 496 3039 a
518 2986 581 3039 Sole
604 2988 759 3050 illuminati,
782 2988 860 3057 cujus
876 2989 911 3040 ab
934 2989 1004 3040 ‹inrrri
1028 2989 1115 3057 plaga
1136 2989 1228 3057 illapsi
1249 2989 1318 3041 radii
1341 2989 1426 3042 lucidi
1441 2992 1476 3042 ad
1497 2997 1587 3042 nostres

242 3066 465 3135 repercutiuntur
496 3068 596 3121 oculos.
641 3073 702 3137 Age
725 3069 796 3121 euim
817 3070 907 3121 velum
928 3075 993 3135 post
1023 3084 1109 3137 aquas
1140 3068 1282 3130 obducito,
1315 3087 1368 3138 quo
1396 3070 1512 3124 claritat
1530 3065 1587 3121 aea

242 3147 381 3200 ulterioris
404 3147 618 3214 interseruntur,
641 3148 714 3200 illico
736 3149 839 3200 ridebis
862 3148 1014 3201 extinctum
1036 3149 1108 3200 huuc
1129 3165 1263 3218 aquarum
1285 3150 1470 3216 splendorem.

330 3228 409 3279 llano
431 3227 593 3279 solutionem
616 3230 772 3297 argumenti
796 3229 846 3281 mci
869 3229 985 3294 adjunxi
1007 3229 1034 3280 in
1056 3229 1181 3298 margine
1209 3229 1282 3280 inter
1309 3230 1500 3299 relegendum.
1537 3229 1584 3280 lan

238 3324 306 3360 vcro
338 3324 454 3376 corpora
484 3308 617 3360 coelestia
650 3309 749 3360 lumine
779 3309 850 3361 Sulis
882 3309 1050 3361 collustrata
1081 3316 1110 3361 et
1140 3309 1266 3377 inspecta
1296 3308 1402 3361 eatinus
1435 3321 1586 3378 nequaquan

243 3387 368 3440 ridentur
388 3389 556 3457 repercussis
580 3389 673 3456 optica
694 3398 720 3440 et
744 3389 881 3455 speculari
911 3389 976 3456 lege
998 3388 1080 3440 radiis
1102 3388 1186 3451 Solis,
1210 3390 1257 3440 scd
1280 3388 1341 3440 luce
1364 3389 1585 3441 communicatae

241 3468 314 3530 Sole,
337 3476 368 3521 ut
390 3468 416 3520 in
439 3469 543 3536 Opticis
566 3486 626 3521 eam
658 3469 798 3537 appellari
821 3477 850 3520 et
871 3468 984 3536 propria
1010 3467 1070 3532 jam
1097 3485 1240 3536 corporum
1266 3469 1344 3520 sacta
1365 3469 1400 3520 ob
1423 3469 1585 3537 asperitatem

244 3548 457 3617 superficierum.
488 3553 578 3619 Atque
601 3550 670 3601 hacc
693 3550 739 3601 lux
764 3548 963 3601 communicata
983 3548 1008 3599 vi
1024 3548 1188 3601 definitionis
1210 3564 1278 3601 suae
1301 3548 1398 3601 fortior
1412 3559 1458 3602 est
1474 3551 1499 3602 in
1513 3544 1585 3601 terris

244 3644 325 3697 quam
347 3629 374 3681 in
395 3629 483 3682 undis.

333 3706 378 3766 55)
397 3723 420 3768 p.
442 3705 500 3754 288.
540 3707 566 3754 ln
595 3706 641 3755 bac
671 3707 820 3769 appendice,
847 3720 921 3769 quam
950 3706 1084 3768 Keplemm
1113 3707 1249 3756 confecisse
1279 3713 1392 3759 constat.
1422 3707 1586 3756 excussura·

243 3777 347 3838 legimus
376 3777 509 3825 schematis
538 3777 606 3840 (pag.
633 3775 694 3832 131)
726 3779 821 3839 eclipsis
850 3779 907 3825 anni
937 3774 1013 3825 1601.
1043 3793 1090 3825 non
1118 3778 1191 3841 plane
1220 3794 1275 3828 cum
1304 3789 1393 3826 eventu
1423 3777 1585 3828 concertantis

245 3849 337 3904 vsolas
358 3850 531 3902 luminarium
552 3851 699 3903 diametros
721 3851 747 3902 iu
770 3869 855 3903 causa
876 3851 990 3912 versari,
1013 3867 1081 3920 quas
1111 3852 1252 3920 quominus
1280 3863 1383 3905 exacte
1406 3853 1496 3906 metiri
1516 3847 1585 3919 possi·

245 3944 321 3989 mus,
354 3929 478 3981 diversae
510 3947 610 3982 causae
642 3931 749 3999 opticae
781 3932 806 3983 iu
839 3939 955 4000 utroque
997 3931 1121 3985 luminari
1163 3933 1319 4000 prohibent.
1380 3933 1483 3994 Quodsi
1509 3932 1585 3984 tanne

246 4009 408 4061 diametrum
432 4026 555 4061 assumas
579 4013 627 4060 :tw
642 4052 659 4077 .=
683 4011 753 4063 bolis
770 4013 815 4073 31,
839 4012 980 4080 quantitas
1003 4011 1203 4067 concordabit*
1239 4019 1272 4067 Et
1290 4020 1336 4066 sub
1355 4019 1449 4068 tinem:
1472 4008 1586 4068 Mittit

243 4087 368 4140 diametri
392 4093 421 4154 Θ.
447 4089 519 4141 intra
547 4091 570 4141 l'
594 4105 693 4151 rrrttnct,
718 4101 746 4142 ut
770 4092 796 4143 iu
819 4092 952 4160 perigaeo
973 4109 1026 4143 non
1048 4091 1135 4158 major
1156 4092 1192 4144 sit
1208 4093 1282 4146 312⁸
1300 4099 1399 4162 (t'omp.
1414 4099 1494 4148 tott
1515 4091 1587 4161 ΜΗ

335 4182 380 4244 56)
401 4201 423 4247 p.
445 4182 503 4231 ¹288.
544 4184 564 4232 ll
574 4185 643 4232 eiulr
653 4186 743 4233 oldus
764 4188 787 4232 iu
805 4186 903 4234 scholiis
917 4186 1090 4234 'llreoricarum
1104 4186 1235 4237 Purbttchii
1250 4185 1301 4246 (etl.
1316 4202 1339 4236 a.
1357 4186 1439 4248 1542)
1452 4201 1508 4253 pag.
1521 4185 1546 4234 T.
1557 4187 1586 4230 i'tl

242 4255 382 4303 Vitellio
402 4258 425 4303 in
447 4257 539 4319 tlpticis
559 4257 599 4303 lib.
621 4256 665 4310 ll',
684 4272 750 4320 prop.
773 4257 814 4304 tt.
854 4257 1049 4305 llaestliuus
1075 4259 1100 4305 in
1120 4257 1295 4321 Disputationc
1321 4259 1352 4307 de
1380 4268 1492 4309 motuum
1517 4255 1585 4321 plane

241 4338 322 4374 tarum
341 4329 365 4374 in
386 4328 454 4375 coelo
475 4329 649 4390 apparentibus
669 4329 889 4390 irregularitatibus
908 4324 1004 4387 (taut)
1024 4327 1086 4376 thesi
1110 4327 1166 4376 tlt.
1188 4331 1284 4382 statuit.
1304 4338 1332 4378 ut
1351 4330 1397 4379 boc
1417 4331 1585 4394 phaenomena

242 4398 356 4459 explicet,
379 4398 494 4452 ,lauriaru
514 4409 604 4461 corpus
621 4415 669 4446 non
689 4415 743 4448 esse
763 4410 814 4448 tam
834 4415 951 4463 niagrmm
970 4407 1090 4462 quantum
1113 4406 1225 4462 putatur.
1255 4401 1299 4449 sed
1319 4402 1470 4450 densitatem
1488 4403 1538 4462 eins
1553 4395 1586 4444 tel

244 4470 398 4531 aliquantum
418 4471 552 4531 arigustiori
566 4472 707 4532 quantitate
721 4475 888 4522 terminatam.
909 4471 956 4517 aliu
970 4471 1076 4534 quodam
1090 4486 1189 4533 corporo
1204 4473 1360 4524 circumdari.
1380 4474 1446 4536 quod
1459 4469 1587 4536 pettnettnn

248 4541 279 4585 sit
300 4551 324 4587 et
344 4555 386 4601 per
405 4541 468 4602 quod
488 4549 538 4588 tam
559 4541 621 4588 Solis
642 4540 732 4590 lumen.
761 4557 833 4604 quam
854 4543 957 4590 aliamm
977 4542 1113 4598 stellarum,
1142 4545 1204 4590 sicut
1224 4553 1249 4590 et
1267 4544 1333 4591 risus
1351 4546 1430 4592 nestri
1458 4543 1518 4591 raclii
1535 4551 1587 4588 ttae

246 4620 326 4657 sentit.
367 4609 534 4659 Veruntamen
555 4613 579 4658 id
599 4626 652 4659 esse
672 4614 751 4659 nritms
776 4614 864 4661 subtile
889 4623 1019 4676 ceteraque
1048 4614 1149 4662 aetbero
1167 4614 1244 4662 multo
1262 4616 1375 4677 spissius,
1402 4615 1466 4664 adeo
1484 4623 1510 4664 at
1527 4613 1588 4660 insut

243 4683 296 4727 ritri
317 4682 380 4728 Solis
400 4681 479 4729 lucem
499 4698 546 4729 non
567 4691 663 4729 tautum
683 4687 835 4732 transmittat
854 4686 898 4732 sed
918 4687 994 4732 etiam
1013 4687 1128 4739 retinent,
1149 4697 1173 4733 et
1187 4685 1219 4733 ab
1233 4700 1264 4734 ca
1276 4697 1328 4734 tam
1348 4686 1446 4736 fortiter
1463 4685 1587 4734 tttnammr·

244 4764 270 4798 ut
290 4767 365 4799 cirrum
385 4753 488 4799 solidum
503 4762 528 4800 et
547 4755 688 4801 continuum
704 4770 758 4802 cum
773 4771 827 4803 rero
848 4771 947 4818 corpore
962 4756 1054 4803 lunari
1073 4759 1219 4818 praesertim
1232 4758 1256 4804 in
1270 4756 1411 4819 pleniluniis
1425 4773 1481 4808 esse
1498 4763 1587 4820 potetat-

245 4822 318 4870 'l'lresi
343 4822 398 4869 tat.
420 4835 546 4884 corrrparat
565 4825 610 4873 linc
631 4840 719 4886 corpus
740 4839 821 4873 nostro
841 4829 907 4878 adiri.
938 4827 1008 4874 addit
1036 4837 1136 4875 autem:
1168 4842 1200 4876 an
1219 4828 1310 4877 ibidem
1329 4835 1374 4878 aer
1391 4829 1433 4878 ille
1452 4828 1588 4878 similrttttt¹

245 4905 327 4940 nister
347 4895 371 4940 in
392 4895 467 4941 nubes
487 4905 642 4952 concrescat,
674 4899 697 4943 in
718 4898 797 4944 rucdio
818 4899 993 4961 relinquimus:
1024 4899 1068 4946 lroc
1088 4909 1155 4946 certe
1175 4901 1328 4962 experientia
1346 4915 1392 4948 noa
1411 4899 1512 4950 docuit.
1538 4889 1588 4960 qt&

245 4964 398 5012 circumlluus
417 4964 458 5011 ille
477 4965 590 5026 splendor
608 4967 708 5015 dirersis
729 4970 876 5029 teraporibus
890 4970 943 5031 plus
963 4970 1073 5016 minusve
1086 4969 1209 5031 limpidior
1220 4969 1278 5019 siat
1305 4969 1408 5020 Testem
1422 4971 1521 5021 adducit
1532 4969 1588 5026 baill

246 5035 384 5084 sententiae
413 5036 513 5098 eclipsin
543 5037 628 5087 lunae
655 5053 672 5087 a
700 5055 726 5088 sc
757 5041 912 5089 observatam
939 5040 979 5089 die
1008 5038 1149 5090 Palinurum
1178 5037 1255 5090 teos.
1312 5041 1429 5108 Denique
1459 5039 1588 5094 emente·
