3692 5842
700 478 821 530 sensu
839 479 944 544 orsa.
1457 471 1502 546 rs

141 649 277 725 catheto,
300 651 332 714 id
354 661 457 715 tamen
481 672 535 733 per
558 653 700 715 accidens
723 654 767 727 fit,
791 655 875 716 nulla
897 655 926 715 vi
955 653 1080 715 catheti.
1126 653 1183 716 Jus
1216 661 1317 718 autem
1340 657 1398 718 hoo
1421 656 1500 719 ima-
1533 680 1543 699 ¹

141 738 223 819 ginis
246 738 393 802 locandae
428 741 566 803 obtinent
595 742 692 804 linoae
724 742 797 815 DB,
829 744 889 816 ΙΗ,
923 763 962 804 ex
984 742 1063 804 binis
1095 742 1189 804 oculis
1212 743 1256 815 B,
1286 744 1315 819 1,
1349 745 1396 806 vel
1420 746 1500 808 binis

139 828 263 908 puncb'a
284 830 384 900 (oculo
407 831 573 904 uanslato)
597 832 677 893 ultra
700 832 743 903 D,
767 833 795 893 H
819 832 1012 894 continuatae
1043 832 1082 893 ad
1106 850 1282 894 concursum
1306 832 1343 895 E.
1391 835 1499 913 Imago

142 916 222 980 enim
245 917 366 995 atejus
399 919 511 982 locatio
534 929 582 981 est
614 920 739 982 fallacia
771 940 911 982 sensuum
945 921 1029 981 etin
1053 920 1108 981 hoc
1133 921 1198 999 ipso
1234 940 1340 982 sensus
1373 923 1498 998 fallitur,

143 1004 225 1086 quod
246 1007 360 1068 realem
384 1008 499 1070 radium
530 1008 658 1070 lucidum
687 1027 893 1088 repercussum
918 1010 961 1069 lH
985 1017 1016 1070 et
1038 1010 1094 1071 DB
1126 1008 1281 1070 continuat
1304 1010 1497 1090 imaginando

142 1093 264 1168 inHE,
287 1094 354 1157 DE.
399 1097 449 1158 Ex
471 1098 517 1159 his
535 1098 600 1176 jam
623 1096 689 1180 ipse
712 1098 765 1159 illa
786 1105 840 1159 tua
862 1098 956 1158 verba
980 1098 1123 1159 aestima:
1149 1096 1265 1171 „videri
1288 1098 1343 1161 libi
1368 1099 1498 1162 officium

144 1183 350 1263 perpendiculi
365 1184 434 1260 DK,
458 1194 493 1247 ιιι
515 1185 676 1265 imaginem
690 1186 803 1264 dirigat
825 1197 857 1248 et
879 1187 1033 1248 ordinet.“
1062 1185 1142 1247 Ohal
1169 1185 1319 1248 Cathetus
1334 1196 1383 1249 est
1406 1206 1498 1267 repu-

145 1270 240 1345 diata,
264 1290 341 1358 quae
364 1273 461 1354 ipsam
478 1275 637 1354 imaginem
656 1276 777 1350 transit,
802 1284 834 1336 et
851 1277 915 1355 jam
936 1283 968 1336 ιιι
982 1274 1225 1354 perpendiculum
1240 1294 1393 1356 surrogas,
1418 1278 1498 1357 quod

145 1358 319 1439 longissime
343 1363 441 1424 abest.
489 1361 550 1425 Cur
573 1373 675 1425 autem
699 1364 777 1425 linea
800 1364 901 1444 aliqua
923 1363 1117 1443 imaginaria,
1153 1364 1332 1443 imaginaria
1365 1365 1496 1445 inquam,

146 1468 203 1512 non
227 1468 320 1512 seusu
342 1452 552 1531 oculorumque
575 1451 756 1528 directione,
784 1461 819 1514 ut
846 1472 931 1514 meae
964 1453 1155 1527 metatricea,
1188 1453 1242 1514 sed
1265 1452 1499 1516 ratiocinatione

144 1555 199 1617 par
220 1546 318 1600 anem
341 1542 473 1618 optieam
495 1540 615 1612 saltem,
647 1550 680 1602 et
701 1560 750 1602 res
773 1542 863 1603 bruta
885 1541 998 1603 afliciat
1021 1542 1060 1616 id,
1095 1541 1174 1620 quod
1197 1549 1246 1602 est
1278 1561 1386 1603 sensus
1410 1559 1495 1621 opus,

146 1625 307 1706 imaginem
329 1628 468 1691 scilicet?
512 1629 552 1691 Et
576 1629 647 1709 quid
670 1637 721 1691 tuo
745 1631 884 1705 „videri“
907 1649 982 1710 opus
1006 1639 1067 1704 est,
1098 1649 1166 1691 oum
1188 1631 1319 1692 nondum
1343 1647 1496 1710 conquas-

146 1715 262 1777 saveris
286 1735 385 1779 meum
407 1717 546 1791 ,‚videri“
569 1719 825 1789 demonstratum?
870 1720 965 1781 Miror
979 1726 1091 1794 autem,
1116 1726 1146 1781 te
1163 1717 1379 1798 experientiam
1403 1718 1496 1781 etiam

146 1804 290 1883 allegare,
314 1826 391 1885 quae
413 1807 494 1869 locet
517 1808 676 1886 imaginem
699 1827 758 1869 non
780 1808 810 1869 in
834 1809 966 1883 scureto,
992 1807 1046 1868 sed
1068 1807 1099 1869 iu
1122 1808 1272 1887 parallelo,
1289 1808 1496 1887 apparentiae.

146 1894 240 1966 Ecce,
278 1904 310 1955 te
346 1894 444 1975 ipsum
480 1895 703 1958 diversissimae
735 1897 938 1977 experientiae
976 1896 1239 1958 commonefaciam
1273 1896 1418 1958 oblitum:
1456 1895 1501 1959 sit

148 1983 210 2061 (dg.
227 1979 287 2055 20)
308 1985 439 2063 sphaera
463 1982 530 2058 GL,
554 1994 585 2046 et
607 1986 637 2046 D
659 1994 802 2064 punctum
825 2005 1028 2066 repercussus,
1053 1985 1079 2046 B
1104 1986 1216 2058 oculus,
1241 1985 1272 2046 A
1291 1985 1392 2046 stella.
1441 1984 1496 2059 Tu,

148 2072 302 2151 qamsitus
320 2073 369 2133 ubi
393 2083 540 2153 appareat
562 2092 616 2153 per
638 2093 854 2154 repercussum,
879 2075 962 2136 dices
985 2074 1015 2135 iu
1041 2072 1078 2145 0,
1104 2073 1277 2152 longissime
1301 2073 1381 2136 ultra
1401 2080 1499 2134 totum

147 2160 286 2239 globum:
311 2180 378 2223 oum
400 2170 514 2224 certum
537 2169 638 2225 tamen
663 2164 712 2238 sit,
736 2164 767 2225 in
791 2166 846 2225 tali
861 2163 1026 2225 incidentia
1048 2179 1152 2224 omnes
1167 2162 1316 2241 imagines
1330 2160 1500 2236 consistere

148 2250 225 2312 iutra
248 2250 436 2329 complexum
460 2252 618 2331 sphaerae.
665 2251 728 2313 Sed
751 2263 784 2313 tu
808 2261 838 2314 te
861 2253 960 2332 ipsum
983 2251 1074 2325 fallis,
1100 2251 1158 2332 qui,
1183 2269 1250 2313 curn
1273 2249 1441 2329 incepisses
1463 2250 1500 2311 de

148 2338 335 2417 experientia
358 2357 557 2402 convexormn
581 2349 612 2403 et
634 2359 841 2416 concavorum,
866 2342 978 2402 desinis
1003 2341 1032 2401 in
1048 2340 1266 2419 experientiam
1291 2340 1401 2401 saltem
1424 2357 1500 2401 con·

148 2445 302 2495 cavorum,
335 2427 384 2488 ubi
411 2428 538 2507 primum
562 2449 665 2492 vocem
689 2430 762 2491 foci
794 2430 941 2492 mutuaris
971 2448 1009 2490 ex
1032 2429 1144 2491 canicie
1169 2428 1365 2491 sectionibus:
1400 2436 1433 2489 at
1455 2426 1499 2488 ibi

148 2516 207 2577 dixi
228 2516 261 2577 in
283 2516 395 2577 circulo
418 2516 516 2578 focum
539 2519 570 2579 in
592 2528 694 2580 centro
719 2538 787 2580 esse
812 2520 884 2592 (IV,
909 2517 956 2593 d).
1003 2518 1127 2579 Felellit
1148 2526 1249 2579 autem
1271 2524 1302 2579 to
1321 2516 1500 2597 Maginua

149 2623 214 2667 eum
237 2623 294 2667 suo
316 2600 448 2683 speculo,
462 2600 488 2677 6ι
512 2607 562 2687 qui
585 2627 622 2668 ex
643 2607 762 2669 Joanne
777 2607 919 2701 Baptista
939 2609 1032 2669 Porta
1055 2607 1148 2669 verba
1171 2606 1312 2667 nonnulla
1334 2613 1498 2679 mutuatus,

147 2712 221 2773 quaa
246 2702 335 2756 erant
358 2693 395 2755 de
417 2712 559 2769 concavo,
583 2715 642 2758 non
667 2697 824 2775 sphaerico
848 2698 900 2758 sed
924 2696 1106 2775 parabolice,
1140 2695 1238 2764 dieta,
1271 2713 1428 2775 perperam
1462 2693 1502 2754 ad

146 2801 229 2844 suum
253 2782 442 2863 sphaericum
465 2785 682 2855 accommodat,
705 2787 784 2864 quod
807 2786 948 2847 incendat
966 2786 995 2847 iu
1012 2791 1121 2865 quarta
1134 2784 1282 2846 diametri.
1330 2782 1415 2846 Scito
1433 2781 1499 2845 ita-

146 2890 212 2952 que,
235 2872 267 2932 in
291 2870 343 2933 ille
366 2872 482 2952 ldagini
506 2874 627 2952 speculo
642 2874 799 2953 sphaerico
824 2894 956 2936 corrcavo
979 2874 1081 2953 spargi
1096 2873 1200 2935 radios
1213 2872 1295 2935 Solis
1317 2890 1372 2951 per
1387 2871 1499 2936 lineam

146 2960 183 3021 ad
211 2968 348 3021 centrum
381 2961 527 3039 sphaerae
558 2963 730 3024 tendentem
761 2972 792 3024 et
822 2965 982 3025 incendere
1016 2962 1177 3023 secundum
1199 2961 1298 3041 magia
1331 2968 1363 3023 et
1391 2960 1498 3022 miuus.

146 3047 338 3129 colliguntur
367 3068 426 3111 non
460 3050 488 3111 in
521 3070 610 3113 unum
640 3059 782 3132 punctum
812 3060 847 3113 ιιι
874 3052 902 3112 in
930 3051 1090 3132 parabola,
1124 3052 1179 3113 sed
1207 3049 1237 3111 iu
1265 3069 1355 3112 unam
1378 3049 1498 3111 lineam.

145 3137 240 3199 Porro
264 3146 298 3200 ut
319 3137 435 3214 videas,
460 3140 530 3218 quid
545 3140 639 3201 Porta
662 3140 772 3202 dixerit
790 3150 927 3220 quartam
952 3140 1101 3212 diametri,
1124 3139 1240 3219 respice
1256 3139 1293 3201 ad
1309 3138 1432 3201 schema
1446 3135 1500 3202 58.

145 3224 195 3288 Sit
207 3224 296 3289 MSN
310 3227 409 3310 portio
425 3229 588 3306 parabolici
605 3229 814 3300 determinata,
838 3231 902 3291 MN
917 3228 998 3292 linea
1012 3247 1066 3308 per
1079 3229 1110 3290 A
1124 3229 1222 3292 focum
1237 3229 1276 3289 ad
1295 3245 1383 3290 axem
1397 3234 1499 3290 reeta:

148 3324 219 3377 tuuc
241 3315 306 3377 MN
340 3324 389 3377 est
412 3316 558 3379 diameter
588 3318 702 3396 speculi
726 3318 905 3397 parabolici,
940 3318 1018 3398 quod
1042 3318 1104 3379 lere
1127 3316 1257 3397 speciem
1282 3316 1406 3402 exhibet
1426 3334 1501 3377 sex·

146 3404 240 3465 tantis
262 3404 430 3483 sphaerici,
461 3407 538 3485 quod
563 3407 718 3486 Maginum
746 3408 864 3470 fefellit.
911 3405 967 3469 AS
990 3424 1061 3468 vero
1088 3406 1279 3485 profunditas
1307 3405 1422 3485 speculi
1451 3412 1502 3466 est

147 3501 256 3573 quarta
278 3493 420 3556 diametri
442 3493 505 3556 MN
529 3496 623 3574 (quod
652 3496 742 3557 miror
769 3515 821 3557 cnr
843 3498 952 3574 neges)
977 3503 1009 3557 et
1031 3513 1100 3555 vere
1135 3495 1234 3568 locus,
1270 3512 1304 3554 ao
1329 3494 1406 3574 quod
1430 3493 1501 3555 illuc

146 3582 298 3644 confluant
330 3601 433 3644 omnes
456 3584 620 3662 parallelae
645 3586 695 3645 axi
719 3605 756 3645 ex
785 3593 850 3646 tota
873 3585 1006 3646 cavitate
1036 3583 1164 3662 speculi;
1198 3592 1288 3663 atque
1311 3582 1358 3643 hic
1382 3582 1501 3643 demunt

146 3680 193 3732 est
215 3670 438 3732 violentissima
461 3672 603 3733 incensio.

232 3757 323 3829 Quod
347 3760 564 3841 experientiam
591 3761 687 3840 ipsam
711 3769 743 3822 et
766 3761 817 3824 lib.
841 3760 934 3833 Vlll,
963 3758 1012 3821 ll.
1038 3757 1213 3820 Vitelliouis
1242 3758 1366 3831 attinet,
1401 3755 1500 3820 beasti

146 3866 201 3922 me,
224 3866 259 3909 re
282 3848 321 3910 ob
345 3849 447 3911 oculos
471 3850 572 3928 posita
594 3859 627 3912 et
649 3850 835 3929 experientia
857 3850 1000 3912 refutata
1046 3849 1125 3910 Nam
1148 3848 1174 3909 si
1198 3847 1365 3921 scivissem,
1392 3846 1499 3909 fortis-

146 3936 250 4000 simum
273 3936 342 3999 inde
367 3946 573 4017 argumentum
596 3939 795 4002 extruxissem
818 3958 871 4018 pro
895 3938 970 4000 meis
993 3936 1253 3999 matatricibus
1282 3944 1388 3998 contra
1410 3944 1499 3998 vete-

146 4044 204 4088 rem
217 4026 386 4089 cathetum.
431 4028 510 4090 Nam
530 4027 579 4089 ubi
594 4026 789 4089 Vitellionem
809 4028 909 4089 defluit
922 4044 1084 4089 concursus
1099 4044 1166 4087 cnm
1180 4026 1314 4098 catheto,
1338 4025 1500 4104 imaginem

146 4114 175 4178 iu
195 4114 355 4195 superlitis
376 4116 473 4187 locat,
506 4133 581 4196 quaa
605 4135 675 4178 vara
704 4125 753 4177 est
777 4117 887 4177 infra.
933 4116 985 4176 Me
1010 4133 1159 4194 nunquam
1183 4114 1284 4175 deficit
1311 4113 1503 4193 portiuncula

147 4203 323 4284 superficiei,
347 4203 493 4266 exhibens
517 4204 632 4266 duobus
656 4205 751 4268 oculis
775 4205 833 4266 duo
857 4212 970 4284 puncta
992 4202 1164 4265 reflexionis
1188 4204 1227 4265 ab
1242 4203 1348 4264 eadam
1362 4221 1405 4264 re.
1452 4201 1500 4263 De

149 4292 278 4373 imagine
301 4310 375 4354 vero
398 4303 470 4372 post
492 4294 607 4355 oculum
631 4312 734 4355 verum
758 4301 820 4366 est,
845 4301 879 4355 ut
902 4292 992 4368 dicis,
1016 4292 1228 4355 stultissimam
1251 4309 1320 4352 esse
1345 4290 1416 4351 boni
1439 4288 1500 4350 Vi-

149 4381 277 4445 tellionis
312 4380 536 4462 deceptionem,
570 4391 602 4445 et
625 4383 814 4444 verissimum
846 4391 907 4453 est,
941 4382 988 4442 hic
1012 4380 1172 4461 imaginem
1201 4381 1290 4460 plane
1316 4379 1502 4440 aberrarea

148 4472 278 4534 catheto.
325 4470 409 4532 Male
431 4488 479 4531 ma
499 4471 599 4546 habet,
624 4472 794 4551 neglectum
813 4472 869 4533 hoc
884 4488 952 4532 esse
970 4470 1001 4531 in
1015 4488 1082 4531 meo
1097 4469 1196 4549 capite
1211 4467 1266 4531 ΙΙΙ.
1282 4474 1289 4481 ‘'
1314 4466 1376 4530 Sed
1395 4474 1498 4529 tamen

149 4560 245 4623 nescio
269 4578 307 4620 au
333 4567 458 4640 utroque
482 4561 567 4622 oculo
591 4560 679 4623 runica
701 4560 801 4639 imago
824 4560 919 4621 videri
939 4559 1038 4639 possit
1060 4558 1155 4637 ipsius
1170 4556 1200 4629 Q
1215 4557 1279 4637 (fig.
1293 4552 1350 4630 21)
1357 4574 1367 4632 ;
1392 4555 1501 4616 dautur

148 4648 222 4712 euim
245 4666 351 4723 casus,
375 4644 426 4710 ubi
449 4667 523 4723 non,
552 4658 584 4710 et
607 4657 677 4710 tunc
699 4658 808 4711 neutra
830 4650 928 4728 imago
953 4647 1046 4711 habet
1068 4656 1182 4710 certum
1205 4647 1316 4719 locum,
1350 4642 1499 4724 potiorem

149 4747 246 4801 tamen
274 4735 360 4799 illum
391 4736 421 4797 in
450 4737 615 4815 superficie.
662 4739 742 4799 Nam
771 4746 821 4800 est
848 4736 957 4817 aliquis
985 4735 1062 4798 situs
1092 4735 1244 4796 oculorum
1263 4741 1296 4792 et
1317 4732 1445 4794 visibilis
1469 4732 1499 4794 in

148 4825 285 4907 speculo,
317 4825 369 4886 ubi
393 4843 451 4886 uon
482 4833 583 4905 potest
607 4826 637 4887 in
660 4834 817 4907 utrumque
840 4826 958 4887 oculum
987 4843 1025 4886 ex
1048 4823 1153 4893 eodem
1181 4829 1292 4901 puncto
1315 4819 1427 4882 visibili
1450 4820 1499 4880 in·

149 4915 236 4980 fluam
259 4911 364 4977 radius
391 4913 450 4976 nisi
473 4913 551 4977 oculi
575 4913 794 4989 divaricentur;
828 4922 860 4976 et
889 4922 960 4975 tunc
983 4911 1080 4975 linoae
1110 4923 1199 4992 porro
1223 4908 1416 4974 continuatae
1439 4923 1499 4972 uon

148 5009 266 5082 want,
310 4999 426 5080 Differo
449 5022 542 5084 usque
565 5002 606 5066 ad
628 5000 793 5083 perisdem
813 5000 993 5068 laciendum.
