3692 5842
625 1183 1129 1286 PROOEMIUM.

297 1521 549 1659 Quotiescunque
573 1598 669 1640 novae
693 1578 722 1638 in
746 1578 830 1640 coelo
854 1578 962 1638 stellae
977 1585 1158 1656 conspectae
1178 1588 1273 1653 eraut,
1299 1599 1387 1660 quum
1405 1589 1436 1642 et
1455 1590 1556 1644 astro-

203 1670 279 1733 nomi
305 1668 414 1748 aliique
442 1669 578 1730 homines
605 1687 703 1729 rerum
732 1667 907 1728 coelestium
938 1665 1109 1745 cognitione
1138 1685 1195 1728 non
1224 1668 1334 1729 initiati
1364 1671 1557 1734 vehementer

203 1766 463 1831 commoverentur,
488 1758 646 1818 multorum
669 1756 789 1834 ingenia
813 1755 1024 1817 excitabantur
1047 1755 1086 1816 ad
1109 1775 1172 1817 rem
1196 1775 1320 1833 novam,
1351 1759 1414 1820 sive
1438 1769 1557 1821 cometa

203 1846 248 1909 ille
280 1854 350 1908 erat
381 1846 445 1907 sive
477 1865 509 1908 re
542 1864 614 1906 vera
647 1863 725 1905 nova
761 1845 869 1916 stella,
908 1844 993 1905 libris
1030 1843 1234 1923 inquirendam
1273 1856 1304 1907 et
1335 1847 1555 1910 illustrandam.

203 1936 371 2017 Pycbouem
395 1935 512 2014 quidem
536 1935 657 2008 scimus,
683 1953 760 1995 nova
784 1933 912 1994 maxime
937 1953 1015 1994 auno
1042 1930 1125 1994 1572
1155 1943 1319 2014 conspecta
1347 1937 1439 1997 stella
1469 1938 1555 1999 exci-

203 2033 294 2087 tatum
319 2043 397 2096 esso,
423 2033 457 2084 ut
479 2032 574 2085 totum
599 2043 632 2083 se
656 2023 743 2084 daret
766 2024 850 2083 coelo
873 2023 1082 2100 cognoscendo
1102 2030 1133 2082 et
1151 2023 1274 2084 fixarum
1290 2025 1446 2086 stellarum
1465 2026 1557 2086 tabu-

203 2114 258 2175 lam
283 2121 315 2172 et
339 2112 487 2174 rationem
519 2111 740 2185 conscriberet,
775 2130 811 2171 ne
843 2111 971 2189 posthac
1003 2119 1037 2171 ut
1069 2118 1132 2172 tum
1163 2132 1212 2172 res
1245 2113 1273 2173 in
1303 2113 1422 2175 dubium
1456 2115 1558 2176 vocari

203 2213 325 2282 posset,
359 2209 458 2262 utrum
481 2201 573 2261 stella
601 2200 834 2279 quandocunque
859 2200 1105 2278 inconspectum
1137 2201 1278 2276 veniens,
1313 2221 1345 2263 re
1376 2221 1449 2264 vera
1480 2223 1559 2266 nova

203 2299 344 2354 eccetan
369 2290 406 2350 iis
430 2308 505 2370 quae
530 2289 640 2350 dudum
664 2296 846 2369 apparerent
870 2289 1104 2350 adnumeranda.

288 2379 403 2457 Itaque.
419 2379 525 2439 mirum
550 2397 606 2439 non
632 2386 698 2451 est,
732 2378 809 2457 quod
833 2377 983 2456 Keplerus
1007 2396 1122 2457 quoque
1147 2396 1253 2457 sparso
1277 2396 1373 2439 novae
1397 2379 1506 2440 stellae
1529 2379 1560 2441 in

203 2476 393 2547 conspectum
417 2467 507 2528 datae
532 2486 657 2538 rumore,
684 2486 744 2526 rem
769 2467 889 2545 penitus
912 2467 1083 2546 perspicere
1108 2486 1193 2528 suum
1217 2486 1285 2528 esse
1310 2467 1413 2535 duxit,
1448 2475 1497 2543 et,
1531 2469 1558 2530 si

203 2557 268 2638 quid
294 2566 378 2617 esset
401 2556 479 2629 uovi,
504 2554 534 2615 id
558 2556 586 2616 11
611 2574 694 2616 suum
719 2555 902 2635 aliorumque
927 2575 1011 2617 usum
1037 2565 1212 2617 convertere
1227 2556 1352 2618 studuit.
1389 2556 1459 2618 Jam
1483 2575 1559 2636 quae

203 2646 362 2724 diligenter
384 2663 446 2704 rem
471 2643 605 2706 rimando
629 2644 780 2723 coguovit,
807 2644 862 2704 hoc
887 2645 962 2705 libro
987 2663 1065 2705 anuo
1093 2641 1187 2708 1606.
1222 2645 1340 2723 Pragae
1364 2647 1557 2707 111111111-

203 2735 270 2799 111111
295 2733 377 2795 edito
402 2732 619 2811 complectitur,
645 2751 682 2794 ea
705 2751 784 2804 vero,
810 2752 886 2811 quae
910 2735 949 2794 ad
973 2734 1054 2812 vulgi
1078 2743 1198 2814 captum
1213 2734 1349 2795 sufficere
1368 2734 1559 2807 videbantur,

203 2821 384 2886 Germanioi
411 2822 514 2900 lingua
540 2822 645 2900 paucis
673 2822 801 2901 pagellis
830 2822 1003 2901 conscripta
1032 2842 1109 2884 anuo
1140 2822 1292 2902 superiore
1318 2822 1558 2902 „Prognostico“

203 2911 364 2993 subjungit.
411 2916 509 2982 (comp.
528 2918 583 2968 vor.
602 2920 622 2968 1.
641 2935 663 2982 p.
685 2916 736 2966 111
755 2916 800 2977 n.)

290 2999 440 3078 Adjunxit
471 3000 548 3061 libro
582 3019 669 3079 quern
698 3001 761 3078 jam
794 3000 918 3062 dicimus
953 2999 1190 3078 disquisitionem
1229 3000 1266 3060 de
1304 2999 1365 3061 alia
1402 3000 1494 3060 stella
1530 3001 1558 3061 in

203 3087 319 3173 Cygno,
343 3107 440 3168 quam,
465 3088 615 3150 nescimus
640 3090 750 3168 quade
771 3109 873 3161 causa,
899 3090 1080 3168 interposuit
1103 3089 1247 3167 singulari
1272 3089 1447 3169 inscriptam
1471 3089 1560 3151 titulo

203 3177 354 3259 capitibus
378 3173 431 3237 27.
452 3184 484 3238 et
503 3173 556 3238 28.
582 3177 650 3238 libri
673 3178 709 3237 de
725 3175 826 3239 Stella
848 3177 877 3238 in
893 3176 1099 3256 Serpentario.
1139 3178 1197 3238 1111
1220 3199 1238 3238 a
1260 3179 1371 3258 pagina
1389 3174 1562 3242 tt8-168

203 3268 343 3334 deducta,
367 3265 454 3326 finem
488 3266 562 3326 lacit
594 3267 791 3344 disputationi
824 3267 861 3327 de
885 3264 986 3326 Stella
1017 3266 1046 3325 in
1071 3264 1268 3345 Serpentario
1301 3270 1346 3345 (p.
1375 3262 1559 3342 tto—2¹2,

203 3375 267 3435 cap.
293 3350 470 3427 28-30.),
506 3374 581 3433 quae
616 3365 647 3417 et
679 3356 746 3437 ipsa
778 3376 886 3416 novum
919 3354 1040 3415 titulum
1074 3374 1254 3434 causamque
1286 3355 1426 3416 translati
1459 3356 1561 3434 Praga

203 3443 433 3509 ffincolurtum
458 3443 525 3514 loci,
551 3443 601 3504 ubi
625 3446 707 3525 typis
732 3445 952 3506 exscriberetur
984 3443 1113 3517 libellus,
1141 3453 1326 3524 „temporum
1351 3443 1559 3506 difficultatem

203 3541 233 3597 11
255 3531 448 3611 augustiam“
473 3532 575 3593 refert.

290 3621 368 3683 Huic
390 3620 470 3700 parti
495 3620 582 3682 alteri
607 3621 777 3683 adnectitur
800 3630 832 3683 11
854 3622 919 3703 ipse
942 3619 1063 3700 proprio
1087 3620 1175 3682 titulo
1206 3620 1366 3698 insignitus
1393 3638 1560 3700 novumque

203 3710 379 3792 paginarum
403 3727 557 3771 numerum
581 3710 714 3772 referens
738 3710 856 3772 libellus
880 3712 941 3779 ille,
966 3708 1015 3789 qui
1039 3709 1068 3768 in
1094 3710 1191 3770 fronte
1215 3709 1309 3770 totius
1323 3708 1423 3788 operis
1442 3709 1560 3788 positus

203 3798 392 3863 ’111111δί1111
420 3798 485 3868 „de
509 3797 660 3860 Christi
684 3818 771 3861 vero
796 3819 891 3861 anuo
915 3797 1122 3860 natalitio“
1148 3798 1302 3870 (Francos.
1332 3794 1447 3871 1606),
1473 3817 1560 3879 quem

203 3888 320 3971 quidem
345 3886 486 3960 libellum,
512 3906 578 3949 cum
602 3889 675 3950 nihil
698 3889 787 3968 plane
811 3908 965 3950 commune
990 3888 1102 3948 habeat
1121 3907 1186 3950 cum
1203 3888 1277 3949 libro
1297 3889 1333 3950 de
1349 3887 1449 3950 Stella
1462 3886 1559 3963 Nova,

203 3977 270 4041 buic
294 3994 353 4036 nou
377 3976 556 4053 adjecimus,
580 3996 648 4038 cum
671 3977 739 4038 aliis
763 3977 886 4056 Kepleri
911 3977 994 4038 libris
1020 3977 1236 4056 chronologicis
1269 3978 1427 4039 edendum.
1477 3976 1560 4053 ,Oc-

203 4065 354 4129 casionem
379 4063 505 4138 trahit,“
531 4065 606 4127 dicit
622 4066 781 4146 Keplerus,
809 4087 866 4141 „ex
889 4085 960 4147 pag.
981 4063 1051 4129 135.
1076 4064 1282 4139 (conclusione
1297 4067 1407 4146 capitis
1421 4067 1559 4139 XXVI.)

203 4163 233 4219 11
255 4152 385 4217 seorsim
409 4153 596 4217 excuditur.“

289 4243 556 4322 Argumentum
580 4251 680 4304 autem
704 4243 772 4305 libri
795 4242 852 4304 hoc
875 4253 938 4304 est:

290 4329 368 4411 Cap.
394 4331 416 4395 1.
451 4331 559 4408 refert,
593 4332 741 4411 quomodo
774 4333 901 4411 primurn
934 4331 1027 4393 stella
1059 4331 1099 4393 sit
1132 4332 1295 4394 observata
1324 4331 1432 4411 quique
1461 4332 1562 4394 nuncii

203 4421 320 4487 mesori
357 4419 444 4480 allati
482 4420 544 4482 siut
583 4441 601 4481 a
634 4420 761 4481 diversis
795 4421 1049 4483 observatoribus.
1111 4420 1210 4484 Stella
1247 4421 1416 4502 apparebat
1453 4429 1559 4482 exacte

203 4509 350 4583 1111111111,
384 4508 466 4570 11111
489 4509 571 4571 crine
594 4510 749 4588 projecto,
784 4509 999 4587 scintillatione
1023 4510 1211 4583 clarissima,
1247 4510 1395 4572 coloribus
1418 4510 1558 4573 variatis.

203 4597 412 4677 Bsgoitudiue
436 4598 632 4678 aequiparare
657 4598 815 4660 videbatur
837 4599 945 4661 Jovem
974 4601 1021 4660 vel
1046 4598 1207 4662 Venerem.
1254 4599 1469 4678 Econspsctu
1493 4598 1559 4658 dis-

203 4686 297 4753 111111
320 4686 398 4749 11111
413 4684 575 4749 Octobrem
601 4681 772 4750 11111605
797 4700 828 4751 et
851 4689 1044 4750 Februarium
1068 4684 1251 4752 11111606.
1281 4720 1319 4733 ·-
1345 4686 1421 4768 Cap.
1437 4687 1476 4750 H.
1493 4707 1559 4769 sqq.

203 4774 337 4860 explicat
351 4775 501 4854 Keplerus
525 4777 711 4855 astrologica
734 4779 899 4856 quaedam,
934 4797 991 4838 non
1017 4786 1133 4841 tautum
1157 4788 1191 4841 ut
1214 4778 1387 4840 satisfaciat
1410 4777 1560 4840 voluntati

203 4864 376 4949 logentium,
402 4864 451 4944 qui
475 4866 513 4926 ab
538 4874 709 4928 astronomo
734 4867 824 4927 etiam
850 4866 1035 4946 astrologica
1057 4869 1256 4948 postularent,
1282 4867 1336 4928 sed
1352 4887 1418 4928 1111
1432 4867 1560 4928 maxime

203 4954 241 5021 nb
272 4972 416 5027 causam,
451 4955 530 5033 quod
562 4964 680 5035 tempus
714 4955 855 5037 locusque
887 4956 997 5018 stellae
1029 4967 1209 5037 conspectae
1242 4956 1348 5019 incidit
1380 4956 1409 5019 in
1441 4964 1560 5040 tempus

251 5057 343 5109 111111
356 5058 433 5106 opera
455 5059 481 5100 1t
1314 5059 1348 5112 ³7
