3692 5842
577 1287 1084 1402 PROOEMIUM

244 1733 345 1848 Annis
372 1783 457 1851 1608
481 1796 512 1851 et
539 1784 621 1852 1609
645 1789 816 1867 percrebuit
839 1809 938 1851 mmor·
966 1808 1062 1851 novae
1086 1790 1128 1852 rei
1153 1792 1303 1866 detectae,
1329 1811 1404 1872 quae
1428 1792 1509 1854 haud

225 1876 300 1938 erito
324 1884 458 1938 attentos
483 1877 555 1939 iecit
578 1896 643 1938 cum
668 1895 780 1952 omnes,
806 1878 911 1958 quibus
936 1899 984 1939 res
1008 1878 1156 1940 humanae
1171 1879 1338 1960 artiumque
1362 1899 1507 1960 progres-

224 1973 423 2040 numerant,
447 1973 509 2028 tum
533 1965 692 2045 praecipue
716 1985 777 2040 eos,
804 1967 852 2047 qui
876 1966 1080 2030 astronomiae
1100 1987 1192 2047 opera
1215 1968 1338 2038 dabant,
1363 1969 1509 2030 detecti

233 2053 307 2116 icet
331 2053 412 2114 tubi
437 2055 561 2135 optiei.
608 2056 697 2115 Haud
727 2055 832 2117 mirum
855 2056 1037 2135 Kepierum,
1070 2056 1275 2118 avidissimum
1307 2076 1406 2119 rernm
1428 2056 1508 2118 scitu

227 2161 310 2204 arum
335 2142 489 2218 cultorem,
514 2144 618 2205 tubum
641 2144 728 2218 hunc,
754 2163 810 2224 quo
835 2144 908 2206 nihii
932 2144 1115 2224 praeclarius
1140 2145 1194 2207 ilia
1217 2155 1356 2225 tempora
1379 2144 1504 2224 excogi-

224 2239 265 2307 nt,
289 2242 389 2292 erecto
413 2233 514 2294 studio
539 2233 693 2311 accepisse
726 2252 869 2313 suumque
894 2234 921 2295 in
946 2254 1032 2296 usum
1055 2235 1194 2296 vertisse.
1240 2235 1313 2308 Ille,
1338 2234 1387 2315 qui
1412 2229 1506 2295 hebes

224 2367 227 2380 .
252 2321 367 2400 qualem
391 2341 424 2380 se
439 2321 505 2401 ipse
520 2322 696 2400 saepissime
720 2342 809 2401 aegre
829 2323 929 2384 ferens
944 2323 1111 2402 profitetur,
1135 2332 1260 2384 naturae
1276 2331 1378 2385 tamen
1395 2321 1505 2396 indole,

224 2417 270 2470 ato
293 2409 420 2470 ducente
445 2410 483 2471 ad
508 2410 722 2472 subtilissimas
746 2411 974 2473 observationes
998 2430 1176 2484 conversus,
1207 2411 1334 2473 aliorum
1358 2411 1505 2473 observa·
1542 2411 1546 2418 ’

228 2495 282 2559 bus
306 2497 489 2578 aliorumque
514 2499 641 2562 maxime
666 2499 757 2574 visui,
789 2520 856 2561 cum
884 2499 1071 2580 perspiciila·
1091 2500 1189 2580 ipsum
1218 2520 1324 2581 parum
1351 2501 1505 2580 juvarent,

224 2586 298 2647 ,dere
313 2595 437 2648 coactns
452 2597 550 2662 esset;
575 2587 635 2662 ilie,
661 2588 710 2667 qui
725 2609 836 2651 arcana
852 2591 1002 2651 coelorum
1026 2609 1085 2670 qua
1107 2599 1214 2668 posset
1228 2589 1344 2650 ratione
1362 2607 1504 2669 perscru-

224 2681 282 2748 tnr,
315 2683 346 2735 et
371 2695 446 2755 quae
475 2677 603 2739 deerant
634 2677 692 2755 ipsi
725 2678 915 2756 adjumenta,
951 2686 1013 2739 tnm
1047 2678 1262 2751 meditatione,
1294 2688 1358 2740 tum
1388 2677 1504 2740 calculo

224 2764 378 2832 terratico.
402 2771 464 2826 tum
487 2766 668 2845 phantasiae
692 2766 769 2827 ludis
794 2767 963 2845 suppleret,
987 2767 1038 2829 ilie
1063 2767 1207 2848 deniqne,
1232 2767 1281 2846 qni
1306 2765 1414 2845 opticis
1438 2765 1504 2826 dis-

224 2849 359 2914 itiouibus
383 2853 518 2929 deditus,
551 2874 608 2916 uon
633 2854 713 2915 levia
742 2862 772 2917 et
795 2854 919 2934 indigna
943 2856 1171 2931 mathematico,
1206 2856 1291 2935 eujus
1320 2854 1363 2916 rei
1392 2861 1504 2916 testem

224 2961 295 3003 mus
319 2960 393 3021 opus
418 2942 485 3004 huic
508 2943 641 3023 proxime
660 2945 868 3023 praemissum,
893 2945 923 3006 iu
939 2945 996 3007 hac
1011 2944 1139 3006 seientia
1153 2943 1370 3023 praestitisset,
1395 2961 1503 3023 magno

225 3039 291 3092 etus
320 3039 369 3092 est
400 3031 528 3110 gaudio,
561 3050 648 3113 quum
682 3032 943 3113 exoptatissimum
976 3035 1038 3097 suis
1071 3033 1181 3096 studiis
1214 3033 1333 3114 accepit
1364 3032 1504 3094 nuncium

224 3119 263 3182 cti
286 3120 452 3200 teiescopii.

238 3206 352 3270 Eodem
383 3217 484 3271 autem
513 3216 661 3289 tempore,
693 3229 750 3291 quo
778 3210 906 3289 primum
935 3210 1046 3271 certior
1080 3211 1179 3272 iactus
1212 3217 1261 3272 est
1283 3210 1435 3290 Kepierus
1466 3209 1503 3270 de

224 3295 432 3373 instrumento,
457 3298 610 3360 nunciavit
635 3296 836 3360 Galilaens
860 3299 1016 3360 Florentia
1029 3300 1159 3377 Pragam
1184 3318 1231 3374 ea,
1255 3317 1331 3378 quae
1355 3298 1421 3374 ejus
1446 3316 1503 3377 ope

224 3388 287 3448 nelo
311 3405 390 3448 nova
413 3387 660 3467 deprehenderit,
695 3397 727 3449 et
754 3406 820 3448 curn
854 3387 933 3448 haud
967 3388 1054 3465 pauci
1083 3395 1204 3461 esseut,
1239 3387 1289 3467 qui
1318 3384 1502 3459 dubitarent,

242 3493 314 3537 vera
338 3485 442 3538 essent
465 3496 515 3550 ea,
541 3495 616 3555 quae
642 3475 801 3538 Gaiiiaeus
824 3482 977 3546 narraret,
1011 3475 1161 3554 Keplerus
1185 3474 1342 3553 utrobique
1377 3474 1407 3535 in
1440 3491 1503 3535 rem

224 3581 245 3625 ιι
277 3582 403 3644 pergere
435 3565 610 3638 constituit,
644 3563 775 3639 Gaiiiaei
805 3563 992 3626 detectioues
1025 3564 1219 3638 confirmans,
1253 3563 1376 3643 tubique
1409 3561 1502 3641 optici

224 3663 374 3715 amentum
397 3662 517 3716 struens
542 3655 803 3722 mathematicum,
837 3652 883 3714 cni
917 3650 1126 3726 inniterentur,
1161 3652 1211 3732 qui
1239 3651 1410 3714 accuratius
1439 3669 1504 3712 rem

228 3759 331 3804 cocere
357 3743 478 3805 roiieut.
535 3744 580 3804 De
606 3741 737 3804 Gaiiiaei
762 3742 983 3804 detectionibus
1015 3741 1081 3821 agit
1108 3741 1138 3802 in
1172 3740 1301 3816 libellis,
1337 3740 1387 3822 qni
1418 3738 1503 3801 brevi

224 3831 292 3893 roris
316 3831 416 3911 spatio
440 3852 474 3893 se
493 3832 619 3894 invicem
642 3832 911 3911 subsequebantur,
937 3831 1016 3891 aiter
1039 3830 1200 3909 inscriptus
1230 3827 1501 3904 „Dissertatio“

224 3917 317 3982 icatio
332 3921 406 3983 data
421 3930 469 3984 est
483 3921 579 3984 Nouis
593 3921 667 4000 Maji
686 3917 797 3994 1610),
817 3924 895 3981 aiter
912 3919 1130 3994 ,Narratio“
1148 3920 1191 3992 (d.
1211 3918 1261 3982 11.
1277 3917 1365 3998 Sept.
1386 3913 1502 3992 1610);

246 4016 346 4072 autem
383 4010 474 4090 optici
513 4010 680 4072 doctrinam
717 4009 962 4071 mathematicam
994 4008 1150 4090 proposuit
1183 4008 1212 4070 in
1247 4006 1500 4087 „Dioptrica,“

224 4096 269 4161 iic.
295 4099 368 4159 datr
391 4097 528 4161 estrCah
553 4098 623 4161 Jau.
652 4096 745 4173 1611,
770 4098 920 4179 praefatio
944 4106 1045 4159 autem
1076 4106 1146 4177 post
1176 4098 1264 4158 finem
1297 4096 1376 4157 Iunii
1403 4090 1503 4168 1611)

226 4205 256 4250 ιιι
289 4187 421 4248 condens
454 4187 661 4267 disciplinam,
696 4207 784 4269 quam
816 4187 913 4250 secuti
945 4186 1061 4267 posteri
1094 4205 1131 4248 ea
1157 4185 1391 4266 praestiterunt,
1426 4202 1502 4263 quae

224 4293 238 4336 e
262 4275 445 4338 admiramur
468 4277 497 4339 in
521 4278 657 4339 aedificio
683 4275 885 4357 ,Opticae“
910 4275 1022 4354 optime
1047 4274 1221 4338 constituto.

235 4363 343 4427 Iusnnt
368 4365 585 4445 „Dioptricae“
610 4367 822 4445 supplementa
844 4384 962 4439 eorum,
998 4384 1074 4444 quae
1107 4363 1136 4424 in
1162 4360 1315 4440 „Optiea“
1341 4359 1389 4421 vel
1410 4358 1501 4438 plane

225 4473 269 4527 sa,
293 4454 342 4516 vel
366 4454 458 4515 verbo
482 4462 600 4516 tautum
624 4463 742 4517 attacta
765 4464 844 4530 sunt,
870 4464 909 4528 et,
936 4472 1115 4534 quamquam
1138 4451 1287 4530 Kepierus
1312 4447 1359 4509 hio
1384 4465 1499 4527 quoque

224 4541 275 4604 ium
303 4541 485 4621 ipsissimam
509 4544 698 4606 retractionis
722 4545 820 4622 legem
852 4542 1046 4622 cognoverit,
1079 4541 1109 4603 id
1140 4548 1259 4607 tamen,
1294 4537 1371 4617 quod
1395 4534 1500 4615 proxi-

224 4631 374 4710 rpectabat
388 4632 470 4693 edito
494 4633 550 4694 hoc
574 4652 673 4712 opere,
697 4632 834 4693 tuborum
858 4632 1025 4712 optinorum
1049 4628 1302 4691 constructionem
1326 4625 1498 4687 mathema-

224 4720 371 4804 nlprimus
391 4719 521 4783 omnium
543 4721 601 4783 rite
626 4720 729 4793 tradit,
755 4739 843 4800 quum
870 4720 922 4782 aiii
952 4718 1071 4781 nonnisi
1093 4716 1298 4779 mechanicam
1319 4720 1499 4775 coustmeu-

224 4824 250 4870 ιιι
281 4809 420 4872 tuborum
454 4818 551 4873 artem
584 4816 763 4871 tractarent.
822 4809 896 4883 Iiie,
936 4827 1024 4889 quum
1060 4808 1125 4888 ipse
1163 4813 1228 4867 arte
1260 4802 1437 4865 mechanica
1469 4808 1502 4861 et

224 4913 287 4960 unm
310 4899 349 4960 ad
374 4898 452 4960 talia
474 4898 658 4962 conficienda
679 4896 893 4978 promtitudine
917 4916 1023 4976 parurn
1046 4897 1173 4969 valeret,
1197 4892 1364 4957 doctrinam
1377 4889 1499 4952 mathe-

224 5003 285 5050 ιιιιι
308 4986 338 5048 iu
360 4987 506 5050 auxilium
530 4988 700 5062 advocavit,
725 5005 819 5066 eaque
844 4985 910 5049 sola
924 4987 1088 5066 adjuvaute
1112 4983 1177 5046 tubi
1200 4979 1393 5046 construendi
1415 4979 1500 5069 leges

224 5087 426 5142 moran.
1254 5085 1288 5146 211
