3692 5842
214 667 251 726 R'
274 671 308 736 Θ
327 672 369 726 26.
392 670 490 724 31126

214 771 228 784 -
266 746 326 796 lic.
394 744 500 795 2667.

215 853 223 868 .
249 817 308 869 obl.
331 818 460 881 horoscopi
488 815 546 866 115.
567 815 610 865 67.
632 817 715 868 061161
735 816 776 868 10.
815 815 876 883 611.
897 817 1016 884 Augai,
1038 818 1170 869 2443,
1191 818 1233 870 ³6.

681 884 777 952 pas.
798 889 869 952 511·
971 887 1057 938 13013
1130 889 1218 940 73670

563 971 715 1042 161101,
730 960 846 1028 'ps-14*
954 958 1058 1010 163576
1113 959 1218 1011 101660
1328 961 1424 1012 3016

951 1029 1059 1081 toleto
1099 1033 1217 1100 Ῑῑὲἷῇ)
1269 1079 1297 1087 -
1332 1049 1373 1099 28.
1394 1049 1551 1116 stipantes.

951 1118 1155 1241 51113492ἕέ10·
1176 1120 1208 1239 Ῑέ
1228 1142 1290 1190 Visa
1299 1123 1440 1192 lm
1447 1145 1509 1204 sept.

807 1273 933 1342 Locus)
961 1281 1026 1329 visus
1046 1279 1088 1329 28.
1109 1278 1151 1330 to.
1172 1278 1205 1329 15
1226 1281 1252 1344 Υ

993 1348 1025 1411 Θ
1045 1350 1087 1416 28.
1109 1349 1149 1400 36.
1170 1350 1212 1401 26.

591 1422 657 1468 Anto
678 1416 711 1473 ³⁴.
731 1434 765 1469 sc.
788 1420 811 1469 b.
832 1417 874 1469 23.
895 1418 947 1479 54⁴,
969 1422 1015 1470 iuit
1033 1437 1091 1472 cera
1111 1416 1149 1489 (1.

284 1487 332 1550 81)
351 1506 375 1553 1.
397 1486 456 1537 321.
495 1490 578 1551 Tycbo
597 1490 613 1539 l.
635 1507 656 1540 c.
677 1491 775 1540 exhibet
800 1494 985 1557 „quaestionem
1013 1496 1163 1558 propositam
1186 1509 1203 1543 a
1227 1493 1263 1543 61.
1285 1493 1393 1557 casparo
1413 1493 1553 1544 Peucero

214 1558 271 1622 dio)
291 1563 317 1610 16
334 1562 487 1624 promotione
506 1562 612 1624 quadam
632 1562 812 1627 Witcbcrgensi
832 1579 855 1613 a.
881 1559 973 1620 1573“,
993 1566 1019 1613 16
1037 1578 1087 1628 qua
1103 1565 1185 1615 Procli
1204 1567 1307 1615 assertio
1326 1565 1490 1614 examinatur.

283 1629 330 1690 82)
343 1647 367 1694 p.
383 1628 443 1679 321.
476 1631 527 1680 116
537 1633 678 1681 66111666
697 1635 721 1682 16
737 1633 805 1698 llisp.
820 1633 915 1684 16161.
930 1650 953 1697 p.
970 1633 1010 1682 18.
1023 1635 1086 1686 6666
1105 1637 1193 1686 refert:
1214 1632 1411 1686 6616615711.
1427 1632 1468 1684 16.
1484 1634 1553 1698 Sept.

214 1717 268 1754 ans
286 1702 312 1751 6.
333 1698 358 1748 l.
378 1702 481 1751 vidimus
501 1717 542 1750 cor
560 1703 650 1752 Leonis
669 1719 685 1753 a
704 1704 801 1754 Venere
820 1712 921 1755 tectum.
960 1707 1031 1755 buno
1053 1703 1128 1754 1590.
1149 1708 1172 1756 1.
1188 1707 1243 1757 Oct.
1266 1703 1290 1755 3.
1310 1721 1384 1756 61666
1402 1707 1427 1754 6.
1447 1704 1552 1756 66111-

214 1789 246 1826 66
268 1773 475 1823 ilementorum
495 1789 511 1822 a
531 1774 627 1823 Venere
647 1776 806 1825 occultatum.
843 1776 884 1826 Sic
904 1776 926 1825 d.
948 1774 971 1824 3.
991 1777 1049 1826 Jau.
1074 1784 1194 1841 sequente
1212 1778 1316 1827 vidimus
1333 1778 1421 1827 lovem
1439 1783 1518 1826 totum
1538 1792 1554 1825 a

214 1845 279 1896 'arte
298 1844 454 1908 eclipsatum.
492 1844 564 1905 Quod
582 1853 666 1895 autem
685 1846 724 1895 bic
743 1847 811 1897 Mars
829 1846 878 1897 11116
898 1847 983 1896 Venus
1001 1849 1101 1897 interior
1121 1849 1209 1906 166611,
1230 1848 1404 1898 dilucidissime
1424 1863 1455 1898 ex
1473 1849 1554 1898 colors

214 1917 302 1968 enoris
322 1915 427 1966 candido
447 1922 473 1965 ct
490 1915 578 1964 6166116
596 1918 670 1982 igneo
688 1919 806 1967 mtilaute
825 1918 961 1981 dijudicare
979 1920 1056 1969 licuit.

286 1983 334 2046 83)
353 2002 377 2049 p.
399 1983 458 2035 321.
498 1986 579 2047 Quam
605 1991 744 2051 opinionem
770 1991 872 2039 retraxit
890 1989 1023 2052 Keplerus,
1048 1991 1182 2039 reformata
1201 1990 1303 2053 abipso
1323 1991 1347 2037 16
1367 1988 1454 2038 melius
1474 1994 1552 2038 astro·

214 2059 288 2114 16116,
309 2070 375 2106 anuo
397 2054 470 2105 1629.
493 2060 518 2108 16
539 2058 729 2116 „admonitione
749 2061 779 2110 de
802 2062 863 2110 raris
885 2062 1000 2125 mirisque
1023 2060 1201 2125 phoenomenis
1223 2062 1283 2110 anni
1305 2056 1554 2124 1631.“11166611666

214 2129 351 2194 pbemeridi
376 2131 434 2178 anni
457 2125 536 2188 1631,
561 2145 635 2193 quam
654 2131 753 2195 Lipsiae
778 2131 1441 2196 6111111116.8661666166,Κ611161116666.-
1479 2127 1551 2191 Quae

214 2217 223 2252 s
244 2200 286 2250 his
306 2213 361 2248 cum
381 2200 493 2249 Fabricio
512 2202 597 2265 egerit.
619 2203 775 2266 1616616116
794 2203 948 2265 praelatione
967 2219 990 2266 p.
1006 2200 1038 2250 37
1053 2218 1073 2251 6.

287 2267 334 2331 et)
353 2286 376 2333 p.
398 2269 458 2318 322.
496 2271 660 2322 Mercator
688 2281 775 2323 testem
802 2274 904 2324 adducit
922 2275 1078 2336 Auonium
1105 2271 1308 2329 monachum,b.
1329 2287 1351 2321 6.
1371 2272 1482 2329 aimoin,
1501 2271 1552 2320 ord.
1653 2297 1658 2306 =

215 2383 216 2388 ,
237 2340 355 2397 Bened..
375 2343 416 2405 qui
435 2356 456 2390 6.
477 2342 550 2391 tinem
570 2358 619 2393 sec.
638 2343 668 2393 X.
689 2346 832 2407 conseripsit
850 2345 985 2395 Historiam
1007 2347 1164 2395 Francorum.
1204 2341 1301 2407 (Comp.
1320 2346 1397 2406 prasi.
1417 2359 1442 2406 p.
1463 2341 1513 2391 110
1532 2356 1551 2392 6.

214 2427 220 2462 1
239 2412 354 2462 libellum
371 2414 514 2476 inscriptum
536 2413 744 2470 „Phaenomenou
762 2416 906 2482 6161611166ιι
927 2415 971 2466 dcc.
992 2418 1016 2466 16
1035 2431 1082 2480 quo
1102 2430 1207 2465 errorem
1226 2414 1329 2464 deloco
1348 2415 1467 2466 nodorum
1485 2413 1553 2463 Mer-

214 2485 257 2534 rr'li
276 2484 378 2547 corrigit
396 2482 540 2547 Keplerus.)

281 2553 407 2604 Nuncium
426 2556 497 2617 bajus
517 2557 693 2606 observationis
713 2559 811 2622 accepit
823 2557 947 2621 Keplerus
960 2559 992 2608 ab
1004 2557 1133 2608 Herwarto
1153 2555 1244 2620 (comp.
1262 2557 1340 2622 praei.
1354 2555 1388 2606 ad
1401 2554 1552 2614 „Phaeuom

214 2622 305 2756 ¹ss·“)·)
336 2624 418 2686 Quam
446 2626 506 2676 dicit
532 2628 727 2678 observationem
747 2631 856 2685 Anartoi,
877 2629 1039 2694 Copornicum
1067 2638 1167 2680 secutus
1193 2630 1268 2678 reiert
1296 2626 1387 2691 (comp.
1416 2626 1494 2692 praei.
1521 2628 1553 2676 ad

224 2713 259 2762 op
283 2763 455 2831 8611611.
501 2767 636 2831 Keplcmm
664 2769 701 2818 his
730 2771 808 2819 rcrbis
836 2771 905 2820 lac.
937 2771 1192 2820 Christmanuum
1219 2769 1393 2835 significasse,
1421 2782 1453 2817 ex
1478 2767 1577 2818 literis·

214 2875 218 2889 .
241 2839 391 2890 Fabricii
420 2839 452 2887 ad
479 2840 615 2902 Keplemm
645 2841 709 2889 datis
737 2845 838 2905 ejusque
866 2843 1025 2904 responsione
1056 2846 1135 2905 patet.
1175 2841 1342 2890 Christmanui
1361 2854 1421 2903 opus
1440 2838 1553 2900 (Observ.

214 2909 318 2960 riarium
337 2910 389 2959 11661
408 2907 471 2971 tres)
491 2927 565 2974 quum
584 2926 600 2959 a
619 2912 764 2974 quibusdam
783 2915 947 2963 recentiorum
972 2912 1039 2962 baud
1064 2914 1132 2976 parvi
1160 2913 1283 2962 habeatur
1302 2918 1327 2960 et
1353 2924 1441 2973 parum
1468 2917 1555 2959 uotum

214 2997 219 3031 1
250 2977 344 3044 (comp.
365 2982 499 3031 Kacstneri
527 2982 584 3029 hist.
613 2982 693 3032 ltath.
714 2983 759 3039 lV,
778 2982 839 3032 123.
878 2982 1227 3049 866616611161611661116.
1249 2983 1297 3043 ΠΙ,
1315 2998 1339 3046 p.
1359 2978 1397 3042 5).
1422 2995 1506 3044 pauca
1523 2980 1554 3031 de

214 3067 234 3104 e
255 3052 442 3117 praemittenda
466 3068 595 3103 censemus
621 3053 698 3102 literis
717 3055 822 3105 Fabricii
842 3061 867 3104 et
885 3055 997 3118 chleri,
1016 3069 1080 3119 quae
1106 3056 1246 3118 aequalium
1265 3054 1296 3103 de
1320 3053 1362 3102 illo
1387 3053 1554 3102 testimonium

214 3123 318 3175 hibent.
356 3124 385 3172 16
405 3123 560 3173 dedicatione
582 3124 629 3181 ,0.
651 3124 742 3174 006661
761 3126 844 3176 Braba
865 3126 946 3183 Dauo,
971 3128 1050 3175 amico
1070 3127 1206 3190 singulari⁸⁴
1226 3128 1268 3189 qui
1287 3125 1441 3188 aliquantum
1460 3122 1554 3173 Christ-

214 3197 277 3246 anni
295 3195 400 3257 hospitio
420 3196 562 3251 fruebatur,
590 3197 682 3251 scribit,
702 3197 770 3245 illum
789 3204 952 3261 opportunam
972 3199 1016 3259 ipsi
1036 3199 1191 3248 occasionem
1215 3196 1371 3260 praebuisse,
1400 3209 1427 3244 se
1446 3194 1472 3243 in
1491 3196 1555 3244 aml-

214 3269 280 3318 tlam
299 3264 425 3326 Tycbonis
444 3267 584 3315 insinuandi
605 3276 630 3315 et
649 3283 703 3316 cum
724 3269 810 3318 eodem
830 3270 860 3318 de
879 3268 1089 3317 obsecrationibus
1103 3268 1228 3318 Solaribus
1247 3266 1396 3317 6661666611.
1434 3265 1464 3314 16
1482 3280 1556 3329 opere

214 3353 241 3388 so
265 3338 411 3398 saepissime
430 3336 532 3401 ablegat
544 3338 576 3387 ad
589 3337 740 3400 1166666116,
760 3341 838 3390 616116
851 3354 880 3389 66
893 3341 947 3400 ejus
966 3340 1079 3401 operibus
1098 3340 1238 3396 decumano,
1258 3350 1383 3400 nunquam
1397 3349 1453 3385 roro
1471 3337 1555 3399 palam

214 3425 258 3460 em
279 3422 388 3457 merens.
426 3409 624 3458 Fundamentum
652 3411 865 3474 agnoscendorum
892 3417 1003 3458 motuum
1032 3410 1174 3460 coelestium
1200 3410 1270 3474 pouit
1295 3407 1487 3468 „sublimitatem
1505 3407 1557 3470 poli

214 3479 330 3530 nudant·
350 3493 425 3542 quam
445 3476 460 3525 6
480 3479 580 3528 diversis
608 3482 686 3530 modis
714 3481 912 3547 investigandam
941 3481 1015 3530 docet
1033 3483 1101 3530 etin
1120 3483 1186 3531 11666
1204 3481 1280 3530 66616
1308 3480 1441 3528 maximam
1461 3477 1515 3527 libri
1533 3477 1554 3526 1.

214 3557 287 3601 ,rtem
308 3558 471 3599 consummat.
509 3552 539 3600 Iu
551 3551 618 3601 libris
637 3554 731 3602 duobus
750 3555 923 3616 posterioribus
942 3554 1073 3601 ostendero
1087 3560 1198 3610 conatur,
1217 3551 1397 3615 triangulomm
1415 3548 1554 3598 doctrinam

214 3637 242 3674 16
265 3621 477 3671 observationibus
496 3621 621 3672 Solaribus
640 3625 706 3674 nullo
733 3626 806 3674 modo
834 3624 1007 3687 comprehendi
1035 3639 1121 3687 posse,
1152 3637 1244 3687 „quare
1263 3621 1288 3670 hi
1307 3621 1442 3671 rectissime
1470 3619 1555 3669 iacere

214 3694 321 3750 166166,
351 3694 390 3755 qui
410 3708 454 3754 per
478 3707 557 3743 anuos
586 3696 679 3758 aliquot
705 3697 842 3759 simplicem
869 3703 962 3744 motum
981 3694 1044 3745 Solis
1063 3696 1192 3759 exquirunt
1220 3694 1373 3757 eundemque
1391 3706 1436 3756 per
1454 3690 1553 3740 demon·

214 3765 333 3815 rationes
351 3765 458 3813 lineares
476 3766 501 3813 16
520 3765 592 3830 globo
612 3765 748 3830 descriptas
768 3766 928 3817 exarniuaut“
949 3765 995 3816 dte.

281 3835 377 3895 Quibus
405 3837 487 3885 causis
515 3836 638 3899 Keplerus
668 3848 748 3887 motus
785 3846 859 3888 tauta
894 3837 1051 3887 vehementia
1084 3838 1109 3885 16
1139 3836 1341 3886 Cbristmanuum
1376 3836 1488 3884 invectus
1515 3832 1556 3886 111,

214 3914 328 3974 (1666166
348 3907 454 3956 Fabricii
472 3908 560 3956 literae
579 3910 701 3973 ipsiusque
722 3910 888 3959 Gliristmanni
907 3910 940 3959 ad
959 3910 1098 3958 Fabricium
1117 3908 1178 3958 data
1196 3906 1314 3972 epistola,
1335 3919 1396 3970 quas
1416 3919 1429 3954 e
1448 3903 1504 3954 Vol.
1524 3903 1554 3952 X.

214 3992 321 4029 166666.
340 3978 462 4040 Petropol.
483 3979 654 4037 desumimus,
675 3981 845 4030 declarabunt.

283 4050 412 4098 Fabricius
432 4047 468 4108 (1.
491 4047 575 4107 latta.
595 4051 680 4100 Martii
700 4050 779 4113 1602)
798 4053 862 4101 haec
881 4052 979 4115 scripsit
996 4050 1122 4115 Keplero:
1147 4049 1230 4099 Edidit
1249 4049 1357 4113 proximo
1377 4061 1442 4097 auno
1463 4045 1555 4095 Christ-

214 4135 307 4172 suuus.
321 4121 435 4170 Heidelb.
449 4121 651 4178 Mathematicus.
668 4123 755 4173 librum
769 4125 799 4173 de
813 4123 871 4173 Obs.
886 4123 1020 4172 Solaribus.
1040 4122 1142 4173 Summa
1155 4125 1209 4184 ejus
1222 4127 1267 4180 est,
1287 4121 1351 4185 quod
1369 4119 1557 4168 tundamentum

214 4194 324 4244 ‹ctrinae
342 4192 519 4256 triangulorum
539 4208 568 4242 er
593 4194 803 4244 observationibus
822 4195 947 4244 Solaribus
974 4197 1124 4244 constituere
1149 4195 1251 4242 nitatur.
1289 4191 1340 4241 Res
1358 4192 1421 4238 mira
1440 4196 1466 4239 et
1483 4201 1555 4237 nora.

214 4270 373 4331 gumentcm
392 4272 478 4312 166166
496 4264 573 4314 habet
591 4280 646 4314 meo
662 4267 756 4328 judicio
774 4282 824 4316 uon
844 4266 1061 4318 contemnendum.
1080 4266 1102 4314 si
1120 4272 1190 4314 vetus
1209 4267 1281 4320 ratio,
1301 4262 1411 4313 solvendi
1430 4260 1556 4324 triangula

216 4335 370 4400 liquangula
390 4350 433 4398 per
451 4337 630 4398 proportionem
656 4340 753 4387 sinuum
781 4353 904 4387 versorum
934 4340 1075 4401 aequatoris
1095 4344 1121 4385 et
1138 4336 1248 4399 paralleli
1272 4331 1381 4396 (circuli)
1401 4331 1478 4391 Solis,
1498 4343 1557 4379 sera

214 4415 244 4462 11
266 4407 326 4455 binc
345 4421 448 4455 necesse
468 4413 513 4461 ast.
534 4406 616 4457 Solem
635 4410 800 4473 inaequaliter
818 4411 842 4458 16
862 4409 986 4472 parallelis
1005 4409 1096 4457 moveri
1115 4413 1229 4470 respectu
1249 4407 1399 4471 sequuturis.
1438 4401 1488 4454 Sed
1506 4416 1556 4451 uon

214 4485 303 4528 eretur
330 4477 511 4541 inaequaliter,
535 4504 568 4512 —
588 4494 653 4544 ergo.
692 4480 854 4529 Demonstrat
871 4480 919 4529 hoc
943 4481 991 4528 sic:
1020 4481 1112 4542 accipit
1136 4479 1301 4542 quadrantem
1327 4475 1439 4541 paralleli
1461 4473 1556 4525 revolu-

214 4553 265 4601 1616
296 4549 400 4598 diurnae
420 4548 492 4609 Solis,
519 4564 623 4614 eumque
643 4552 666 4599 in
690 4549 807 4615 bpartes
826 4552 863 4601 cel
884 4549 900 4599 6
918 4551 993 4600 horas
1012 4550 1109 4609 dividit,
1137 4556 1294 4613 6161116661,
1314 4554 1421 4612 quantus
1441 4546 1556 4597 arcasin

214 4637 235 4670 a
257 4620 378 4684 parallelo
397 4621 547 4683 respondeat
560 4623 602 4669 uni
615 4621 691 4672 horae
711 4624 884 4688 aequinoctiali
905 4623 1049 4686 aequaliter.
1075 4621 1124 4670 Hic
1143 4635 1199 4669 vero
1224 4634 1296 4669 arcus
1315 4618 1428 4684 paralleli
1456 4632 1556 4680 respou-

217 4707 260 4750 66,
280 4707 325 4754 per
338 4691 477 4742 doctrinam
496 4693 675 4757 triangulorum
689 4700 715 4744 et
727 4695 823 4744 sinuum
842 4709 966 4744 versorum
980 4695 1121 4757 aequetoris
1135 4698 1161 4741 et
1173 4691 1286 4755 paralleli
1304 4691 1443 4754 inquisitus,
1462 4701 1555 4753 nequa-

214 4779 266 4815 lam
285 4765 402 4813 convenit
420 4777 474 4813 cum
493 4765 580 4828 priore.

281 4834 349 4894 Quid
366 4834 407 4883 hic
427 4834 558 4884 dicendum
578 4843 622 4885 ant
640 4836 838 4899 respondendum
856 4837 888 4884 sit
906 4850 956 4885 nou
975 4836 1053 4886 video.
1080 4834 1136 4884 Non
1157 4833 1255 4882 dubium
1275 4839 1313 4882 est
1331 4834 1389 4897 quin
1403 4829 1445 4881 661
1464 4845 1556 4896 aequa-

215 4921 246 4957 er
265 4911 319 4955 tam
338 4907 363 4954 in
383 4905 507 4969 parallelis
526 4913 655 4957 moveatur
673 4922 746 4970 quarn
766 4909 791 4955 in
811 4912 959 4972 aequatore.
986 4908 1084 4957 iuterim
1104 4914 1190 4956 tamen
1216 4911 1287 4954 vetus
1315 4904 1429 4954 16616166
1446 4905 1559 4967 triangu-

214 4991 271 5028 6666
291 4977 366 5026 aliurn
386 4991 470 5027 areum
489 4978 602 5040 paralleli
622 4978 673 5027 dat.
700 4977 791 5038 Quare.
812 4981 844 5028 mi
859 4978 966 5028 Domine
980 4978 1097 5042 Keplore‚
1113 4985 1157 5026 aut
1167 4976 1280 5026 16616166
1292 4981 1363 5025 vetus
1381 4974 1560 5040 triangulorum

214 5049 264 5100 1616
283 5047 426 5112 abjicienda
438 5049 485 5098 erit
497 5057 542 5098 aot
561 5050 692 5099 absurdum
704 5049 751 5099 boc
765 5051 910 5107 concedere,
930 5050 994 5114 quod
1008 5050 1049 5100 Sol
1068 5049 1234 5114 inaequaliter
1244 5048 1271 5097 iu
1283 5045 1410 5112 parallelis
1420 5052 1557 5098 moveatur.
