3692 5842
1527 494 1692 558 Caput
1726 492 1789 544 v.
1831 453 1881 544 s.
2527 489 2533 495 ·
2926 495 3061 564 239

340 670 584 749 globum
632 670 1000 751 pertingere,
1051 670 1249 733 omnia
1293 670 1628 733 clarissime
1668 678 1732 732 et
1765 671 2199 749 jucundissime
2237 672 2297 733 in
2347 674 2631 753 opposita
2673 694 2903 757 papyro
2951 696 3063 757 per

339 759 764 840 crystallinum
823 759 1244 840 depingantur.
1343 758 1611 838 Cumque
1659 760 1719 820 in
1778 760 1952 821 unica
2013 762 2124 822 hac
2185 763 2513 823 remotione
2571 765 2813 842 (nempe
2870 766 3057 826 semi-

339 847 620 910 diametri
665 849 883 929 papyri
928 870 967 910 a
1011 849 1222 928 globo)
1284 849 1521 929 pictura
1576 858 1902 927 appareat,
1962 859 2102 910 ante
2151 858 2216 910 et
2260 857 2399 929 post
2454 854 2561 913 fiat
2616 853 2925 929 confusio,
2991 855 3059 916 fit

335 946 540 998 tamen
588 939 770 1017 plane
818 939 1183 999 contrarium
1245 938 1549 1017 applicato
1609 937 1797 997 oculo.
1893 937 2052 999 Nam
2099 939 2153 999 si
2199 940 2408 999 oculus
2465 941 2870 1004 constituatur
2915 951 3058 1021 post.

333 1026 556 1088 vitrum
603 1026 1054 1088 semidiametro
1084 1026 1267 1103 globi,
1319 1026 1418 1087 ubi
1448 1026 1611 1103 prius
1660 1024 2125 1087 distinctissima
2165 1035 2299 1088 erat
2337 1028 2592 1107 pictura,
2633 1031 2762 1109 jam
2791 1032 3056 1093 maxima

331 1114 548 1177 existit
610 1116 884 1177 confusio
954 1134 1149 1176 rerum
1214 1134 1322 1194 per
1392 1115 1615 1176 vitrum
1691 1124 2305 1192 repraesentaturum.
2421 1118 2663 1180 Vitrum
2728 1119 2883 1180 euim
2950 1130 3057 1181 aut

331 1211 527 1266 totum
576 1204 854 1278 lucidum,
907 1212 1014 1265 aut
1057 1213 1250 1265 totum
1297 1206 1559 1277 rubeum,
1612 1211 1717 1265 aut
1764 1211 1955 1265 totum
2013 1205 2398 1266 tenebrosum
2447 1208 2551 1268 διο.
2615 1217 2891 1287 apparet.
2986 1209 3058 1271 Si

329 1294 576 1373 propior
621 1294 732 1354 fiat
772 1293 977 1354 oculus
1026 1293 1223 1371 globo,
1275 1292 1466 1354 cernit
1514 1293 1827 1371 oppositas
1876 1312 1974 1354 res
2022 1302 2257 1354 erectas
2298 1304 2361 1354 et
2401 1315 2672 1374 magnas,
2725 1296 2824 1357 ubi
2872 1317 3057 1378 super

327 1401 565 1463 papyro
614 1382 1084 1453 confunduntur,
1135 1383 1227 1442 sin
1290 1381 1537 1443 recedat
1583 1401 1620 1441 a
1660 1381 1838 1460 globo
1889 1382 2124 1460 longius
2173 1383 2358 1442 semi-
2589 1436 2640 1484 F·
2740 1433 2806 1483 76

327 1471 631 1533 diametro
696 1470 895 1550 globi,
963 1469 1413 1551 comprehendit
1458 1489 1555 1531 res
1615 1470 1919 1532 distinctis
1975 1470 2355 1550 imaginibuS,
2629 1451 2695 1502 '⁸'
2811 1473 2823 1485 '

327 1578 540 1622 everso
586 1560 727 1633 situ,
778 1569 841 1621 et
868 1578 1091 1639 parvas
1131 1568 1193 1621 et
1229 1559 1286 1619 in
1338 1560 1472 1637 ipsa
1517 1559 1680 1637 globi
1726 1559 2036 1637 superficie
2084 1560 2356 1638 proxima

325 1649 674 1711 haerentes.
765 1649 941 1709 Prius
998 1667 1139 1710 vero
1194 1666 1422 1728 papyro
1481 1648 1561 1709 ibi
1610 1649 1731 1709 sita
1791 1659 2120 1709 evanuerat
2174 1649 2352 1727 plane

323 1737 581 1816 pictura.
655 1737 826 1799 Haec
873 1738 1073 1798 omnia
1118 1739 1265 1798 fiunt
1312 1737 1472 1797 circa
1519 1737 1758 1815 globum
1809 1756 2062 1816 aqueum
2108 1747 2354 1815 propter

321 1826 725 1889 refractiones
773 1835 835 1887 et
880 1827 1166 1905 figuram,
1219 1845 1288 1886 eo
1338 1826 1493 1906 quod
1542 1826 1896 1886 convexitas
1957 1826 2160 1904 aliqua
2204 1827 2353 1887 insit

319 1916 569 1997 figurae.
688 1914 839 1978 Cum
900 1916 1081 1994 igitur
1138 1922 1202 1975 et
1262 1914 1650 1994 crystallinus
1716 1935 1747 1975 e
1811 1916 2094 1975 convexis
2161 1915 2243 1976 sit
2289 1922 2352 1976 et

321 2005 570 2068 densior
644 2004 1170 2066 circumstantibus
1245 2004 1625 2078 humoribus,
1709 2012 1774 2064 ut
1845 2022 2002 2082 aqua
2068 2004 2128 2064 in
2193 2004 2348 2064 vitro

323 2096 570 2157 densior
616 2103 713 2155 est
759 2100 937 2154 aere:
1005 2092 1192 2171 igitur
1248 2111 1631 2172 quaecunque
1681 2093 1753 2153 de
1801 2092 1979 2171 globo
2042 2111 2232 2171 aqueo
2288 2093 2345 2153 in
2493 2155 2513 2175 s

322 2186 481 2246 huuc
526 2183 765 2243 modum
815 2191 878 2242 et
914 2181 1006 2243 his
1055 2181 1267 2241 mediis
1323 2181 1413 2241 usi
1462 2181 2086 2249 demonstraverimus,
2137 2181 2346 2241 eadem

320 2272 493 2334 etde
539 2271 890 2351 crystallino
946 2270 1204 2349 probata
1253 2279 1452 2343 erunt,
1512 2270 1837 2331 reservatis
1896 2270 1950 2329 ei
2013 2269 2348 2349 privilegiis

322 2362 450 2424 suis
515 2361 595 2422 ob
659 2368 886 2422 certam
962 2358 1364 2420 convexitatis
1439 2359 1724 2436 figuram,
1804 2358 2243 2437 discrepantem
2311 2379 2349 2419 a

322 2450 712 2513 convexitate
742 2449 930 2528 globi.
1007 2449 1386 2509 Accedamus
1436 2447 1618 2525 igitur
1657 2448 1733 2508 ad
1775 2448 2344 2509 demonstrationem

324 2558 566 2612 eorum,
634 2557 788 2620 quae
836 2537 1193 2616 contingunt
1247 2538 1408 2598 circa
1472 2536 1712 2615 globum
1777 2537 2191 2616 crystallinum
2240 2557 2345 2597 seu

321 2648 360 2687 v
446 2647 602 2689 eum.

363 2639 444 2691 m
502 2716 936 2796 Propositio
1015 2716 1066 2775 I.
1196 2714 1531 2774 Problema.
1652 2713 1923 2773 Locum
1995 2713 2345 2791 imaginis

320 2808 642 2885 vulgata
723 2806 842 2865 via
924 2803 1286 2875 invenire,
1370 2821 1446 2863 re
1528 2820 1654 2879 per
1746 2802 2030 2880 globum
2129 2802 2346 2863 medii

322 2895 710 2959 densioris
776 2894 1123 2972 inspecta
1192 2899 1501 2970 utroque
1568 2891 1802 2951 oculo.
1926 2890 2064 2953 Sint
2122 2891 2206 2964 E,
2275 2893 2342 2966 F,

319 2988 399 3060 H,
452 2983 513 3045 G
562 2991 788 3062 puncta
834 2982 891 3042 iu
941 2982 1118 3058 globo
1166 2980 1345 3040 medii
1395 2979 1707 3052 densioris,
1757 2980 1816 3038 A
1863 2988 2145 3057 punctum
2194 2980 2344 3041 visi-

320 3076 474 3147 bile,
505 3073 580 3147 B,
615 3071 665 3134 C
715 3071 901 3145 oculi,
951 3080 1014 3131 et
1059 3070 1090 3130 I
1136 3078 1405 3130 centrum
1451 3067 1742 3147 sphaerae
1793 3068 1922 3128 loco
1972 3069 2344 3129 intermedio.

319 3163 584 3243 Siutque
644 3163 723 3236 F,
791 3161 848 3220 H
912 3167 1135 3238 puncta
1200 3157 1623 3219 refractionum
1692 3158 1764 3217 ad
1833 3157 2074 3231 oc'uIOS,
2143 3158 2226 3231 Ε,
2289 3156 2343 3218 G

318 3262 556 3334 puncta
613 3249 1043 3311 refractionum
1109 3247 1186 3308 ad
1253 3265 1376 3306 rem
1440 3245 1738 3305 visibilem
1798 3246 1855 3307 in
1914 3249 1994 3308 A.
2089 3247 2348 3308 Primum

323 3343 377 3402 si
415 3342 473 3403 Ε
509 3350 608 3401 est.
652 3347 941 3419 puuctum
989 3335 1391 3406 refractioniS,
1442 3342 1506 3394 et
1540 3334 1645 3394 EF
1683 3334 1763 3394 sit
1800 3336 2003 3395 radius
2052 3337 2348 3397 refractus

324 3432 405 3493 ab
452 3429 587 3501 ΑΕ,
637 3436 779 3489 tunc
809 3426 977 3488 ΑΕΓ
1024 3426 1139 3487 erit
1185 3443 1304 3484 una
1351 3423 1693 3503 superficies
1724 3422 1910 3502 (Cap.
1942 3425 2055 3492 ΙΙΙ,
2097 3425 2216 3485 def.
2257 3423 2347 3497 2).

329 3520 457 3583 Sed
508 3516 699 3597 (Cap.
748 3517 862 3591 III,
917 3510 1027 3587 16)
1076 3514 1243 3575 AEF
1292 3512 1637 3593 superficies
1686 3521 1783 3573 est
1836 3513 2347 3591 perpendicularis

323 3628 506 3688 super
570 3608 851 3685 globum,
917 3605 1028 3665 hoc
1093 3612 1190 3663 est
1259 3601 1482 3662 transit
1543 3620 1652 3679 per
1709 3601 1740 3661 I
1803 3610 2090 3663 centrum.
2183 3602 2346 3680 Ergo
2621 3671 2625 3687 Ι

321 3698 525 3761 AEFI
584 3704 729 3756 sunt
773 3694 831 3755 in
882 3713 999 3754 una
1054 3691 1387 3770 superficie.
1483 3687 1659 3758 Quod
1707 3690 1757 3750 si
1804 3691 1855 3750 F
1903 3699 1998 3750 est
2045 3700 2349 3770 punctum,
2609 3699 2621 3776 J

325 3789 385 3849 in
434 3805 552 3867 quo
580 3783 691 3845 EF
737 3783 1083 3862 refringitur
1122 3783 1180 3841 in
1216 3779 1337 3853 FC,
1391 3787 1455 3840 et
1485 3797 1593 3856 per
1621 3776 1725 3839 FC
1775 3780 1943 3839 venit
1971 3779 2045 3839 ad
2095 3780 2353 3841 alterum
2597 3785 2609 3860 ΙιΙ

325 3878 565 3939 oculum
603 3874 662 3934 in
696 3871 767 3947 G,
817 3891 925 3952 per
971 3872 1180 3932 eadem
1230 3869 1410 3946 igitur
1447 3865 1642 3928 EFCI
1688 3867 1804 3928 erit
1843 3887 1962 3928 uua
2007 3870 2353 3947 superficies
2589 3872 2597 3923 ι’
2653 3903 2706 3947 M
2742 3817 2762 3959 K

322 3967 526 4046 plana.
664 3960 933 4040 Cumque
1008 3959 1205 4020 AEFI
1272 3964 1335 4017 et
1395 3953 1592 4017 EFCI
1663 3956 2010 4034 superficies
2088 3958 2357 4019 habeant
2573 3975 2581 4027 a
2762 3967 2770 4019 ἰ

321 4071 698 4116 communem
753 4063 988 4131 partem
1036 4048 1172 4109 EFI
1231 4044 1640 4125 superficiem:
1701 4064 1844 4123 ergo
1894 4045 2060 4106 AEF
2066 4045 2148 4108 CI
2212 4057 2354 4107 sunt
2517 4025 2573 4071 H*
2610 4055 2696 4059 -“
2739 4031 2818 4115 ‘if

323 4146 378 4206 iu
427 4162 552 4204 uua
599 4139 952 4219 superficie:
1004 4147 1067 4198 et
1105 4137 1195 4196 AI
1245 4134 1598 4196 continuata
1644 4132 1702 4193 iu
1743 4133 1801 4194 D
1850 4134 2178 4196 sectionem
2219 4155 2353 4197 cum
2545 4063 2798 4227 s—“—'3

317 4231 422 4296 FC
491 4231 741 4293 incidet.
849 4228 1079 4289 Eodem
1153 4226 1332 4304 plane
1406 4224 1580 4284 modo
1660 4222 2235 4286 demonstrabuntur
2297 4226 2350 4286 B

320 4321 528 4384 oculus
595 4320 754 4380 alter
809 4325 873 4379 et
926 4313 1202 4376 DHGAI
1257 4314 1314 4373 in
1372 4332 1489 4373 una
1555 4330 1689 4371 esse
1757 4313 2089 4389 superficie.
2182 4314 2345 4391 Ergo
2392 4318 2450 4379 D
2511 4320 2568 4380 in
2630 4328 2882 4402 utraque
2916 4335 3048 4388 -est

317 4409 673 4490 superficie,
744 4426 926 4486 quare
974 4404 1085 4466 BH
1135 4410 1196 4463 et
1245 4400 1348 4463 CF
1396 4408 1608 4461 secant
1656 4420 1719 4460 se
1789 4408 1993 4462 mutuo
2041 4400 2099 4460 in
2146 4400 2223 4461 D.
2318 4404 2534 4486 Itaque
2581 4407 2639 4468 D
2688 4420 2784 4470 est
2854 4413 3041 4487 locus,

315 4501 378 4562 in
401 4517 520 4580 quo
540 4516 651 4578 per
671 4505 984 4574 utrumque
1014 4493 1247 4553 oculum
1277 4498 1588 4569 spectatur
1619 4488 1818 4565 imago
1848 4489 1934 4549 rei
1965 4508 2068 4549 seu
2096 4490 2304 4567 puncti
2334 4495 2444 4555 visi
2468 4498 2527 4556 A
2557 4494 2738 4575 (Cap.
2768 4500 2879 4574 Ill,
2912 4501 3041 4575 17).

496 4584 936 4664 Propositio
984 4583 1065 4643 ΙΙ.
1162 4580 1390 4640 Visus
1451 4579 1540 4639 ad
1598 4578 1904 4637 multum
1960 4579 2382 4657 propinqua
2440 4586 2743 4663 aegrius
2799 4590 3042 4669 respi-

316 4678 452 4753 cit,
522 4693 733 4756 quam
801 4673 887 4734 ad
948 4669 1374 4733 remotiora.
1468 4667 1713 4728 Dictum
1762 4664 1916 4725 enim
1976 4678 2097 4739 est,
2148 4667 2208 4726 in
2257 4668 2488 4733 visione
2548 4693 2740 4735 rerum
2789 4678 3040 4755 propin-

316 4784 573 4848 quarum
629 4761 1113 4841 contorquendos
1176 4776 1310 4819 esse
1359 4757 1583 4818 oculos,
1682 4751 2000 4815 Contortio
2049 4763 2146 4815 est
2194 4767 2435 4834 praeter
2506 4770 2820 4839 naturam,
2889 4784 3040 4844 quae

312 4856 510 4919 oculis
554 4853 739 4915 situm
785 4848 1142 4930 parallelum
1186 4846 1415 4908 tribuit.
1512 4842 1716 4915 Quare
1775 4842 2050 4922 sequitur
2108 4844 2388 4923 fatigatio
2439 4859 2504 4911 et
2550 4871 2588 4911 a
2635 4853 2845 4914 minori
2892 4872 3042 4915 cou-

313 4954 484 5008 tortu
550 4941 746 5004 minor
807 4938 1109 5018 fatigatio.
1201 4935 1360 4997 Hinc
1418 4930 1806 5010 cogitabundi
1874 4931 2307 5009 dignoscuntur
2373 4938 2552 5000 facile
2602 4941 2678 5001 ab
2726 4941 3038 5004 omnibus:

311 5049 524 5098 uotam
582 5040 788 5094 tamen
845 5028 1134 5109 iutelligit
1189 5043 1384 5088 nemo.
1477 5023 1599 5085 Est
1644 5027 1852 5083 autem
1897 5021 2085 5098 haec,
2150 5026 2309 5106 quod
2374 5029 2676 5091 oculorum
2742 5034 3041 5098 musculos
