3692 5842
356 473 418 544 1111
768 475 869 534 litem
886 475 990 546 Kapisrl
1008 481 1159 549 aliarumque
1174 486 1276 534 mutuae

352 656 434 719 Nam
458 673 533 733 quae
558 673 630 732 pars
653 655 729 716 coeli
753 664 838 717 caret
860 657 928 717 lixis
952 658 1130 719 minutulis?
1154 655 1230 727 Quis
1253 676 1341 736 porro
1356 664 1468 720 certum
1483 657 1583 719 reddit
1605 662 1712 718 astro·

357 761 485 816 nomum,
511 762 544 802 se
569 743 766 821 telescopinm
790 745 829 804 ad
857 745 1040 823 ipsissimam
1070 746 1172 807 sedem
1202 745 1307 807 Novae
1336 746 1463 826 dirigere
1495 755 1584 807 tanta
1609 746 1712 807 minu-

354 831 463 893 tiaruru
487 830 656 904 exactione,
683 840 812 910 quantae
837 832 1016 895 subtilitatis
1031 834 1061 894 id
1085 834 1315 895 instrumentum
1335 843 1391 908 est,
1416 854 1482 897 cum
1506 832 1713 896 locorb'orae

353 939 410 981 000
435 919 498 991 1110,
522 919 577 981 sed
600 920 774 997 vulgaribus
799 921 1006 983 instrumentis
1032 921 1120 983 luerit
1144 922 1367 1002 investigatus?

441 1006 490 1068 Ea
508 1008 778 1068 observatione
798 1009 991 1082 Mercurii,
1007 1029 1095 1089 quam
1110 1010 1242 1071 habuisti
1258 1007 1439 1084 00001607,
1456 1007 1712 1090 1102611011110,

354 1096 547 1177 proportione
581 1103 714 1157 motuum
747 1097 920 1158 concludis:
957 1097 1059 1172 ,illum
1092 1098 1229 1177 sequenti
1268 1096 1415 1176 16111011
1443 1097 1499 1160 sub
1523 1095 1640 1161 Solea
1664 1117 1714 1160 me

355 1183 451 1245 videri
475 1202 532 1245 non
555 1185 691 1262 potuisse
715 1186 803 1266 idque
833 1205 939 1247 censes
963 1206 1010 1246 me
1034 1186 1131 1264 ipsum
1162 1207 1237 1247 nunc
1262 1187 1384 1247 tandem
1412 1186 1582 1265 agniturum
1604 1188 1710 1249 esse.“

355 1274 482 1344 Vereor,
507 1272 543 1345 si,
569 1273 647 1352 quod
672 1282 701 1334 te
725 1274 790 1334 scio
814 1273 936 1334 summis
961 1275 1040 1335 votis
1065 1283 1224 1353 expetere,
1249 1275 1375 1335 candide
1399 1283 1498 1336 tecum
1530 1292 1641 1354 egero,
1675 1294 1713 1335 ne

356 1363 452 1423 lector
474 1360 747 1439 philosophicarum
771 1362 963 1422 collationum
990 1362 1126 1423 insuetus
1158 1363 1282 1423 voculas
1306 1370 1424 1442 captet,
1459 1364 1559 1423 10000
1582 1369 1714 1424 conteu-

356 1449 446 1510 tionis
470 1467 518 1508 me
548 1448 667 1510 trahere
701 1458 850 1511 causetur.
898 1448 960 1510 Sed
992 1451 1117 1511 valcant
1148 1450 1352 1530 suspiciones,
1386 1468 1511 1529 agamus
1540 1470 1596 1512 nos
1629 1469 1714 1512 more

355 1545 470 1600 nostro.
516 1537 644 1598 Frustra
675 1556 724 1611 cs,
756 1539 781 1599 F
783 1537 895 1609 abrici;
929 1539 1066 1617 nuspiam
1099 1538 1196 1600 minus
1228 1548 1335 1617 regnat
1366 1539 1520 1618 proportio
1552 1547 1714 1614 constans,

356 1645 445 1706 quam
470 1644 535 1685 curn
560 1625 726 1687 Mercurius
750 1625 804 1686 sub
828 1624 930 1686 Solem
958 1626 1050 1687 venit.
1096 1625 1176 1687 Ecce
1203 1646 1305 1688 meuse
1328 1627 1493 1688 Novembri
1522 1626 1594 1688 anni
1623 1622 1710 1690 1617

356 1712 523 1777 Mercurius
552 1714 842 1793 retrogradationem
874 1714 994 1775 conficit
1021 1712 1188 1777 101000
1216 1710 1273 1777 16ο
1300 1716 1441 1793 longam:
1474 1733 1540 1776 curn
1572 1715 1712 1777 calculus

355 1804 487 1865 usitatus
511 1801 576 1862 dies
600 1801 651 1874 21,
677 1802 788 1880 gradus
810 1810 928 1862 tautum
952 1798 973 1863 8
993 1802 1112 1882 prodat.
1151 1803 1233 1863 Tune
1256 1803 1410 1865 discernes
1434 1822 1471 1863 ea
1495 1803 1712 1866 observatione

357 1892 444 1953 unica
468 1891 638 1969 longinqua,
663 1898 730 1951 uter
753 1890 885 1951 calculus
909 1890 938 1950 iu
963 1891 1224 1969 retrogradatione
1248 1891 1368 1953 verior?

444 1978 572 2040 Errori
596 1996 671 2039 meo
695 1979 888 2057 contrapouis
921 1980 1091 2057 catalogum
1125 1979 1312 2057 pulchrorum
1346 1997 1477 2040 meorum
1510 1979 1712 2050 inventorum,

355 2068 436 2130 inter
467 2074 571 2127 cetera
602 2067 693 2127 etiam
729 2067 886 2145 liguram
923 2067 1020 2128 nivis
1054 2068 1292 2145 sexangulae.
1347 2067 1477 2129 Omnino
1510 2065 1715 2128 consolatoris

357 2156 438 2218 uices
462 2154 608 2216 sumsisse
632 2155 791 2227 videberis,
817 2155 902 2234 quasi
927 2173 1000 2234 erga
1024 2156 1150 2216 amioum
1174 2175 1281 2234 magno
1310 2155 1425 2217 scilicet
1449 2155 1612 2217 infortunio
1637 2172 1715 2215 cou-

357 2244 533 2305 flictantem.
579 2242 690 2303 Mirum
723 2243 782 2303 nisi
814 2252 846 2304 et
873 2243 991 2304 Helena
1013 2243 1179 2322 Wagheria
1211 2253 1350 2321 resurgat
1383 2244 1480 2322 (cujus
1513 2242 1715 2322 aphosioseos

357 2331 482 2414 idyllion
507 2349 544 2390 011
568 2330 621 2391 1110
644 2331 849 2409 phaenomena
873 2332 1009 2409 petitum,
1035 2332 1112 2410 quod
1137 2339 1169 2391 tu
1193 2332 1323 2404 refutas)
1348 2341 1379 2393 et
1395 2332 1540 2411 Princeps
1567 2330 1716 2394 17111001-

357 2419 482 2499 bergiac
514 2418 679 2480 Maecenas
712 2439 796 2480 meus
829 2419 1081 2481 clementissimus
1112 2429 1253 2499 reposcat
1285 2421 1427 2481 donatum
1460 2420 1531 2481 mihi
1568 2419 1715 2500 cyathum

358 2518 497 2571 auratum
531 2524 585 2585 pro
620 2508 737 2568 illarum
771 2508 961 2569 dedicatione
993 2509 1200 2587 pagellarum:
1235 2509 1293 2570 imo
1318 2515 1349 2568 et
1382 2509 1508 2571 alterum
1541 2507 1639 2569 addat
1662 2515 1716 2569 tuo

352 2596 481 2677 judicio,
516 2596 586 2674 quia
613 2596 691 2676 quod
718 2597 807 2675 plane
831 2615 938 2657 norum
963 2607 1044 2665 erat,
1069 2598 1203 2658 maculae
1227 2596 1255 2658 iu
1280 2596 1366 2669 Sole,
1391 2597 1421 2657 id
1448 2618 1467 2657 a
1489 2616 1537 2657 me
1562 2595 1717 2657 modestia

356 2684 466 2746 infelici
489 2701 543 2761 pro
567 2684 662 2744 veteri
686 2684 736 2745 illo
755 2685 904 2746 Mercurio
925 2686 982 2747 1011
1004 2686 1152 2746 oblatum:
1178 2686 1247 2764 quin
1266 2685 1357 2745 etiam
1381 2684 1467 2757 filius,
1487 2683 1619 2756 Fabrici,
1643 2691 1716 2744 1000

357 2793 442 2836 suum
467 2771 538 2832 mihi
567 2773 656 2833 cedat
684 2772 886 2846 honorariruu,
921 2776 991 2852 quia
1015 2774 1095 2835 Solis
1128 2774 1262 2833 maculas
1290 2772 1372 2851 prior
1400 2771 1465 2851 ipso
1496 2771 1600 2833 detexi
1623 2771 1716 2850 idque

359 2872 428 2923 ante
453 2861 605 2921 inventum
630 2861 825 2939 telescopiuru
848 2863 1023 2940 Belgicum;
1049 2872 1082 2921 ut
1105 2861 1222 2939 quidem
1245 2860 1360 2939 passim
1382 2860 1410 2920 iu
1435 2860 1567 2922 delubris
1592 2859 1716 2921 obvium

359 2959 409 3011 001
439 2948 600 3009 observare
630 2948 684 3008 has
716 2947 796 3010 Solis
829 2953 978 3019 maculas,
1015 2950 1092 3029 quod
1116 2948 1303 3010 Ratisbooae
1337 2949 1365 3008 in
1399 2949 1510 3027 templo
1544 2946 1716 3009 cathedrali

358 3057 436 3099 anno
465 3032 546 3098 1613
571 3036 671 3098 001110
695 3037 824 3098 ostendi.

448 3125 497 3186 Ad
535 3125 756 3186 revocationem
794 3128 886 3187 etiarn
922 3144 969 3186 me
1006 3123 1117 3184 videris
1157 3142 1263 3185 vocare
1301 3124 1454 3185 solennem
1489 3133 1520 3185 01
1552 3123 1716 3203 publicam,

360 3214 531 3293 exemplo
564 3213 732 3275 Roeslini
765 3216 927 3276 laudato.
979 3214 1046 3273 Nou
1080 3212 1238 3290 expectavi
1262 3213 1314 3281 Te,
1348 3211 1478 3272 Fabrici.
1524 3210 1644 3274 Monuit
1668 3230 1716 3273 010

359 3303 454 3364 bonus
478 3302 597 3381 quidam
621 3303 725 3380 genius
745 3304 828 3383 (ipsa
850 3302 966 3364 scilicet
991 3300 1154 3381 agnitionis
1174 3300 1375 3378 jucunditas),
1400 3310 1433 3362 ut
1447 3300 1523 3360 hauc
1547 3301 1716 3362 deformem

360 3391 449 3465 (vah)
473 3391 687 3452 necessitatem
711 3403 817 3471 sponte
842 3412 909 3453 mea
933 3398 1166 3469 praecentorem,
1191 3389 1318 3467 primum
1343 3397 1433 3467 atque
1463 3388 1568 3449 literas
1593 3389 1715 3468 Apellis

360 3481 462 3560 tuique
487 3499 545 3539 una
569 3479 620 3540 lilii
645 3479 775 3542 libellum
800 3482 868 3560 legi.
917 3478 1086 3541 Currebant
1110 3478 1215 3537 eudem
1239 3484 1372 3556 tempore
1397 3485 1429 3537 01
1448 3475 1581 3538 Galilaei
1607 3478 1715 3539 literae

360 3570 399 3630 sd
423 3569 594 3630 Welseruru
618 3578 650 3630 et
673 3588 756 3629 meae
782 3570 819 3630 ad
844 3568 1014 3629 Galilaeum
1038 3574 1255 3647 praetereaque
1280 3566 1432 3627 etiamad
1457 3566 1494 3627 D.
1519 3565 1714 3628 1101110110ιο

360 3657 452 3720 etad
477 3657 682 3732 Maestliuum,
708 3660 791 3737 cujus
819 3658 966 3719 intererat
999 3656 1181 3733 intelligere,
1216 3675 1249 3715 se
1278 3654 1432 3716 victoriam
1457 3653 1527 3715 mibi
1557 3653 1715 3734 largiendo

361 3745 418 3807 sibi
442 3745 498 3826 ipsi
523 3746 630 3807 iecisse
653 3745 801 3825 iujuriam.
841 3743 945 3814 Quid?
969 3745 1051 3805 Tune
1068 3742 1194 3803 fidiculis
1219 3761 1293 3820 opus
1317 3763 1385 3804 esse
1413 3751 1503 3821 putas
1527 3742 1566 3803 ad
1590 3743 1714 3804 000100·

361 3834 462 3894 010000
486 3833 533 3894 hic
558 3835 778 3915 extorquendas
803 3841 855 3893 aut
879 3832 1139 3912 deprecationibus
1164 3831 1202 3889 ad
1231 3831 1447 3893 eblandieudas
1476 3832 1554 3892 inter
1577 3849 1641 3904 000,
1666 3829 1716 3911 qui

362 3939 420 3982 oon
444 3939 497 4000 pro
521 3923 617 4001 gloria
641 3924 693 3983 sed
719 3923 755 3983 de
788 3921 917 3983 veritate
951 3919 1094 3981 certant?
1126 3919 1204 3979 nam
1228 3920 1306 3997 quod
1337 3919 1487 3998 publicam
1511 3919 1601 3998 hujus
1624 3918 1715 3999 agai-

361 4010 452 4070 tionis
476 4010 723 4089 significatiouem
747 4029 803 4070 nou
829 4010 907 4082 dedi,
933 4015 1096 4069 causaest
1120 4007 1189 4086 quia
1212 4007 1293 4068 locus
1317 4008 1360 4068 illi
1385 4026 1442 4068 non
1473 4008 1530 4068 luit
1554 4007 1631 4069 alius
1657 4006 1714 4068 uisi

363 4097 411 4160 liic
436 4099 510 4178 ipse,
535 4099 584 4159 ubi
608 4100 685 4161 inter
715 4109 833 4160 ceteros
861 4097 1001 4177 planetas
1029 4096 1120 4157 etiarn
1146 4096 1182 4155 de
1206 4096 1354 4159 Mercurio
1379 4114 1447 4174 ago.
1493 4095 1619 4158 Librum
1641 4113 1713 4159 vero

364 4188 545 4268 peculiarem
569 4187 624 4249 hoc
648 4189 701 4249 vili
725 4195 899 4266 argumento
922 4186 1063 4258 scribere,
1089 4184 1118 4244 id
1142 4184 1198 4245 luit
1221 4185 1361 4245 insanire.

449 4276 557 4337 Jactas
582 4288 614 4338 10
647 4285 829 4356 repertam
853 4296 872 4336 a
895 4284 930 4335 te
962 4272 1135 4335 Mercurii
1169 4273 1411 4352 hypothesin,
1444 4291 1481 4333 011
1504 4272 1591 4352 cujus
1621 4271 1713 4334 ductu

362 4366 511 4427 incursum
535 4365 674 4426 Mercurii
697 4365 753 4425 sub
777 4362 878 4426 Solem
902 4364 969 4441 figis
993 4363 1021 4423 iu
1050 4361 1098 4424 17.
1123 4362 1198 4439 Maji
1227 4362 1295 4421 anni
1324 4356 1423 4434 1607,
1448 4380 1543 4441 eaque
1566 4379 1601 4423 re
1623 4369 1715 4440 putu

363 4463 393 4516 te
418 4473 514 4514 rneam
538 4454 774 4532 persuasionem,
799 4454 875 4532 quod
899 4452 947 4513 die
967 4451 1103 4530 sequenti
1128 4451 1281 4530 planetam
1301 4450 1330 4510 in
1351 4448 1422 4510 Sole
1443 4450 1579 4523 viderim,
1604 4449 1715 4512 erroris

362 4542 549 4604 convincere.
596 4541 640 4602 At
664 4542 691 4603 si
715 4542 810 4602 solum
834 4561 888 4621 per
919 4541 997 4602 hunc
1026 4549 1107 4600 tuum
1140 4538 1286 4599 calculum
1310 4558 1358 4599 res
1392 4547 1582 4611 cerneretur,
1607 4537 1715 4600 obser·

363 4631 513 4693 rationem
538 4649 593 4709 ego
617 4639 717 4692 tuerer
740 4638 774 4690 01
796 4648 908 4691 10100.
944 4630 988 4690 At
1010 4628 1108 4688 celare
1134 4635 1163 4686 te
1187 4645 1244 4686 non
1269 4646 1400 4706 possum,
1425 4626 1502 4706 quod
1526 4645 1595 4689 mea
1617 4625 1714 4708 hypo·

363 4721 459 4784 thesis
482 4721 560 4782 hanc
584 4718 820 4798 conjunctionem
844 4718 926 4779 Solis
950 4725 981 4778 et
1004 4715 1144 4777 Mercurii
1168 4713 1216 4775 die
1240 4734 1293 4776 nec
1321 4713 1369 4777 18.
1395 4733 1449 4775 nec
1477 4714 1524 4777 17.
1550 4724 1715 4796 computet,

363 4810 417 4872 aed
440 4807 549 4872 5totis
573 4808 677 4870 diebus
702 4806 898 4880 transmissis,
923 4807 1011 4884 plane
1035 4802 1233 4875 110101,
1260 4805 1316 4864 etsi
1341 4821 1432 4881 supra
1459 4803 1570 4868 dictum
1595 4805 1633 4867 de
1658 4822 1716 4865 000

364 4897 412 4962 die
435 4917 493 4960 oon
518 4896 731 4959 contenderim.
779 4894 874 4972 Igitur
897 4904 1020 4973 propter
1048 4892 1125 4954 11000
1150 4891 1298 4953 residuam
1328 4891 1567 4954 incertitudinem
1592 4893 1714 4956 10100-

364 4987 508 5072 gitodiuis
531 4985 672 5050 Mercurii
701 4992 782 5046 0010
811 4982 922 5045 001100
946 4992 994 5045 001
1023 4981 1160 5043 idoneum
1188 4980 1405 5055 testimonium,
1437 4981 1507 5063 quid
1532 4982 1595 5046 veri
1625 4981 1716 5046 luerit
