3692 5842
352 467 415 537 186
817 472 1006 538 ransom·
1023 472 1050 523 a
1067 471 1233 524 sauronam.

348 649 458 710 stituta
480 653 603 710 anteat
625 655 720 723 recta,
744 654 798 710 aut
820 648 964 722 circulus,
988 655 1041 711 aut
1067 648 1211 729 parabole
1235 655 1289 711 ant
1311 648 1475 730 hyperbole
1498 655 1553 710 aut
1574 645 1706 727 ellipsis.

348 739 431 800 luter
454 736 510 799 has
532 735 629 799 lineas
651 734 699 798 hic
723 745 771 798 est
798 738 871 799 ordo
900 757 994 800 causa
1023 738 1218 817 proprietatis
1246 757 1333 812 suae,
1363 745 1395 800 et
1420 737 1579 816 apologico
1606 735 1708 815 magis

348 844 437 909 quarn
459 824 642 907 geometrice
671 825 837 904 loquendo:
867 827 946 906 quod
969 826 1092 888 alinea
1119 834 1202 889 recta
1224 845 1279 905 per
1306 826 1487 907 hyperbolae
1516 825 1654 888 infinitas
1674 824 1706 886 in

347 915 526 995 parabolen,
556 914 625 975 inde
653 932 708 992 per
739 915 865 993 ellipses
893 912 1027 977 infinitas
1055 915 1085 976 in
1119 915 1260 977 circulum
1289 924 1337 977 est
1370 915 1530 978 transitus.
1581 913 1706 976 Etenim

347 1003 478 1066 omnium
501 1002 731 1084 hyperbolarum
754 1003 950 1065 obtusissima
973 1012 1022 1066 est
1044 1004 1124 1065 linea
1147 1012 1245 1078 recta,
1270 1003 1447 1066 acutissima
1468 1002 1636 1086 parabole:
1660 1004 1707 1064 sic

347 1094 476 1155 omnium
499 1090 648 1170 ellipsium
680 1091 857 1153 acutissima
880 1099 929 1154 est
950 1093 1109 1174 parabole,
1144 1092 1339 1154 obtusissima
1366 1092 1503 1156 circulus.
1550 1091 1706 1153 Parabole

347 1181 438 1261 igitur
466 1180 559 1243 habet
582 1197 620 1240 ex
647 1179 746 1241 altera
770 1188 859 1260 parte
887 1181 963 1243 duas
992 1188 1102 1244 natura
1133 1180 1281 1256 infinitas,
1314 1181 1498 1262 hyperbolen
1522 1189 1556 1242 et
1577 1187 1705 1253 rectam,

347 1289 384 1331 ex
408 1269 506 1331 altera
528 1268 604 1329 duas
632 1268 732 1330 finitas
761 1279 792 1331 et
815 1269 845 1331 in
869 1289 902 1331 se
926 1270 1099 1342 redeuntes,
1131 1270 1250 1348 ellipsin
1280 1277 1311 1331 et
1340 1270 1493 1331 circulum.
1541 1270 1615 1347 Ipsa
1637 1268 1706 1330 loco

347 1357 444 1421 medio
467 1356 567 1419 media
589 1365 699 1419 natura
721 1378 754 1418 se
778 1358 880 1421 habet.
928 1358 1049 1420 Infinita
1070 1357 1148 1421 enim
1173 1365 1204 1419 et
1226 1359 1294 1437 ipsa
1317 1367 1374 1433 est,
1399 1357 1453 1420 sed
1477 1357 1643 1419 linitionem
1667 1376 1705 1417 ex

347 1447 445 1509 altera
467 1453 555 1526 parte
587 1446 725 1518 allectat,
758 1465 815 1526 quo
847 1447 945 1526 magis
969 1447 1047 1508 enim
1080 1446 1268 1525 producitur,
1303 1446 1360 1509 hoc
1382 1446 1481 1526 magis
1502 1445 1539 1507 lit
1559 1445 1620 1507 sibi
1646 1444 1706 1527 ipsi

345 1535 527 1615 parallelos,
552 1542 582 1595 et
606 1534 739 1610 brachia,
763 1544 798 1597 ut
821 1536 864 1597 ita
887 1537 1002 1611 dicam,
1034 1554 1092 1597 nou
1117 1544 1151 1596 ut
1173 1535 1337 1616 hyperbole
1361 1533 1522 1615 expandit,
1548 1533 1605 1596 sed
1627 1552 1705 1595 con·

346 1623 441 1687 trabit
464 1622 502 1684 ab
530 1622 638 1684 infiniti
670 1623 842 1702 complexu,
876 1643 995 1704 semper
1016 1626 1084 1703 plus
1117 1623 1235 1704 quidem
1268 1624 1486 1704 complectens,
1521 1630 1556 1683 at
1584 1640 1706 1703 sempor

347 1712 444 1774 minus
468 1719 632 1790 appetens:
663 1731 730 1773 cum
752 1712 929 1795 hyperbole,
954 1732 1012 1794 quo
1034 1713 1102 1792 plus
1126 1720 1196 1773 actu
1221 1712 1298 1773 inter
1324 1712 1450 1774 brachia
1479 1710 1703 1790 complectitur,

346 1802 402 1863 hoc
424 1801 493 1880 plus
516 1799 608 1861 etiam
630 1808 769 1880 appetat.
806 1800 885 1864 Sunt
899 1801 991 1880 igitur
1013 1800 1142 1881 oppositi
1163 1799 1290 1871 termini,
1315 1801 1443 1863 circulus
1464 1808 1495 1860 et
1518 1807 1615 1874 recta,
1640 1799 1704 1861 illic

344 1908 421 1970 pura
443 1896 493 1950 est
515 1889 661 1962 curvitas,
691 1889 739 1951 hic
762 1907 837 1968 pura
859 1889 1018 1954 rectitudo.
1065 1888 1254 1971 Hyperbole,
1278 1888 1437 1968 parabole,
1461 1887 1580 1968 ellipsis
1603 1888 1703 1950 inter·

342 1979 441 2059 jectae
465 1986 496 2039 et
526 1986 609 2038 recto
633 1986 664 2038 et
692 1997 781 2040 curvo
804 1980 1007 2060 participant;
1031 1978 1176 2057 parabole
1196 1996 1357 2057 exaequo,
1383 1976 1547 2059 hyperbole
1569 1976 1642 2055 plue
1664 1976 1704 2036 de
1766 2047 1770 2058 ,

344 2065 544 2140 rectitudine,
578 2065 694 2145 ellipsis
723 2067 791 2146 plus
822 2068 859 2129 de
892 2067 1049 2129 curvitate.
1072 2068 1262 2146 'Propterea
1295 2065 1457 2147 hyperbole
1490 2083 1549 2144 quo
1582 2064 1704 2145 lougius

343 2154 532 2235 producitur,
557 2154 613 2215 hoo
636 2155 732 2235 magis
761 2165 863 2218 rectae
891 2176 944 2217 sen
973 2163 1146 2238 asymptoto
1169 2173 1241 2216 suae
1265 2155 1299 2216 fit
1326 2153 1444 2216 similis.
1490 2153 1619 2232 Ellipsis
1643 2172 1704 2233 quo

344 2243 463 2320 longius
479 2243 559 2305 ultra
580 2243 710 2305 medium
733 2245 934 2318 continuatur,
957 2246 1014 2306 hoc
1028 2244 1125 2323 magis
1148 2243 1384 2305 circularitatem
1408 2243 1534 2304 affectat
1557 2242 1704 2303 tandem·

344 2350 401 2412 qus
425 2330 487 2393 coit
509 2330 618 2392 iterum
641 2350 742 2394 secum
765 2334 849 2413 ipsa:
873 2333 1018 2414 parabole
1033 2335 1099 2396 1οοο
1118 2332 1225 2405 medio,
1250 2350 1369 2410 semper
1392 2330 1510 2393 curvior
1523 2338 1574 2392 est
1587 2330 1703 2409 hyper-

345 2420 424 2489 bole,
440 2419 467 2480 si
482 2419 657 2499 aequalibus
676 2421 849 2483 interstitiis
868 2422 1081 2501 producantur,
1096 2439 1272 2500 semperque
1286 2419 1397 2482 rectior
1411 2419 1520 2498 ellipsi.
1553 2416 1703 2499 Cumque,

345 2517 385 2571 ut
401 2506 530 2570 circulus
553 2517 583 2570 et
611 2517 695 2571 recta
723 2517 858 2573 extrema
888 2510 1048 2582 claudunt,
1080 2509 1124 2570 sic
1156 2508 1300 2588 parabole
1333 2516 1437 2570 teneat
1470 2506 1622 2569 medium:
1659 2506 1705 2567 ita

345 2597 437 2659 etiam
461 2606 494 2658 ut
517 2605 618 2659 rectae
642 2616 745 2660 omnes
769 2599 893 2674 similes,
918 2599 1049 2679 itemque
1072 2606 1104 2660 et
1127 2597 1230 2659 circuli
1253 2614 1367 2671 omues,
1391 2598 1436 2658 sic
1459 2604 1530 2657 sunt
1553 2604 1585 2656 et
1607 2613 1703 2674 para-

344 2685 432 2747 bolae
456 2704 560 2747 omnes
583 2686 697 2748 similes
721 2688 844 2768 solaque
869 2688 1040 2768 quantitate
1064 2687 1214 2749 differunt.

433 2772 512 2836 Sunt
535 2781 634 2835 autern
659 2776 737 2853 apud
762 2777 817 2838 has
840 2776 936 2838 lineas
960 2776 1062 2857 aliqua
1090 2783 1203 2855 puncta
1229 2773 1410 2853 praecipuae
1439 2769 1703 2845 considerationis,

246 2887 254 2902 ·
345 2882 421 2945 quae
445 2862 648 2924 definitionem
672 2873 785 2927 certam
808 2865 932 2940 habent,
957 2884 1064 2927 nomen
1089 2864 1217 2936 nullum,
1243 2863 1300 2924 nisi
1323 2880 1377 2940 pro
1406 2860 1524 2922 nomine
1549 2857 1704 2921 definitio·

344 2969 414 3012 nem
437 2959 490 3011 ant
511 2950 727 3029 proprietatem
751 2955 881 3034 aliquam
904 2973 1041 3034 usurpes.
1080 2952 1130 3013 Ah
1149 2951 1186 3012 iis
1201 2950 1280 3012 enim
1303 2948 1423 3030 punctis
1446 2956 1551 3011 rectae
1575 2947 1704 3009 eductae

345 3039 384 3100 ad
399 3038 608 3115 contingentes
623 3042 788 3103 sectionem
803 3051 973 3123 punctaque
993 3049 1184 3103 contactuum
1208 3039 1396 3100 constituunt
1410 3037 1555 3117 aequales
1574 3036 1704 3115 angulos

344 3127 398 3200 iis,
424 3127 473 3206 qui
496 3127 585 3199 fiunt,
616 3129 643 3189 si
665 3139 777 3208 puncta
805 3133 946 3211 opposita
969 3151 1036 3193 cnm
1059 3130 1166 3190 iisdem
1197 3127 1316 3207 punctis
1347 3134 1540 3188 contactuurrr
1570 3143 1703 3186 connec-

345 3223 456 3276 tantur.
497 3215 561 3276 Nos
586 3216 660 3278 lucis
684 3240 776 3282 causa
800 3229 832 3280 et
854 3221 948 3282 oculis
971 3220 1000 3281 in
1025 3218 1229 3279 mechanicam
1254 3215 1379 3277 intentis
1402 3235 1439 3275 ea
1462 3225 1577 3294 puncta
1601 3214 1704 3275 locos

345 3303 570 3383 appellabimus.
617 3305 732 3370 Gentra
761 3308 955 3383 dixissemus,
990 3307 1061 3387 quia
1090 3306 1212 3367 suntin
1236 3305 1343 3365 aribus
1371 3303 1555 3375 sectionum,
1592 3302 1651 3363 nisi
1674 3301 1703 3362 in

344 3392 508 3474 hyperbole
529 3402 560 3454 et
583 3395 683 3476 ellipsi
706 3396 800 3459 conici
825 3406 963 3459 auctores
983 3395 1064 3457 aliud
1087 3407 1230 3474 punctum
1244 3392 1339 3455 centri
1359 3392 1477 3453 nornine
1500 3390 1702 3470 appellarent

665 3514 718 3578 pig,
738 3507 780 3560 53,
1095 3486 1193 3545 Focus
1216 3482 1308 3561 igitur
1323 3482 1352 3542 in
1377 3480 1488 3543 circulo
1512 3499 1589 3541 uuus
1613 3479 1704 3541 esth

1095 3572 1179 3651 isque
1194 3571 1272 3632 idem
1287 3570 1336 3650 qui
1349 3579 1381 3630 et
1394 3577 1545 3632 centrum:
1562 3567 1592 3629 iu
1607 3565 1705 3647 ellipsi

957 3727 962 3734 l
994 3653 1020 3718 ’ἑ
1096 3660 1153 3720 soei
1182 3660 1240 3720 duo
1267 3666 1338 3719 sunt
1366 3658 1401 3731 B,
1427 3655 1462 3730 C,
1494 3656 1705 3735 aequalitera

1094 3755 1197 3808 centro
1229 3748 1340 3825 figurae
1374 3745 1482 3806 remoti
1514 3752 1547 3806 et
1575 3746 1644 3825 plus
1677 3744 1704 3805 in

1094 3836 1238 3897 acutiore.
1285 3836 1319 3896 ln
1342 3834 1486 3912 parabole
1510 3852 1586 3894 unus
1607 3834 1637 3894 Ι)
1658 3842 1706 3894 est

1095 3925 1174 3986 intra
1188 3923 1362 3993 sectionem,
1383 3923 1461 3983 alter
1480 3921 1527 3981 rel
1550 3931 1640 3983 extra
1656 3921 1704 3982 vel

1092 4013 1173 4074 intra
1206 4011 1369 4073 sectionem
1398 4011 1427 4071 in
1456 4029 1514 4071 axe
1546 4010 1704 4090 lingendus

1091 4109 1140 4161 est
1184 4100 1297 4161 infinito
1340 4098 1503 4161 intervallo
1535 4118 1562 4178 ,a
1603 4098 1703 4178 priore

1090 4197 1237 4260 remotus,
1272 4187 1348 4248 adeo
1371 4195 1406 4248 ut
1435 4187 1547 4248 educta
1569 4186 1634 4249 HG
1656 4186 1703 4248 rel

1030 4321 1038 4327 -
1091 4276 1135 4338 lG
1160 4296 1197 4337 ex
1221 4276 1273 4337 illo
1293 4294 1384 4337 caeco
1405 4276 1472 4337 ioco
1491 4276 1521 4337 in
1546 4277 1701 4357 quodcun-

917 4439 922 4448 ,
1090 4385 1146 4444 que
1172 4373 1315 4445 punctum
1347 4365 1492 4427 sectionis
1517 4364 1561 4432 G,
1586 4365 1629 4428 sit
1655 4364 1702 4426 axi

815 4509 838 4520 ,,
931 4471 1041 4522 ΓΜ
1089 4453 1337 4534 DKparallelos.
1376 4453 1410 4514 ln
1430 4453 1600 4533 hyperbole
1619 4454 1703 4515 locus

871 4531 876 4542 Χ
976 4539 1045 4619 ’χχ
1089 4551 1232 4605 externus
1264 4543 1289 4602 F
1324 4542 1442 4602 interno
1474 4541 1501 4602 Ε
1535 4551 1623 4603 tanto
1657 4548 1704 4603 est

1016 4617 1032 4639 χ
1088 4632 1218 4711 propior,
1245 4639 1356 4711 quanto
1382 4640 1430 4690 est
1457 4630 1623 4710 hyperbole
1647 4629 1702 4691 ob·

1089 4720 1194 4781 tuaior.
1238 4718 1279 4779 Et
1302 4718 1352 4797 qui
1376 4728 1519 4780 externus
1543 4727 1593 4780 est
1615 4718 1703 4781 alteri

1088 4809 1254 4869 sectionum
1289 4806 1514 4885 oppositarum,
1553 4807 1581 4868 is
1614 4806 1702 4869 alteri

1089 4906 1137 4958 est
1161 4898 1296 4959 internus
1319 4904 1351 4956 et
1373 4904 1491 4957 contra.
