3692 5842
326 504 371 572 58
747 507 847 559 Literna
865 508 967 572 Ksplsri
986 509 1136 575 aliorumque
1154 514 1255 558 mutuae
1359 508 1369 518 ⁹

327 686 433 740 accidat,
452 686 577 735 flammam
595 699 639 748 per
658 692 736 733 totam
755 686 830 734 vitam
849 686 873 733 in
892 688 947 734 sinu
966 684 1083 750 prend?
1120 684 1174 735 Neo
1199 687 1299 750 sanguis
1328 697 1401 749 aptus
1420 691 1460 736 est
1485 692 1514 735 ut
1537 686 1686 736 alimentum

326 757 440 806 ilummae
463 756 617 820 suppeditet,
642 764 739 819 propter
762 758 920 820 aquositatis,
950 771 1024 820 quam
1046 758 1073 805 iu
1092 770 1118 806 se
1144 759 1268 812 continet,
1296 758 1401 820 copiam.
1438 756 1542 821 Insuper
1564 756 1641 821 quale
1659 759 1687 806 ia

326 828 399 878 corde
418 828 487 876 dabis
506 827 653 890 ellychnium
673 827 855 882 combustibilis,
875 829 914 876 cui
934 828 1036 876 flamma
1054 827 1236 892 agglutinetur,
1255 834 1284 877 ut
1303 828 1352 876 fixa
1377 834 1519 886 remaneat,
1539 842 1590 876 uon
1608 842 1684 894 rage-

325 907 366 948 tur
383 906 427 948 aut
445 893 561 948 exlialoti
580 914 638 947 num
658 900 736 961 ipsam
756 898 834 947 cordis
853 897 1041 947 substantiam?
1078 897 1134 947 Non
1159 900 1255 961 opinor;
1282 905 1309 947 at
1327 905 1426 961 praeter
1445 897 1512 947 hano
1531 897 1600 948 cordi
1624 897 1687 948 nihil

325 972 389 1019 inest
407 971 484 1018 solidi.
523 970 588 1026 lliri,
613 970 670 1033 quid
689 971 804 1024 seutiam,
831 970 874 1018 sed
894 969 998 1017 tortasse
1019 971 1101 1017 minus
1121 977 1187 1033 apte,
1212 972 1231 1017 si
1258 975 1367 1019 menum
1385 976 1456 1018 tuam
1485 983 1536 1017 nou
1555 977 1687 1019 assotum

325 1057 387 1094 sum.
425 1041 541 1090 Dubitari
566 1042 679 1105 primunr.
707 1048 788 1089 utrum
815 1040 845 1090 de
868 1040 991 1089 materiali
1017 1055 1050 1089 an
1078 1041 1235 1090 immateriali
1261 1042 1319 1104 igue
1342 1040 1463 1103 loquaris;
1495 1041 1561 1089 riam
1580 1055 1609 1091 os
1626 1040 1686 1089 milri

326 1122 411 1161 tamen
430 1113 460 1161 de
478 1113 519 1161 illo
538 1113 613 1161 verba
630 1114 721 1168 tacere,
745 1113 804 1175 quia
828 1112 944 1161 dammae
964 1126 1054 1160 nomeu
1074 1113 1204 1161 materiam
1229 1113 1354 1175 supponit,
1378 1119 1404 1160 st
1427 1111 1602 1161 immaterialis
1619 1112 1686 1178 igu'n

325 1199 371 1233 nec
390 1183 486 1232 iollibus
505 1197 552 1232 nec
571 1182 624 1231 oleo
643 1183 745 1247 indiget,
765 1197 865 1246 quorum
885 1198 901 1231 a
919 1183 955 1232 Te
974 1184 1001 1231 lit
1023 1184 1123 1231 incutio.

415 1255 612 1332 Keplerus:
650 1256 802 1315 Flammae
828 1254 960 1315 usitatae
985 1263 1015 1315 et
1039 1255 1129 1315 calori
1155 1253 1253 1314 cordis
1279 1254 1365 1315 rideo
1389 1253 1484 1315 muita
1506 1271 1577 1315 esse
1600 1271 1686 1315 corn-

325 1342 437 1416 munia‚
478 1352 653 1421 perpetuam
684 1351 935 1404 recrementorum
965 1343 1142 1420 ejectionem
1174 1341 1376 1423 materiaeque
1411 1351 1441 1403 et
1466 1342 1546 1404 aeris
1570 1360 1686 1422 sugge-

329 1430 474 1504 stionem,
499 1451 622 1511 quorum
647 1431 795 1493 alterutro
820 1432 930 1494 omisso
946 1440 1030 1492 certa
1053 1451 1133 1493 mors
1158 1432 1255 1505 adest,
1281 1432 1445 1493 communis
1460 1430 1578 1511 utrique
1591 1433 1685 1504 calor,

325 1539 478 1581 commune
502 1520 618 1600 utrique
643 1521 819 1582 alimentum
843 1521 1001 1599 pinguedo.
1051 1518 1244 1582 Communem
1269 1539 1340 1598 ergo
1365 1519 1481 1600 utrique
1506 1520 1604 1581 lucem
1627 1539 1684 1580 au·

327 1620 454 1690 guratus
479 1627 554 1668 sum.
601 1609 646 1670 Tu
671 1617 777 1671 contra
800 1618 904 1689 putas,
928 1610 1013 1688 ignes
1040 1628 1107 1670 esse
1130 1610 1218 1671 valde
1243 1609 1414 1671 dissimiles.
1461 1609 1612 1678 Flamma,
1637 1608 1685 1669 in·

327 1698 409 1781 quis,
444 1705 492 1758 est
516 1698 614 1758 fumus
639 1717 794 1759 accensus
842 1699 940 1776 h'ego.
985 1698 1044 1759 Est
1068 1698 1146 1759 enim
1170 1699 1291 1760 flamma
1318 1697 1471 1759 exhalatio
1495 1696 1686 1778 pinguedinis

329 1804 492 1860 accensae,
518 1786 603 1864 cujus
627 1795 846 1848 recrementum
866 1796 915 1847 est
939 1787 1044 1849 tumus.
1083 1788 1116 1848 lu
1142 1788 1231 1848 corde
1246 1806 1377 1867 quoque,
1403 1787 1440 1847 oh
1456 1805 1597 1866 magnum
1613 1786 1686 1848 illud

329 1874 410 1937 vitae
435 1874 618 1949 incendium,
653 1876 776 1936 exhalat
799 1875 948 1955 pinguedo
974 1876 1127 1954 sanguinis
1158 1876 1187 1936 in
1212 1876 1265 1937 illa
1288 1895 1419 1937 caverna
1442 1876 1540 1956 ibique
1564 1875 1686 1937 inflam-

328 1972 442 2035 matur,
467 1963 544 2042 quod
569 1971 699 2025 testatur
722 1965 887 2045 inspiratio
907 1964 1091 2026 inevitabilis
1115 1973 1147 2024 et
1165 1965 1297 2026 excretio
1322 1964 1466 2025 fumorum
1490 1965 1519 2024 in
1545 1965 1686 2036 arterias,

329 2053 366 2114 de
391 2070 450 2132 qua
472 2052 629 2114 Feruelius
656 2052 684 2113 in
710 2053 911 2132 descriptione
947 2054 1061 2128 cordis,
1096 2072 1151 2114 uec
1184 2054 1261 2115 enim
1291 2054 1357 2115 huic
1381 2054 1441 2134 igni
1466 2061 1579 2133 aequat
1602 2053 1687 2116 illum

327 2159 382 2221 per
405 2149 524 2202 ceteros
548 2150 643 2203 artus.
690 2142 855 2204 Praeterea
874 2142 933 2216 ais,
968 2142 1068 2222 ignem
1091 2161 1159 2204 esse
1188 2142 1217 2203 in
1242 2161 1356 2203 summo
1381 2143 1476 2220 gradu
1500 2142 1633 2204 calidum
1656 2152 1690 2206 et

329 2230 451 2293 siccum.
499 2229 598 2303 Sane,
633 2230 659 2290 si
690 2231 794 2292 nudus.
842 2232 887 2291 At
920 2231 969 2310 qui
1004 2239 1093 2292 esta
1118 2232 1238 2293 fornace
1271 2232 1435 2305 calefacta,
1470 2231 1496 2292 is
1520 2251 1538 2291 e
1562 2249 1687 2311 corpore

329 2320 469 2381 sudorem
501 2319 625 2381 excitat.
673 2319 723 2380 Ad
757 2319 884 2381 eundum
916 2320 1035 2381 modum
1068 2320 1117 2400 qui
1149 2320 1177 2381 in
1202 2320 1291 2381 corde
1322 2329 1370 2381 est
1392 2319 1526 2381 inclusus
1552 2321 1689 2382 membra

330 2417 433 2470 cetera
458 2427 515 2468 non
535 2407 641 2468 laedit.
688 2408 800 2469 Metuis
825 2409 906 2470 cordi
930 2412 1081 2470 ilammam
1106 2410 1135 2470 in
1152 2410 1217 2470 sinu
1241 2409 1373 2488 gerenti,
1399 2409 1469 2488 quid
1493 2409 1537 2471 illi
1562 2409 1687 2472 accide-

330 2497 398 2559 ret?
437 2494 516 2565 Quid
542 2497 637 2571 enim,
669 2497 725 2558 nisi
756 2497 833 2576 quod
857 2498 990 2576 puellae,
1022 2516 1098 2577 quae
1126 2500 1229 2578 palma
1262 2518 1367 2558 inarrus
1396 2498 1494 2559 cinere
1527 2507 1690 2561 constrata

328 2586 417 2646 vivos
441 2586 583 2664 imposuit
606 2587 761 2646 carbones.
808 2586 887 2649 Nam
912 2587 1011 2648 cordis
1043 2588 1167 2665 capsula
1192 2587 1272 2648 intus
1297 2587 1410 2648 triunita
1433 2597 1482 2647 est
1496 2596 1605 2649 contra
1629 2588 1688 2650 rim

326 2674 414 2753 hujus
439 2674 526 2752 ignis.
574 2674 616 2736 Et
639 2684 743 2735 tamen
768 2675 816 2735 hic
839 2674 868 2735 in
894 2676 1071 2755 quibusdam
1096 2676 1207 2737 morbis
1222 2676 1424 2738 exardescens
1448 2676 1612 2737 violentius
1639 2677 1687 2738 iu·

327 2763 449 2826 teritum
473 2765 571 2825 adest.
619 2765 786 2825 Praeterea
811 2763 924 2843 ignium
949 2765 1041 2825 etiam
1058 2766 1237 2827 nostratium
1256 2783 1367 2845 magna
1390 2773 1440 2826 est
1462 2765 1608 2840 varietas,
1633 2785 1690 2828 uec

327 2852 417 2914 valde
451 2852 510 2912 urit
533 2853 655 2914 damma
686 2872 723 2912 ex
757 2853 825 2914 rino
859 2853 981 2929 adusto,
1017 2854 1148 2932 alignis
1182 2855 1337 2916 viridibus.
1384 2852 1568 2934 Sanguinem
1592 2875 1690 2934 negas

329 2940 587 3003 inflammabilem:
612 2960 666 3002 nec
691 2960 763 3003 sane
788 2943 892 3003 sebum
917 2942 961 3004 sic
985 2942 1101 3003 habens
1116 2943 1332 3017 inflammatur,
1358 2944 1412 3004 sed
1436 2944 1518 3022 prius
1542 2952 1688 3006 attenua-

327 3038 377 3093 tur
399 3050 418 3090 a
442 3030 562 3090 flamina
585 3030 614 3090 in
644 3031 808 3112 ellychnio,
843 3040 874 3092 ut
905 3032 960 3092 liat
983 3031 1152 3105 exhalatio,
1178 3053 1254 3111 qliae
1276 3053 1333 3111 quo
1358 3033 1489 3106 tenuior,
1523 3032 1580 3094 hoc
1608 3033 1690 3115 iguis

327 3119 520 3192 luculentior,
556 3138 613 3198 quo
637 3119 781 3193 crassior,
816 3129 850 3180 ut
873 3120 914 3180 ad
939 3122 1076 3180 flammae
1101 3120 1234 3193 radices,
1270 3122 1325 3182 hoc
1354 3122 1476 3182 flamma
1500 3123 1690 3185 tenebrosior

330 3219 359 3270 et
384 3208 470 3288 quasi
496 3210 644 3270 caerulea.
691 3208 767 3269 Mihi
794 3208 914 3288 quidem
939 3229 1039 3270 ramus
1064 3219 1256 3270 transversus
1287 3229 1323 3271 ex
1347 3230 1441 3271 venae
1466 3229 1560 3272 cavae
1583 3212 1690 3292 stipite

327 3315 431 3360 crasso
462 3298 581 3358 ridetur
603 3307 686 3358 totus
709 3298 893 3375 pinguedine
926 3299 1046 3377 plenus,
1080 3316 1156 3377 quae
1180 3319 1199 3359 a
1223 3299 1321 3360 cordis
1350 3301 1449 3359 calore
1481 3319 1517 3361 ex
1541 3301 1690 3380 sanguine

329 3406 365 3447 eo
389 3386 586 3466 molestetur,
613 3395 645 3446 ut
669 3386 707 3447 ab
732 3387 800 3463 igne
825 3388 927 3447 sebum
959 3387 988 3448 in
1014 3387 1204 3469 ellychnium3
1239 3388 1292 3449 sed
1317 3397 1417 3449 tamen
1445 3388 1529 3468 prius
1558 3389 1587 3449 in
1616 3392 1688 3470 pul-

329 3476 470 3537 monibus
496 3483 695 3554 conparatum
720 3484 750 3535 et
766 3475 794 3535 in
811 3474 942 3548 senibus,
966 3476 1123 3536 deficiente
1147 3477 1202 3538 hoc
1226 3476 1346 3538 humido
1372 3476 1507 3552 radicali,
1533 3477 1689 3558 extingui-

329 3574 378 3627 tur
403 3567 533 3635 flamma,
561 3564 697 3625 succedit
720 3582 816 3637 mors,
842 3575 874 3625 ut
901 3566 929 3626 in
956 3565 1088 3625 candelis
1113 3566 1269 3627 deficiente
1294 3566 1376 3628 sebo.
1425 3565 1485 3627 Sed
1511 3567 1634 3647 quaeris
1658 3578 1690 3628 et

330 3653 369 3714 de
394 3654 555 3734 ellychnio,
581 3653 665 3733 quasi
681 3654 780 3715 riuum
796 3653 935 3714 adustum
960 3653 1135 3715 absumatur
1150 3657 1298 3717 allamma
1315 3674 1370 3735 per
1393 3655 1473 3717 aliud
1497 3655 1689 3738 ellychnium,

328 3761 418 3821 quam
443 3751 489 3800 est
506 3741 690 3803 continuatio
715 3742 931 3815 exhalationis;
956 3752 1110 3803 ettamen
1135 3753 1167 3805 ct
1191 3745 1237 3804 hic
1262 3744 1357 3823 liquor
1380 3743 1483 3823 aquosi
1499 3745 1570 3823 quid
1585 3744 1689 3807 habet.

416 3829 630 3893 Brenggarus:
666 3830 714 3879 Cur
740 3830 846 3879 calorem
872 3846 968 3880 omnem
1001 3832 1080 3881 iacias
1111 3833 1256 3896 qualitatem
1283 3833 1415 3882 coelestem
1442 3834 1477 3882 rei
1505 3834 1691 3884 immaterlstss

328 3898 365 3964 (p.
386 3897 449 3960 tt),
469 3902 567 3956 nescio.
592 3916 671 3965 neque
691 3904 755 3950 euim
774 3901 844 3950 rideo
862 3903 982 3966 quomodo
1009 3904 1076 3952 calor
1100 3904 1234 3963 scintillae,
1265 3919 1294 3952 ex
1314 3905 1402 3953 attritu
1422 3903 1532 3966 chalybis
1560 3913 1587 3954 et
1611 3905 1691 3956 silicis

327 3972 464 4026 excitatae.
485 3974 562 4035 possit
580 3972 627 4020 dici
646 3973 754 4036 qualitas
773 3973 887 4022 coelestis
906 3981 932 4022 et
950 3977 1092 4024 materiata.

415 4043 614 4122 Keplerus:
641 4045 780 4107 Calorem
807 4045 1025 4119 immaterialis,
1052 4046 1128 4117 dixi,
1158 4045 1310 4124 passivum
1342 4054 1373 4105 et
1405 4045 1689 4110 acirentitiumesse

328 4132 525 4212 primitusque
550 4133 693 4194 advenire
717 4134 765 4194 rel
790 4154 826 4194 cx
851 4135 952 4195 anima
975 4136 1110 4197 coelesti.
1150 4132 1264 4213 Objicis
1288 4136 1437 4196 scintillas
1453 4155 1490 4195 ex
1509 4136 1618 4197 attritu
1642 4136 1688 4199 si-

327 4220 425 4283 licum.
485 4221 518 4282 Si
542 4221 690 4283 scintillas
715 4222 844 4284 dixisses
869 4242 906 4284 ex
938 4224 1044 4285 attritu
1077 4222 1238 4284 frustorum
1265 4224 1374 4300 glaciei
1402 4224 1480 4285 iuter
1512 4243 1562 4298 se,
1597 4226 1688 4287 raldo

326 4327 372 4371 me
396 4310 572 4389 pressisses.
624 4311 710 4372 h'uuc
739 4311 815 4373 silex
841 4320 872 4373 et
905 4312 1014 4374 terrum
1042 4310 1144 4393 utique
1168 4312 1296 4373 materia
1320 4320 1380 4380 est,
1415 4312 1532 4374 animae
1563 4312 1687 4377 subter·

326 4418 435 4461 raucae
461 4400 598 4473 frustum,
641 4400 791 4480 habetque
815 4401 938 4480 sulphur
962 4400 1097 4481 aliquod,
1131 4400 1207 4461 adeo
1235 4408 1270 4462 ut
1298 4401 1389 4463 ctiam
1417 4421 1455 4463 ex
1483 4402 1592 4465 attritu
1617 4401 1689 4468 ferri

328 4497 362 4551 et
386 4488 497 4566 glaciei
521 4489 657 4550 existant
680 4489 830 4551 scintillae
845 4499 968 4569 propter
991 4498 1130 4551 naturam
1156 4489 1235 4551 ferri.
1281 4489 1327 4550 Eo
1351 4491 1441 4570 igitur
1460 4490 1529 4569 jure
1553 4491 1691 4554 scintilla

328 4595 365 4638 ex
391 4578 490 4650 silice,
523 4597 580 4656 quo
600 4579 668 4656 jure
692 4578 812 4638 flamma
836 4598 873 4638 ex
898 4577 978 4652 oleo,
1008 4578 1076 4656 jure
1100 4576 1286 4651 nativitatis,
1320 4597 1387 4640 cum
1410 4580 1485 4640 haec
1509 4580 1572 4642 sint
1595 4599 1690 4662 opera

329 4665 502 4727 animalium
527 4667 714 4727 tacultatum.

417 4754 640 4818 Ereuggerus:
661 4752 781 4813 Quaestio
800 4754 831 4803 de
850 4753 948 4814 iride,
967 4766 1041 4817 quam
1061 4753 1130 4803 calco
1149 4762 1208 4803 tuas
1227 4754 1346 4817 epistolas
1364 4755 1423 4805 mihi
1440 4756 1564 4821 proponis.
1584 4755 1689 4824 elegans

326 4832 373 4880 est.
392 4824 423 4876 de
441 4839 491 4889 qna
509 4827 571 4874 torte
591 4826 653 4874 alias
671 4824 794 4875 scribendi
813 4824 911 4874 dabitur
929 4824 1035 4875 occasio.
1074 4823 1145 4875 liuns
1173 4831 1198 4873 et
1217 4831 1313 4889 tempus
1337 4833 1363 4876 et
1381 4827 1500 4892 epistolas
1527 4827 1616 4880 modus
1640 4830 1687 4882 im·

326 4905 431 4959 persas,
456 4903 485 4944 nt
502 4896 576 4945 finem
601 4896 700 4946 taciam.
746 4895 828 4944 Unum
852 4896 943 4945 saltem
971 4895 1094 4958 adjiciam,
1119 4897 1184 4961 quod
1208 4897 1272 4945 intes
1289 4911 1360 4946 meas
1383 4899 1566 4949 obssrrstiones

327 4973 483 5026 mentum.
503 4966 604 5032 eclipsin
618 4967 713 5024 Luam.
732 4980 797 5032 quas
809 4979 875 5017 suno
890 4965 957 5018 raet
969 4968 1009 5018 dis
1023 4964 1064 5015 il.
1079 4964 1148 5029 (tt.)
1161 4967 1251 5030 Aprilis
1262 4980 1338 5020 mans
1347 4969 1446 5026 modia
1458 4967 1688 5024 maxumum
