3692 5842
1459 469 1785 520 cru-cxx.
2847 461 2978 530 559

260 642 463 705 Detur
510 644 805 725 utrimque
873 665 991 706 una
1054 647 1182 707 lens
1248 667 1400 708 cava
1458 645 1578 708 GII
1634 648 1732 708 vel
1789 648 1910 721 IK,
1975 668 2128 727 quae

260 732 538 813 proxime
600 734 831 794 oculum
893 734 1096 814 posita
1161 744 1329 797 certa
1393 736 1484 796 sui
1566 735 1838 814 portione
1907 746 2134 798 certam

262 820 696 901 parallelorum
726 822 1026 884 radiorum
1059 824 1496 904 divergentiam
1530 832 1829 888 causetur.
1902 824 2131 887 Cavum

260 908 452 989 igitur
511 930 643 971 cum
707 911 789 971 sit
848 932 1027 973 unum
1076 921 1139 973 et
1185 913 1342 974 idem
1411 914 1783 993 propositum
1834 911 1974 987 GII,
2023 915 2130 986 IK,

262 998 383 1061 erit
414 997 472 1058 in
506 998 715 1060 eodem
758 999 877 1061 situ
909 1021 947 1060 a
977 998 1047 1073 C,
1079 1002 1128 1061 F
1172 1001 1414 1081 punctis
1463 1020 1786 1063 concursus
1827 1022 1933 1081 per
1965 1002 2130 1065 CXI.

262 1084 497 1149 Oculus
545 1108 685 1148 vero
744 1097 840 1148 est
894 1089 1164 1168 proxime
1223 1091 1441 1150 lentem
1499 1090 1793 1169 utrimque
1844 1112 1919 1151 ex
1985 1111 2130 1170 sup-

262 1174 490 1257 posito·
568 1177 943 1255 Aequalibus
982 1178 1167 1255 igitur
1215 1179 1580 1240 acuminibus
1614 1177 1747 1253 GC,
1782 1181 1865 1239 11⁴*
1913 1180 2131 1240 ablatis

264 1264 345 1325 ab
410 1264 823 1345 inaequalibus
878 1264 1016 1334 AC,
1065 1267 1191 1341 DF,
1254 1287 1403 1346 quae
1471 1277 1794 1346 supersunt
1852 1267 1995 1340 AG,
2044 1269 2132 1328 DI

266 1352 327 1414 in
400 1353 609 1432 majori
677 1363 851 1415 eruut
910 1355 1316 1434 proportione.
1442 1357 1591 1416 Plus
1656 1356 1835 1434 igitur
1902 1357 1958 1416 in
2024 1377 2136 1417 sua

264 1443 654 1520 proportione
701 1452 1044 1505 removetur
1087 1445 1201 1506 AB
1250 1464 1580 1505 convexum
1631 1465 1667 1504 a
1709 1444 1827 1505 GH
1875 1465 2024 1504 cavo
2074 1453 2138 1504 et

264 1531 462 1605 oculo,
514 1549 691 1611 quam
738 1530 850 1592 DE
901 1551 1225 1594 convexum
1277 1535 1352 1594 ab
1407 1534 1493 1593 lK
1542 1552 1689 1592 cavo
1738 1541 1801 1594 et
1858 1533 2027 1593 oculo
2076 1532 2134 1592 in

266 1639 384 1681 sua
429 1618 839 1700 proportione.
916 1621 998 1681 Et
1030 1619 1149 1681 GII
1195 1641 1327 1682 cum
1376 1622 1546 1681 oculo
1589 1630 1684 1685 est
1729 1622 1972 1700 propior
2022 1621 2134 1700 ipsi

266 1705 321 1770 C
372 1708 430 1768 in
480 1709 864 1787 proportione
912 1709 1099 1787 ipsius
1153 1709 1323 1772 ABG
1385 1729 1561 1787 quam
1623 1710 1713 1769 IK
1775 1730 1906 1770 cum
1966 1710 2136 1770 oculo

266 1796 387 1877 ipsi
434 1797 487 1857 1⁴*
534 1797 591 1857 in
639 1797 1020 1877 proportione
1069 1798 1251 1859 DEF.
1344 1798 1587 1876 Majora
1631 1798 1817 1877 igitur
1875 1794 2137 1858 visibilia

267 1888 807 1964 repraesentantur
852 1906 959 1965 per
987 1888 1120 1959 AB,
1175 1885 1295 1946 GlI
1343 1906 1518 1966 quam
1565 1906 1672 1965 per
1720 1887 1851 1961 DE,
1902 1888 1984 1946 [K
2032 1905 2138 1965 per

266 1975 637 2037 LXXXIII.
702 1974 785 2035 Et
834 1975 1067 2054 quidem
1118 1975 1428 2036 levissima
1475 1975 1832 2037 alteratione
1881 1994 2136 2054 propor-

272 2062 457 2125 tionis
504 2065 681 2125 valde
731 2064 960 2142 majora
1008 2084 1113 2144 per
1154 2065 1383 2128 CXIV.

455 2153 626 2214 Haec
703 2150 988 2233 capitalis
1061 2153 1391 2232 propositio
1473 2151 1932 2213 abstrusissima
2005 2151 2137 2226 fuit,

274 2240 458 2321 idque
508 2241 662 2310 iden,
715 2243 871 2320 quia,
922 2241 973 2302 si
1025 2261 1172 2320 quae
1223 2251 1316 2303 est
1363 2241 1667 2320 proportio
1714 2240 1828 2304 AC
1880 2241 1957 2301 ad
2006 2238 2142 2313 CG,

274 2330 491 2391 eadem
554 2330 769 2391 fuisset
824 2329 1011 2409 ipsius
1059 2330 1168 2391 DF
1215 2332 1290 2391 ad
1339 2332 1439 2404 FI,
1502 2340 1642 2390 tunc
1700 2329 1844 2390 nihil
1897 2328 2144 2390 fecisset
2777 2385 2778 2388 ,

272 2417 399 2483 AG
455 2418 687 2497 longior
735 2439 910 2499 quam
956 2419 1046 2480 DI
1096 2419 1170 2480 ad
1221 2420 1497 2498 augenda
1553 2417 1831 2481 visibilia.
1926 2418 2145 2479 Omnia
2329 2432 2368 2472 r
2739 2439 2772 2484 c

270 2506 430 2568 enim
481 2507 736 2568 fuissent
782 2507 1078 2590 utrimque
1128 2510 1403 2588 aequalia
1451 2527 1556 2587 per
1605 2508 1968 2570 LXXXIII.

453 2594 686 2657 CXVI.
783 2598 1194 2658 Problema.
1291 2597 1575 2658 Visibilia
1619 2615 1727 2676 pro
1777 2596 1968 2658 lubitu
2017 2616 2237 2672 magna
2284 2601 2763 2674 repraesentare.

450 2685 605 2745 Nam
654 2687 790 2764 (per
838 2683 1068 2748 CXIII.
1122 2684 1351 2753 CXV.)
1400 2694 1591 2766 patet,
1644 2694 1824 2746 aucta
1868 2684 2250 2765 proportione
2300 2684 2652 2745 circulorum
2700 2678 2988 2741 cavitatis

264 2782 331 2837 et
379 2773 785 2835 convexitatis
832 2775 1037 2853 augeri
1086 2774 1365 2836 visibilia.

449 2860 712 2926 CXVII.
805 2863 1228 2925 Problema.
1328 2864 1631 2943 Inaequali
1686 2863 1930 2925 lentium
1979 2860 2305 2934 distantia,
2376 2860 2488 2920 hoc
2546 2865 2643 2918 est
2689 2858 2983 2936 inaequa-

266 2952 428 3014 libus
479 2951 639 3012 tubis
686 2960 1148 3030 repraesentare
1197 2953 1460 3014 visibilia
1507 2953 1745 3032 aequali
1795 2958 2117 3031 augmento
2167 2947 2619 3028 magnitudinis,

448 3041 571 3102 Fac
631 3043 766 3120 (per
814 3039 1045 3105 CXIII.
1100 3042 1317 3115 CXV.)
1386 3052 1450 3104 ut
1514 3043 1596 3103 sit
1661 3044 1872 3103 eadem
1933 3040 2240 3120 proportio
2308 3048 2372 3099 et
2436 3036 2768 3098 cavitatum
2835 3032 2990 3095 inter

262 3150 335 3191 se
384 3136 449 3191 et
495 3130 943 3192 conv-exitatum
1010 3140 1072 3192 et
1138 3118 1560 3192 distantiaium
1629 3131 1784 3192 inter
1851 3134 2084 3203 lenteS,
2152 3126 2435 3189 convexis
2503 3125 2653 3204 ipsis
2720 3123 2875 3184 inter
2921 3140 2989 3180 se

263 3218 680 3281 dissimilibus.

449 3305 745 3370 CXVIII.
841 3307 1257 3369 Problema.
1355 3308 1740 3369 Brevioribus
1788 3306 1950 3369 tubis
2000 3311 2457 3386 repraesentare
2506 3302 2755 3382 majora.

450 3395 519 3458 Si
569 3415 833 3457 convexo
882 3396 1091 3457 minori
1140 3396 1434 3457 existente
1486 3397 1678 3475 major
1725 3397 1838 3458 erit
1885 3395 2192 3475 proportio
2243 3395 2398 3454 inter
2427 3390 2877 3454 convexitatem
2925 3394 2986 3446 et

262 3485 621 3555 cavitatem,
672 3505 845 3564 quam
894 3486 951 3546 in
1000 3485 1395 3547 instrumento
1430 3486 1702 3564 longiori,
1753 3486 1982 3563 majora
2019 3483 2274 3545 breviori
2305 3482 2702 3543 instrumento
2732 3495 2980 3556 reprae-

263 3574 669 3638 sentabuntur
718 3575 853 3653 (per
902 3574 1132 3636 CXIII.
1186 3583 1248 3635 et
1296 3574 1523 3646 CXV).

452 3660 680 3725 CXIX.
774 3662 1224 3743 Propositio.
1322 3664 1530 3724 Posito
1579 3681 1879 3732 concam,
1937 3662 2157 3722 clarius
2208 3679 2313 3722 seu
2364 3657 2580 3719 fortius
2629 3671 2986 3733 repraesen-

264 3761 482 3816 tantur
531 3751 811 3826 visibilia,
863 3751 1071 3832 majori
1121 3771 1226 3812 seu
1275 3751 1473 3813 latiori
1524 3772 1788 3814 convexo
1839 3771 2014 3831 quam
2066 3748 2298 3811 minori.

456 3841 602 3901 Plus
670 3841 821 3902 enim
892 3843 1038 3902 lucis
1100 3842 1404 3920 spargitur
1466 3843 1539 3903 ab
1602 3862 1715 3902 uuo
1772 3850 1992 3919 puncto
2044 3840 2130 3911 (in
2180 3837 2448 3916 proximo
2498 3834 2836 3903 schemate)
2884 3847 2993 3909 per

268 3928 730 4010 amplitudinem
770 3930 882 3991 AB
934 3930 1218 4009 majorem
1266 3950 1441 4009 quam
1488 3951 1594 4009 per
1634 3931 1744 3991 DE
1794 3931 2098 3990 minorem.
2192 3926 2287 3987 Ea
2331 3943 2473 3985 vero
2521 3922 2711 3983 omnis
2760 3919 2997 3994 cogitur

272 4021 337 4083 in
390 4037 567 4079 unum
616 4028 900 4097 punctum
951 4017 1000 4080 C
1050 4020 1144 4078 vel
1194 4020 1262 4080 1³.
1359 4022 1424 4079 In
1478 4018 1525 4082 C
1578 4019 1757 4097 igitur
1820 4018 2031 4079 fortior
2080 4025 2177 4077 est
2223 4014 2459 4094 pictura
2507 4030 2682 4092 quam
2730 4010 2786 4070 in
2837 4009 2885 4069 1⁴*
2932 4014 2996 4065 et

268 4107 482 4171 oculus
532 4107 589 4167 in
642 4104 761 4168 GII
809 4107 1160 4187 stipatiores
1209 4107 1431 4187 excipit
1478 4109 1678 4168 radios
1718 4128 1895 4187 quam
1946 4107 2001 4168 in
2055 4107 2163 4166 IK,
2924 4181 2937 4194 .

453 4194 933 4275 Magnitudinem
984 4207 1185 4257 autem
1233 4198 1481 4258 convexi
1532 4197 1802 4276 intellige
1853 4196 1944 4257 hic
1995 4215 2067 4255 ex
2115 4194 2322 4255 XXX.
2377 4193 2449 4251 de
2499 4206 2742 4266 corpore
2793 4186 2994 4254 lentis,

268 4306 391 4351 non
441 4286 515 4346 de
564 4286 766 4363 figura.
2905 4357 2918 4371 ·

457 4372 656 4436 CXX.
753 4373 1203 4454 propositio,
1299 4373 1504 4434 Posito
1554 4392 1838 4447 convexo,
1892 4372 2150 4432 visibilia
2197 4370 2726 4448 repraesentantur
2773 4361 2993 4422 clarius

270 4485 379 4527 seu
432 4464 645 4525 fortius
691 4483 800 4544 per
848 4482 1055 4524 cavum
1105 4463 1350 4541 majoris
1399 4462 1626 4529 circuli,
1677 4482 1854 4541 quam
1902 4481 2009 4540 per
2057 4458 2300 4522 minoris
2350 4475 2581 4517 cavum.

458 4554 655 4613 Parva
722 4553 876 4613 euim
944 4553 1070 4611 lens
1139 4551 1403 4630 proxime
1471 4551 1702 4611 oculum
1767 4570 1957 4630 parva
2028 4551 2119 4612 sui
2185 4555 2356 4627 parte
2415 4546 2648 4624 justam
2713 4544 2997 4600 causatur

270 4642 577 4705 radiorum
628 4641 1084 4719 divergentiam.
1163 4640 1296 4700 Etsi
1350 4638 1531 4717 igitur
1560 4639 1728 4699 multi
1779 4640 1933 4701 radii
1984 4638 2152 4699 unius
2201 4634 2403 4714 puncti
2452 4634 2509 4693 in
2561 4632 2722 4691 illam
2755 4626 2997 4727 radiant

270 4738 339 4793 et
386 4751 425 4790 a
472 4748 694 4809 magna
740 4731 1013 4809 portiom·
1064 4748 1366 4789 convexae
1419 4726 1594 4787 lentis
1645 4728 1915 4799 radiant,
1982 4728 2248 4806 plerique
2311 4734 2512 4784 tamen
2564 4737 2762 4781 eorum
2813 4733 2997 4815 numa.

272 4818 674 4892 refractione,
744 4839 919 4897 quam
988 4819 1178 4878 latera
1257 4836 1364 4877 seu
1432 4816 1643 4875 limbus
1710 4837 1899 4877 cavae
1969 4816 2148 4876 lontis
2224 4822 2548 4881 causatur,
2614 4807 2998 4870 circumcirca

273 4908 566 4971 aberrant
630 4908 706 4969 ab
772 4908 942 4968 oculo
1011 4907 1106 4977 (ut
1171 4906 1227 4966 in
1295 4906 1601 4967 schemate
1650 4902 1755 4968 25.
1819 4907 1930 4967 FG
1982 4905 2057 4965 ab
2125 4905 2209 4964 111
2281 4899 2598 4962 latitudine
2660 4892 2993 4994 pupillae)f

270 4994 694 5079 ingrediuntur
765 5016 907 5058 vero
976 4996 1205 5057 oculum
1270 4994 1634 5056 radiationes
1702 5014 1817 5055 non
1888 4994 2000 5055 nisi
2076 5010 2306 5072 paucae
2380 4998 2445 5051 et
2481 4980 2996 5067 eperpendteularl
