3692 5842
238 480 303 548 524
817 482 846 531 ln
866 479 1009 542 Dioptricou

327 658 454 722 Sextam
478 659 594 738 optices
624 658 789 719 utilitatem
812 657 895 717 Pena
925 662 1139 717 commemorat
1168 653 1198 715 in
1226 653 1427 715 convellenda
1452 650 1567 732 opinione

240 748 502 812 Aristotelicorum
526 748 562 808 de
587 747 718 827 galaxia,
744 747 889 827 docetque
913 764 951 807 ex
974 744 1091 824 optica,
1126 741 1281 822 galaxiam
1313 742 1344 804 iu
1377 743 1444 823 ipso
1470 740 1567 803 aetham

241 837 413 917 longissime
437 856 528 916 supra
546 838 663 897 Lunam
699 834 911 897 circumfundi:
950 834 1057 914 quippe
1082 851 1158 912 quac
1181 831 1435 913 permutationem
1458 830 1512 892 loci
1530 830 1568 892 snb

238 926 306 988 lixis
330 927 441 987 nullam
465 944 519 1004 per
542 925 663 986 diversa
686 926 844 986 Terrarum
868 925 936 985 loca
966 922 1160 1002 diversosque
1191 920 1231 982 ad
1257 920 1446 982 horizontem
1475 920 1568 1000 positus

242 1015 336 1076 oculis
361 1015 512 1093 subjiciat.
552 1016 694 1093 Magnum
714 1013 921 1093 proculdubio
947 1020 978 1072 et
1001 1011 1056 1071 hoc
1080 1010 1195 1092 optices
1218 1009 1396 1071 beneficium
1420 1017 1569 1090 agnoscent,

241 1104 291 1183 qui
315 1104 461 1165 hactenns
486 1102 661 1164 Aristotelis
685 1102 934 1180 llleteorologiam
959 1108 1159 1179 suspexerunt
1181 1098 1268 1178 inque
1292 1097 1393 1179 pretio
1417 1097 1570 1172 hahnemnt,

241 1193 299 1253 etsi
324 1212 369 1261 ea,
395 1211 471 1272 qnae
496 1191 575 1252 circa
598 1191 752 1270 galaxiam
777 1189 935 1252 Galilacus
960 1207 1016 1268 ope
1039 1187 1203 1269 perspicilli
1227 1188 1359 1264 detexit,
1386 1186 1570 1250 ratiocinatio

242 1301 309 1342 nem
334 1281 410 1342 hauc
434 1280 534 1341 Peuae
558 1299 646 1359 porro
670 1281 797 1341 reddent
820 1296 1045 1359 supervacuam.
1255 1283 1259 1290 '

331 1369 502 1450 Sequuntur
535 1368 564 1429 iu
588 1369 687 1430 Penne
721 1369 907 1447 praefatione
941 1366 1087 1428 deformia
1119 1364 1279 1439 nonnulla,
1316 1364 1425 1445 quibus
1456 1381 1526 1443 rogo
1546 1381 1572 1423 ne

243 1459 358 1539 optices
383 1458 537 1518 studiosus
562 1466 725 1518 moveatur.
775 1457 881 1518 Visum
905 1458 967 1517 lieri
994 1455 1144 1516 radiorum
1165 1454 1339 1534 receptione
1354 1453 1483 1515 Vitellio
1496 1451 1574 1512 reris-

244 1548 318 1609 sime
353 1546 481 1618 statuit;
520 1547 709 1625 comprobari
744 1566 799 1624 ego
831 1545 1065 1606 evidentissimis
1100 1542 1325 1623 experimentis.
1382 1542 1498 1621 lllagua
1526 1549 1575 1600 erat

246 1637 412 1715 opticorum
450 1634 590 1713 gloriatio
624 1644 728 1695 contra
752 1634 976 1702 Aristotelicas,
1001 1632 1191 1694 emissionem
1213 1630 1366 1692 radiorum
1390 1630 1576 1700 defendentes,

193 1751 204 1770 ·
243 1735 367 1805 propter
399 1742 576 1784 consensum
609 1724 738 1802 ipsorum
770 1724 848 1784 inter
884 1744 927 1785 se.
975 1722 1143 1784 Doleudum
1168 1720 1285 1800 itaque,
1316 1719 1419 1782 Penae
1448 1718 1576 1781 contrario

245 1812 416 1875 testimonio
440 1812 567 1891 gloriam
591 1812 666 1872 lrauc
691 1812 856 1889 opticorum
890 1812 1020 1885 foedari,
1055 1809 1232 1889 praesertim
1265 1828 1332 1870 curn
1363 1819 1396 1871 et
1427 1808 1492 1890 ipse
1513 1807 1577 1868 Pena

214 1959 218 1972 ,
245 1903 286 1963 sit
309 1903 435 1980 opticus,
462 1910 494 1961 et
518 1921 553 1960 ea
578 1902 643 1980 ipsa
667 1901 694 1961 in
719 1901 906 1979 praefatione
922 1901 1055 1979 opticam
1071 1899 1268 1960 commendet.
1316 1897 1411 1977 Atqui
1430 1895 1579 1977 perpendat

246 1990 454 2071 philosophiae
488 1991 602 2063 cultor,
641 2008 737 2050 rerum
771 1989 977 2051 abstrusorum
1011 1987 1273 2068 investigationem
1311 2006 1369 2048 nou
1408 1987 1494 2048 ouius
1527 2003 1579 2045 esre

246 2080 358 2153 seculi;
383 2098 474 2158 saepe
495 2078 616 2151 veritas,
644 2079 744 2139 furtim
769 2079 854 2158 quasi
879 2080 907 2140 in
932 2087 1125 2156 conspectum
1140 2078 1273 2150 veniens,
1297 2076 1485 2156 negligentia
1497 2073 1578 2155 philo-

246 2169 405 2248 sophorum
429 2168 542 2228 offensa
566 2168 664 2228 subito
689 2188 721 2228 se
746 2187 861 2228 rursum
887 2168 1035 2241 subducit,
1061 2186 1118 2227 uon
1144 2165 1269 2245 dignata
1292 2166 1429 2226 homines
1453 2165 1499 2225 sni
1520 2181 1579 2224 cou-

246 2265 350 2336 spectn
375 2275 467 2324 mero,
492 2256 550 2316 nisi
575 2256 724 2317 officiosos
749 2264 780 2316 et
804 2256 979 2317 industrios.
1028 2255 1116 2316 Adde
1141 2255 1219 2334 quod
1243 2254 1327 2315 Pena
1350 2253 1487 2325 Euclidi,
1510 2269 1580 2333 quen

247 2367 266 2407 a
295 2364 328 2405 se
358 2345 453 2405 denuo
481 2363 601 2406 versum
634 2345 684 2405 illo
719 2344 819 2406 libello
853 2346 1003 2412 exhihuit,
1042 2344 1217 2405 emissiones
1255 2343 1408 2405 radiorum
1443 2339 1582 2420 usurpanti

246 2443 370 2514 propter
403 2432 570 2511 opinionem
604 2433 794 2513 antiquitatis
827 2434 940 2513 aliquid
974 2433 1079 2494 tribuit
1111 2431 1314 2511 impertinenti
1346 2431 1377 2493 in
1410 2427 1584 2512 philosophia

248 2523 356 2585 studio.
409 2523 516 2600 Itaque
550 2541 669 2583 assumo
703 2542 739 2583 ex
766 2542 816 2583 ore
849 2523 950 2583 l'enae
981 2523 1066 2602 eique
1103 2521 1235 2584 rescribo
1273 2522 1458 2583 seutentiam
1494 2536 1583 2580 snam:

250 2614 414 2684 ,Physicum
429 2614 491 2666 volo
506 2614 613 2666 minime
635 2614 781 2676 credulum,
805 2614 839 2666 ob
854 2614 934 2683 idque
950 2614 1102 2683 opticarum
1116 2613 1380 2667 demonstrationum
1402 2611 1584 2682 experientem

248 2695 292 2765 qui
314 2694 454 2747 Euclidem
483 2693 554 2762 (ipse
580 2694 755 2746 Vitellionem
784 2694 906 2752 dixerat)
934 2703 1095 2764 ceterosque
1124 2694 1229 2762 opticos
1258 2705 1389 2747 accurate
1410 2693 1547 2746 examinet
1562 2699 1585 2741 et

247 2775 280 2828 iis
302 2781 410 2828 tautum
431 2776 535 2835 credat,
558 2781 691 2843 qnantum
712 2774 795 2827 abiis
817 2776 1032 2828 demonstratum
1053 2775 1153 2827 rideat.
1182 2773 1231 2826 Vir
1252 2774 1306 2827 fuit
1326 2774 1456 2827 Euclides
1477 2773 1587 2826 ammae

248 2863 277 2907 et
298 2853 451 2907 eruditione
472 2854 541 2906 nulli
569 2856 716 2916 secundus,
745 2862 777 2908 ut
797 2854 857 2921 ejus
880 2862 1056 2908 monumenta
1083 2862 1252 2915 monstrant,
1281 2856 1329 2907 sed
1356 2870 1430 2924 quae
1456 2849 1587 2908 commonia

248 2933 450 3002 disciplinarum
472 2933 616 2987 orientium
638 2951 696 2986 sors
712 2941 763 2997 est,
785 2935 927 3003 opiniones
942 2935 1041 2988 habuit
1061 2934 1238 3002 anticipatus,
1261 2950 1328 3004 quas
1344 2952 1395 3004 pro
1417 2933 1588 2988 axiomatibus

249 3013 510 3067 demonstrationum
533 3015 642 3077 obtulit,
665 3014 815 3082 cujusmodi
837 3015 904 3067 illud
923 3023 974 3076 est,
997 3022 1138 3084 aspectum
1159 3014 1217 3066 lieri
1237 3031 1287 3082 per
1308 3016 1400 3068 radios
1421 3021 1589 3085 properantes

249 3094 285 3147 ab
307 3093 391 3146 oculis
414 3095 448 3145 ad
470 3110 526 3147 rern
548 3096 642 3154 risam,
666 3097 736 3163 quod
759 3105 851 3147 tamen
870 3113 924 3147 uon
946 3096 1034 3164 magis
1057 3094 1241 3147 necessarium
1256 3103 1308 3158 est,
1331 3096 1452 3165 quamsi
1474 3095 1589 3148 risione!

248 3174 406 3241 receptione
428 3174 564 3227 radiorum
586 3175 644 3227 lteri
666 3174 768 3227 dicas.“
805 3174 886 3233 llaec
911 3173 1030 3252 iuquam
1051 3173 1105 3234 lroc
1132 3174 1196 3233 loco
1211 3173 1312 3233 Penae
1339 3175 1506 3252 regerenda
1520 3181 1590 3252 poto.

247 3260 328 3322 Nam
352 3262 389 3319 ad
414 3262 686 3323 demonstrationes
711 3262 856 3340 quasdam
882 3262 953 3322 nihil
979 3263 1106 3322 interest
1130 3270 1227 3322 utrum
1251 3281 1353 3324 rerum
1376 3264 1438 3325 sit:
1465 3272 1496 3324 et
1519 3260 1590 3322 rides

249 3358 403 3427 utrumqne
427 3371 445 3409 a
470 3370 515 3410 me
539 3352 704 3430 prorniscue
730 3351 879 3428 usurpari,
905 3351 1030 3429 l‘ropos.
1057 3347 1086 3412 3.
1113 3362 1143 3411 et
1172 3347 1217 3413 19.
1264 3350 1332 3412 Etsi
1356 3353 1522 3414 notandum
1545 3349 1590 3410 hoc

249 3438 426 3498 discrimen:
462 3439 487 3499 si
512 3440 547 3498 de
572 3440 613 3500 rei
645 3440 771 3500 lucentis
802 3447 908 3499 natura
939 3440 1069 3516 agimus,
1104 3440 1226 3518 expedit
1251 3459 1307 3500 nos
1335 3441 1417 3502 clare
1448 3441 1528 3522 loqui
1549 3454 1592 3499 uec

250 3527 329 3587 alind
354 3546 442 3605 quarn
467 3528 641 3588 emissiones
666 3528 814 3588 radiorum
840 3549 876 3587 ex
900 3529 1019 3606 punctis
1049 3528 1216 3588 lucentibus
1242 3528 1402 3592 inculcare.
1451 3526 1592 3592 nostre

249 3616 365 3676 risione
388 3634 486 3677 rernm
511 3617 671 3678 lucentium
692 3617 786 3695 deque
801 3617 883 3677 risus
909 3617 1136 3696 deceptionibus
1157 3617 1312 3696 loquimur,
1338 3638 1431 3700 saepe
1447 3639 1503 3680 uos
1523 3618 1593 3696 ipsae

250 3704 443 3783 deceptiones
477 3706 607 3766 irnitant
637 3708 674 3766 ad
706 3706 839 3784 captiose
869 3706 954 3785 qnasi
984 3707 1162 3785 loquendum
1186 3715 1217 3765 et
1245 3707 1423 3768 emissiones
1457 3708 1594 3769 radiomm

251 3812 287 3853 ex
312 3795 397 3853 oculo
422 3796 618 3873 usurpandas,
645 3814 711 3856 cunr
734 3814 765 3853 ro
790 3814 862 3855 vera
886 3796 946 3855 sint
971 3795 1158 3872 receptiones
1183 3794 1331 3857 radiorum
1357 3798 1386 3857 in
1412 3799 1539 3858 oculum.

340 3879 402 3942 Cnr
426 3883 540 3943 dnobus
565 3885 658 3944 oculis
683 3883 821 3944 rideatur
844 3903 892 3944 res
917 3903 995 3957 terra,
1019 3884 1103 3943 Pena
1127 3892 1207 3944 recte
1233 3886 1347 3946 refellit
1370 3886 1482 3948 falsam
1507 3882 1594 3945 i’itel·

252 3968 341 4029 lionis
365 3971 529 4044 rationem,
557 3971 666 4032 Galeni
692 3992 785 4050 aeque
811 3973 917 4032 falsam
944 3972 1048 4033 laudat
1079 3991 1137 4032 nou
1162 3981 1242 4032 recte
1259 3967 1311 4047 ²⁸),
1339 3973 1477 4036 Galenus
1500 3971 1596 4054 opticie

253 4057 389 4119 terminis
414 4078 484 4119 nsns
509 4069 557 4120 est
581 4062 699 4122 minime
725 4061 763 4120 ad
788 4062 870 4139 leges
895 4060 1032 4140 opticus:
1068 4061 1152 4140 quasi
1180 4064 1350 4141 pyramides
1376 4063 1519 4135 visionis,
1543 4063 1595 4124 lor·

253 4156 354 4207 malac
379 4147 445 4226 ipso
470 4149 588 4211 videndi
614 4159 682 4210 actu
717 4158 749 4209 ct
782 4171 801 4209 a
830 4151 895 4210 risa
925 4170 975 4224 re,
1009 4150 1102 4210 veluti
1133 4171 1151 4209 a
1181 4153 1327 4212 communi
1353 4151 1420 4212 basi
1444 4153 1484 4214 ad
1507 4153 1597 4214 oculor

253 4237 447 4296 continuatae
472 4238 552 4297 reale
578 4239 728 4318 quippiam
753 4238 858 4300 fierent
882 4247 912 4299 et
937 4257 1121 4316 corporeum,
1148 4257 1223 4317 quae
1248 4260 1313 4302 cum
1339 4241 1513 4304 detorsione
1531 4237 1597 4302 oculi

254 4326 423 4403 detorqueri
455 4347 473 4384 a
499 4346 552 4386 sna
583 4347 613 4387 re
646 4330 711 4388 risa
743 4337 879 4405 possent.
930 4328 1041 4388 Verani
1075 4327 1176 4406 itaque
1209 4347 1332 4391 cansam
1366 4331 1500 4411 reperies
1531 4329 1598 4392 intra

256 4413 344 4491 Prop.
371 4411 422 4475 62.

341 4501 581 4580 Explicationem
606 4503 738 4577 lralouis,
765 4504 863 4575 iridis,
888 4505 1070 4582 pareliornm
1101 4504 1406 4586 paraseleuarumque
1440 4525 1478 4571 ex
1509 4505 1598 4586 optiea

253 4589 411 4668 disciplina
430 4592 592 4667 petendam
613 4592 677 4669 jam
702 4593 770 4652 olinr
793 4594 869 4653 vidit
884 4593 1086 4654 Aristoteles:
1112 4613 1206 4674 neque
1231 4614 1276 4668 ea,
1303 4614 1379 4675 quae
1404 4597 1502 4661 adhuc
1525 4595 1598 4657 desi·

254 4677 397 4739 derantur
426 4680 455 4739 in
487 4680 732 4758 llletcorologicis
762 4681 948 4754 Aristotelis,
975 4682 1095 4743 aliunde
1128 4684 1260 4762 suppleri
1288 4695 1427 4764 possunt.
1480 4683 1598 4764 Cogita·

253 4784 354 4826 rerarn
380 4778 411 4826 et
435 4785 490 4845 ego
515 4769 561 4828 liic
587 4769 716 4829 libellum
742 4768 784 4827 dc
810 4769 906 4829 iride
933 4772 1128 4848 subjungere,
1160 4773 1238 4850 quod
1262 4775 1505 4852 supplementum
1528 4781 1599 4835 esset

255 4856 470 4917 Aristotelicae
495 4876 585 4935 snper
608 4857 681 4917 iride
706 4857 932 4934 disquisitionis,
958 4860 1011 4919 sed
1036 4859 1285 4924 desiderabantur
1308 4862 1406 4924 adhuc
1430 4863 1598 4944 pareliorunl

255 4944 401 5017 genuinae
426 4964 554 5017 causac,
580 4965 655 5024 qnae
680 4952 750 5004 snut
774 4945 872 5006 causis
897 4955 1139 5025 portentosarnrn
1164 4947 1270 5012 iridum
1298 4951 1470 5032 implexae:
1509 4953 1598 5032 iraque

255 5029 286 5089 in
311 5050 455 5109 praeseus
480 5034 535 5094 lroe
560 5034 711 5112 negotium
737 5033 862 5096 deserni.
886 5030 930 5107 ²⁶)
