3692 5842
858 505 942 572 com
965 503 1023 556 vn·
1235 450 1237 456 ’
1554 505 1621 575 aaa

266 697 357 760 quarn
380 680 420 741 ab
443 680 600 742 elementis
624 699 705 741 mero
730 680 854 740 arbitrio
885 681 1112 754 vindicaverim,
1144 701 1163 741 a
1196 699 1292 742 rerum
1322 700 1393 742 vero
1424 691 1532 745 natura
1563 684 1620 745 ab·

262 767 415 829 duxerim:
443 770 510 848 jure
544 769 650 829 merito
683 788 811 847 quaeras
844 770 986 847 amplios,
1020 772 1140 831 nullane
1173 777 1331 848 praeterea
1364 772 1512 832 naturalis
1541 774 1619 835 ratio

262 863 419 936 suppetat,
441 877 501 937 qua
524 858 604 918 trina
627 858 714 936 signa
738 858 766 918 in
792 858 933 935 trianguli
959 859 1053 919 forma
1073 858 1269 937 copulentur?

352 945 459 1025 ltaque
492 946 739 1024 quemadmodum
772 964 863 1023 supra
895 948 932 1006 de
955 947 1026 1025 ipsa
1057 946 1172 1008 zodiaci
1208 947 1341 1008 sectione
1376 946 1503 1017 dictum,
1541 949 1619 1028 quod

260 1040 372 1094 natura
396 1035 515 1113 quidem
540 1035 606 1113 ipsa
629 1035 658 1094 in
682 1034 836 1113 praecisas
864 1032 902 1094 12
926 1045 1030 1113 partes
1055 1036 1149 1113 ipsum
1176 1054 1233 1094 nou
1264 1035 1394 1104 dividat,
1430 1037 1482 1096 sed
1516 1045 1617 1099 tamen

260 1122 437 1183 occasiones
470 1123 612 1183 exhibeat
645 1124 730 1202 liujus
765 1123 974 1200 suscipiendae
1007 1124 1176 1198 divisionis,
1211 1123 1279 1183 dum
1312 1124 1399 1184 Luna
1436 1121 1474 1185 12
1504 1126 1619 1186 zodiaci

261 1210 337 1270 locis
361 1211 493 1290 quolibet
518 1230 595 1271 anno
619 1231 684 1271 cunr
708 1211 779 1271 Sole
804 1213 1012 1284 congreditur:
1038 1214 1082 1273 ita
1105 1213 1162 1273 etsi
1179 1213 1282 1271 eadem
1297 1222 1428 1272 motuum
1444 1213 1618 1275 coelestium

259 1310 370 1358 natura
395 1299 540 1377 trigorios,
566 1301 609 1360 ita
633 1302 675 1360 uti
701 1300 826 1359 suntab
846 1302 1017 1361 auctoribus
1042 1302 1208 1367 constituti,
1225 1302 1263 1360 ad
1279 1320 1407 1378 unguem
1424 1319 1481 1361 non
1503 1303 1617 1363 descri-

260 1385 315 1458 uir,
340 1389 515 1448 occasiones
540 1400 640 1449 tamen
665 1389 875 1448 subministrat
899 1390 953 1449 lros
986 1391 1121 1468 trigonus
1150 1390 1339 1449 observandi.
1386 1386 1407 1462 li
1436 1391 1512 1450 euim
1537 1402 1565 1451 et
1589 1390 1619 1465 tl

258 1474 401 1536 altissimi
426 1478 567 1556 planetae
592 1478 677 1536 binos
701 1477 852 1555 proximos
877 1496 1057 1556 congressus
1081 1487 1198 1538 mutuos
1223 1478 1266 1538 sic
1290 1478 1444 1551 ordinant,
1470 1490 1503 1539 ut
1526 1479 1619 1540 tertia

259 1564 325 1624 fere
348 1565 464 1625 zodiaci
487 1579 574 1644 parte
598 1567 722 1626 distent.
770 1564 838 1633 Qua
872 1568 987 1627 ratione
1019 1568 1160 1641 ellieitur,
1195 1574 1228 1626 ut
1261 1567 1393 1645 quolibet
1427 1568 1529 1628 seculo
1560 1568 1620 1629 tria

225 1652 376 1714 ”zodiaci
404 1654 491 1732 signa
515 1655 553 1714 ab
578 1656 749 1715 auctoribus
774 1656 829 1714 sub
854 1674 940 1715 rurum
965 1657 1115 1735 trigonum
1143 1655 1270 1715 redacta
1297 1673 1334 1714 ex
1358 1657 1619 1733 conjunctionibus

206 1771 211 1787 ·
257 1742 444 1820 superiorum
468 1744 658 1823 praecipuam
684 1743 741 1802 rim
767 1743 923 1803 obtineant
945 1743 974 1803 in
999 1743 1212 1805 commovenda
1235 1744 1308 1814 (non
1325 1743 1390 1803 dico
1408 1744 1436 1802 in
1462 1746 1613 1822 cogenda)

257 1839 370 1890 natura
391 1849 488 1891 rerum
513 1831 725 1892 sublunariurrr.
756 1829 854 1899 Quam
879 1833 1062 1912 astrologiae
1087 1843 1204 1911 partem
1226 1830 1361 1893 Joannes
1385 1832 1474 1891 Picus
1497 1833 1615 1895 Miran-
1689 1831 1693 1836 ’

256 1918 387 1978 dulanus
411 1920 482 1979 mibi
508 1922 635 1981 nondum
655 1921 774 1998 eripuit,
800 1922 857 1980 etsi
878 1921 1037 2000 plerisque,
1063 1942 1139 2000 quae
1164 1920 1248 1982 libris
1271 1918 1311 1981 12
1329 1931 1434 1982 contra
1448 1923 1618 1999 astrologos

257 2006 440 2086 disputavit,
475 2008 574 2069 sobrie
608 2020 638 2069 et
670 2010 831 2068 secundom
862 2010 993 2069 valorem
1026 2017 1267 2089 argumentorum
1291 2017 1500 2089 usurpatorum
1524 2010 1617 2073 intel-

257 2094 347 2157 lectis
371 2096 536 2157 subscribo.

348 2184 422 2244 Tale
455 2185 593 2264 quippam
626 2191 656 2243 et
680 2185 781 2245 lunae
811 2197 910 2245 motus
942 2186 1074 2264 suggerit
1109 2206 1175 2246 cunr
1200 2185 1281 2247 Solis
1306 2195 1387 2246 motu
1412 2197 1615 2266 comparatus.

255 2272 345 2334 Luna
369 2273 477 2351 quippe
502 2285 607 2333 tenens
624 2273 774 2346 Arietem,
801 2294 878 2333 arruo
899 2293 956 2334 uuo
981 2275 1116 2335 revoluto
1132 2276 1275 2348 Leonem,
1302 2296 1377 2335 annu
1398 2277 1493 2336 altero
1511 2276 1617 2355 Sagit-

258 2361 370 2422 tarium
395 2362 512 2422 obtinet
535 2363 582 2421 vel
607 2362 693 2421 initia
718 2360 905 2442 Capricorni.
1536 2430 1545 2442 ⁴

346 2449 417 2511 Jam
442 2451 533 2528 igitur
557 2461 674 2528 tempus
698 2459 754 2522 est,
781 2461 813 2512 ut
837 2452 963 2512 alteram
988 2450 1137 2512 notionem
1161 2451 1244 2512 vocis
1261 2452 1408 2529 Trigorios
1432 2453 1536 2532 igneus
1561 2473 1616 2514 ex-

255 2539 375 2618 plicem,
400 2558 476 2618 quae
501 2540 619 2617 quidem
645 2550 692 2598 est
718 2540 803 2616 liujus
829 2540 885 2599 loci
910 2541 1041 2619 propria.
1079 2540 1191 2600 Dicunt
1207 2541 1283 2601 eninr
1304 2542 1449 2620 astrologi
1466 2543 1614 2620 trigonum

255 2627 377 2706 igneum
401 2637 520 2707 tempus
545 2646 688 2687 annorum
713 2625 778 2689 200
804 2629 882 2688 lere:
908 2630 988 2690 intra
1011 2629 1087 2708 quod
1103 2638 1220 2706 tempus
1236 2649 1415 2696 congressus
1430 2632 1614 2708 superiorum

255 2717 447 2798 planetarum
471 2713 491 2791 b
516 2723 547 2776 et
569 2715 598 2789 ll
624 2717 651 2775 in
684 2717 757 2776 solis
792 2717 896 2794 igneae
932 2717 1117 2797 triplicitatis
1152 2719 1260 2795 siguis,
1292 2716 1337 2792 Υ,
1364 2722 1397 2793 il,
1423 2725 1452 2791 ,δ’
1477 2724 1615 2798 trequen-

255 2814 369 2878 tantur,
395 2815 427 2865 ut
451 2805 536 2866 nobis
561 2805 679 2884 quidem
704 2806 731 2864 iu
756 2806 850 2865 Terra
874 2807 1080 2867 babitantibus
1108 2819 1270 2885 apparent:
1304 2807 1352 2867 ubi
1377 2809 1548 2888 plerumque
1572 2809 1614 2883 fit,

256 2902 291 2955 ut
313 2894 488 2973 priusquam
513 2894 591 2954 tardi
618 2894 659 2953 illi
684 2894 730 2954 his
755 2895 849 2972 siguis
879 2897 1043 2970 excedant,
1074 2914 1177 2956 omues
1205 2895 1310 2973 reliqui
1338 2896 1479 2974 planetae
1503 2897 1616 2958 subse-

256 2989 388 3063 quantur
412 2989 532 3043 etcum
558 2982 654 3043 tardis
680 2983 740 3043 illis
766 2983 842 3042 iutra
868 2984 971 3044 lroruur
997 2985 1149 3062 signorum
1173 2984 1300 3044 confinia
1323 2985 1563 3064 conjungantur.-

348 3068 407 3140 Qui
432 3080 533 3131 autem
557 3071 620 3131 fieri
644 3082 760 3150 posset,
786 3082 819 3132 ut
843 3091 1022 3151 congressos
1046 3073 1230 3151 superiorum
1255 3081 1371 3134 tantum
1397 3075 1425 3134 iu
1451 3075 1535 3134 unius
1559 3074 1616 3136 tri-

254 3158 405 3240 plicitatis
429 3161 515 3236 signa
540 3160 683 3234 incidant,
709 3159 752 3221 sic
776 3161 908 3238 patebit:
934 3160 1083 3222 Saturnus
1107 3160 1261 3223 zodiacum
1284 3163 1430 3241 percurrit
1454 3163 1540 3223 aunis
1564 3160 1615 3237 30,

253 3247 375 3326 Jupiter
399 3249 486 3308 annis
516 3246 562 3310 12.
608 3251 671 3311 lter
694 3249 789 3323 igitur
814 3268 941 3309 aunuum
967 3249 1089 3310 Saturni
1118 3260 1165 3309 est
1192 3252 1359 3323 tricesima,
1390 3251 1478 3311 Jovis
1501 3252 1616 3312 duode-

253 3336 335 3398 cima
357 3337 451 3397 totius
467 3336 601 3409 itineris;
626 3339 710 3397 aufer
736 3338 918 3397 tricesimam
944 3360 961 3397 a
986 3339 1170 3412 duodecima,
1196 3347 1293 3399 restat
1309 3339 1460 3401 vicesima.
1498 3340 1617 3419 Jupiter

229 3473 237 3490 .
253 3425 347 3504 igitur
361 3424 524 3486 Saturnum
540 3428 740 3503 praevertitur
755 3425 907 3486 aunuatim
924 3426 1069 3486 vicesima
1091 3427 1184 3486 totius
1208 3426 1340 3487 itineris:
1363 3424 1409 3489 20
1425 3427 1515 3505 igitur
1530 3430 1616 3489 aunis

257 3513 422 3592 Saturnum
447 3515 543 3574 denuo
568 3515 748 3593 assequitur.
792 3515 885 3593 Atqui
911 3514 1106 3593 lpsedupiter
1129 3514 1257 3594 singulis
1282 3516 1368 3575 anuis
1384 3515 1614 3594 siugulasigna,

254 3602 312 3664 lroc
345 3612 393 3663 est
425 3602 616 3663 duodecimas
649 3603 764 3664 zodiaci
795 3604 951 3663 emetitur:
991 3603 1076 3664 anuis
1109 3603 1201 3683 igitur
1224 3601 1267 3666 20
1291 3603 1379 3682 signa
1402 3600 1453 3677 20,
1489 3603 1544 3664 boc
1568 3615 1618 3665 est

254 3691 403 3772 integrum
432 3692 574 3752 circulum
603 3701 634 3752 et
662 3704 820 3770 praeterea
848 3689 868 3753 8
892 3694 979 3770 sigua
1010 3702 1163 3772 peragrat.
1212 3691 1260 3753 Sit
1292 3692 1460 3771 conjunctio
1486 3688 1505 3768 li
1531 3701 1563 3755 et
1585 3693 1621 3768 21·

253 3779 284 3842 in
308 3786 338 3853 ,e
362 3800 440 3841 anuo
473 3777 565 3842 1003.
611 3780 738 3842 Exactis
763 3782 849 3841 aruris
879 3779 915 3841 12
939 3781 968 3855 ll
993 3782 1072 3843 redit
1094 3782 1122 3842 in
1148 3777 1227 3858 ,ab
1254 3800 1322 3842 vero
1351 3783 1380 3842 in
1406 3781 1433 3856 ὅ
1457 3782 1613 3844 subsistit:
1665 3781 1670 3790 '

253 3877 327 3950 post
349 3889 444 3930 arrnos
473 3868 494 3932 8
525 3865 545 3946 b
573 3892 590 3930 a
614 3870 642 3943 ὅ
667 3870 694 3929 in
720 3874 758 3942 ii,
781 3869 811 3943 ’11
836 3891 853 3930 a
877 3876 906 3941 ,ἒ
931 3870 1034 3931 itidem
1059 3872 1088 3932 in
1113 3876 1136 3946 il
1160 3879 1366 3950 promovetur,
1389 3870 1488 3948 ibique
1512 3868 1533 3950 li
1557 3873 1613 3933 ad-

254 3958 401 4037 ipiscitur.
451 3959 525 4019 l'ost
548 3959 624 4020 alios
648 3956 691 4020 20
717 3978 811 4018 annos
835 3960 868 4019 iit
892 3959 969 4019 idem
994 3959 1022 4020 in
1047 3958 1097 4036 Υ;
1121 3960 1171 4021 ubi
1190 3959 1275 4020 vides
1299 3959 1377 4020 inter
1401 3966 1440 4037 ᾧ,
1473 3963 1497 4035 Ω
1525 3959 1616 4038 etY

253 4046 402 4109 interesse
427 4049 617 4125 triangulum.
655 4056 732 4116 (Vide
751 4056 853 4105 schema
871 4057 912 4106 tol.
927 4053 1007 4124 Ι1137.)

344 4135 460 4196 Eadem
490 4137 605 4196 ratione
636 4138 754 4216 patebit
782 4138 889 4209 etiam,
923 4138 971 4215 qui
1004 4137 1056 4197 fiat
1089 4144 1122 4198 ut
1154 4155 1334 4215 congressus
1366 4135 1396 4196 hi
1425 4146 1496 4215 post
1520 4156 1614 4197 annos

253 4221 322 4286 200
350 4223 387 4284 de
416 4224 533 4303 trigono
567 4245 624 4286 uuo
657 4225 686 4285 in
720 4225 810 4286 alium
843 4235 1011 4287 transeant.
1058 4227 1137 4287 Nam
1161 4225 1321 4304 quaejam
1345 4225 1382 4285 de
1405 4224 1559 4286 tricesima
1582 4233 1615 4286 et

255 4313 435 4374 duodecima
459 4323 546 4392 parte
567 4314 683 4375 itineris
699 4313 781 4373 dicta
804 4307 882 4388 sunt,
908 4333 945 4374 ea
970 4333 1026 4374 non
1051 4314 1187 4393 praecise
1211 4315 1256 4374 ita
1270 4314 1392 4386 babent,
1408 4331 1463 4373 nec
1477 4312 1507 4386 ll
1521 4331 1612 4392 prae-

253 4401 319 4463 cise
343 4421 409 4463 cum
433 4420 511 4462 anuo
535 4402 676 4462 terminat
702 4410 733 4462 et
757 4403 883 4479 siguum.
932 4402 982 4462 Fit
1006 4403 1096 4482 igitur
1119 4411 1152 4462 ut
1175 4401 1235 4462 bini
1254 4419 1434 4478 congressus
1449 4420 1507 4462 nou
1522 4420 1614 4481 prae-

253 4490 318 4553 cise
342 4491 435 4552 tertia
458 4499 545 4569 parte
579 4491 707 4563 distent,
742 4491 794 4551 sed
820 4486 863 4552 3⁰
885 4491 1004 4551 circiter
1028 4492 1134 4552 nrirrus.
1181 4491 1288 4569 ltaque
1320 4484 1363 4552 3⁰
1385 4489 1485 4550 decies
1510 4491 1613 4551 multi-

251 4579 360 4660 plicatl
384 4580 501 4660 signum
526 4599 613 4639 uuum
639 4579 811 4651 conticinut,
844 4579 892 4639 ubi
918 4598 1097 4658 congressus
1125 4576 1164 4640 10
1188 4600 1206 4638 a
1230 4578 1374 4658 principio
1404 4579 1481 4657 signi
1514 4579 1615 4640 exorsi

253 4668 293 4728 ad
318 4668 405 4728 finem
430 4667 506 4747 sigui
532 4669 739 4740 devolvuntur,
765 4677 796 4727 et
821 4666 978 4728 undecima
1001 4668 1181 4746 repetitione
1205 4669 1243 4727 ad
1268 4667 1445 4745 principium
1460 4668 1615 4748 sequentis

253 4755 333 4834 signi
357 4764 531 4832 transeunt,
566 4756 644 4836 quod
677 4775 785 4816 noram
811 4754 915 4835 incipit
938 4756 1154 4835 triplicitatem.
1202 4757 1309 4834 Itaque
1334 4764 1462 4835 quatuor
1485 4756 1614 4836 triplici·

253 4853 356 4918 tates,
391 4846 498 4926 quibus
531 4845 627 4905 omnis
661 4844 831 4906 continetur
853 4845 1012 4920 zodiacus,
1046 4846 1074 4905 in
1107 4842 1173 4908 200
1197 4863 1291 4904 anuos
1323 4845 1431 4907 ductae
1459 4845 1614 4923 periodum

253 4940 363 4995 creant
387 4953 530 4995 annorum
555 4930 621 4997 800
644 4932 733 5012 paulo
758 4932 869 5007 minus;
902 4951 961 5012 quo
993 4934 1136 5014 temporis
1167 4934 1267 5011 spatio
1295 4941 1379 4995 totus
1407 4933 1547 4996 zodiacus
1570 4929 1615 4997 10

252 5023 469 5103 congressibus
493 5024 522 5083 in
547 5022 673 5083 totidem
696 5029 801 5101 partes
825 5039 902 5100 pene
925 5023 1067 5102 aequales
1091 5021 1248 5084 dividitur:
1281 5040 1375 5103 eoque
1398 5028 1533 5103 tempore
1557 5041 1614 5086 ex-
