3692 5842
1481 485 1649 553 caput
1682 481 1749 539 v.
1787 481 1840 538 s.
2887 473 3019 552 243

484 664 713 731 circuli
777 685 856 728 ex
916 675 1126 729 centro
1191 668 1244 729 F
1305 668 1427 729 sint
1493 666 1778 746 aequales
1842 686 2018 728 arcus
2064 666 2200 739 AB,
2247 663 2376 734 ΒΟ,
2585 664 2691 727 Fig.
2732 659 2819 713 78.

306 754 457 827 ΟΒ.
523 764 593 818 et
632 754 700 818 in
737 752 860 817 GA
903 756 1204 818 diametro
1249 763 1535 836 punctum
1570 756 1626 817 E
1667 765 1846 817 extra
1893 754 2094 816 circuli
2135 753 2393 815 circum-

305 845 657 908 ferentium.
748 842 1206 907 connectantur
1260 846 1338 917 A,
1387 845 1460 919 B,
1510 844 1582 921 Ο,
1630 845 1687 904 D
1747 844 1985 906 termini
2045 862 2176 904 cum
2225 842 2279 903 E
2326 854 2392 904 et
2890 855 2922 895 11

302 952 437 997 cm
483 935 537 996 F
599 942 811 995 centro
877 941 943 995 et
1008 953 1140 995 cum
1191 931 1252 995 G
1314 943 1538 1013 puncto
1602 934 1936 1011 superficiei
1996 941 2062 993 et
2120 933 2278 993 inter
2324 952 2390 993 se

303 1022 523 1097 vicini,
584 1022 763 1086 lineis
830 1023 965 1098 AB,
1029 1020 1160 1095 ΒΟ,
1210 1020 1342 1084 CD.
1437 1023 1592 1084 Dico
1658 1021 1827 1082 ΑΕΒ
1899 1023 2192 1101 majorem
2256 1041 2391 1082 esse
2545 1027 2597 1095 ,Ἡ
2665 923 2721 1114 Ml

302 1131 483 1193 quam
530 1108 696 1173 ΒΕΟ
744 1119 810 1171 et
853 1112 1010 1173 huuc
1056 1111 1342 1190 majorem
1395 1130 1572 1189 quam
1623 1108 1808 1172 CED.
2465 1119 2497 1198 ξ)

478 1199 865 1279 Propositum
921 1199 1157 1280 quidem
1216 1200 1399 1261 facile
1455 1207 1648 1282 patet.
1742 1200 1898 1261 Nam
1959 1200 2016 1259 in
2076 1200 2127 1261 F
2183 1218 2391 1259 omnes
2477 1212 2485 1275 ⁴,

300 1289 508 1371 anguli
562 1295 707 1350 sunt
767 1289 1093 1390 aequales,
1157 1288 1300 1350 inde
1365 1307 1579 1349 versus
1624 1287 1690 1349 G
1738 1288 2092 1349 remotiores
2152 1287 2229 1348 ab
2275 1286 2391 1348 EA
2481 1276 2485 1324 ³
2545 1299 2549 1342 !

301 1379 451 1440 hut
475 1378 779 1457 majores.
818 1376 1055 1438 donec
1037 1396 1095 1438 in
1131 1374 1191 1437 G
1235 1376 1630 1438 fiantiterum
1672 1377 1958 1456 aequales
1991 1376 2094 1447 (Ε.
2126 1376 2240 1445 ΠΙ,
2275 1374 2390 1449 21)
2477 1338 2485 1393 ι
2545 1354 2549 1486 Ι

301 1484 445 1548 ergo
512 1473 663 1546 post
710 1462 772 1527 G
826 1484 1041 1527 versus
1086 1465 1141 1527 Ε
1198 1464 1459 1528 minores
1525 1467 1674 1527 fiunt
1734 1465 1832 1544 qui
1893 1466 1967 1525 ab
2017 1465 2130 1526 EA
2189 1483 2389 1526 remo·
2481 1500 2553 1551 ,fl

299 1557 515 1619 tiores.
598 1552 805 1616 Causa
850 1563 949 1615 est
993 1553 1307 1616 inclinatio
1341 1555 1477 1629 AB,
1516 1552 1644 1627 ΒΟ,
1679 1552 1790 1616 ΟΙ)
1830 1554 2117 1615 linearum
2161 1573 2389 1633 aequa-
2521 1563 2553 1632 Ψ
2573 1551 2649 1627 „2²³

304 1645 456 1707 lium
502 1644 705 1723 major
747 1644 808 1705 in
855 1643 1300 1704 remotioribus.
1397 1641 1794 1704 continuetur
1851 1644 2003 1703 enim
2050 1640 2158 1703 ΕΟ
2205 1642 2264 1703 in
2312 1642 2392 1716 Η,
2561 1639 2605 1723 {s
2830 1695 2838 1707 ,,

308 1742 372 1796 et
429 1750 509 1794 ax
578 1732 632 1794 B
697 1732 757 1793 in
811 1730 960 1806 EA,
1028 1731 1141 1793 ΕΗ
1206 1733 1730 1812 perpendiculares
1798 1732 2022 1792 cadant
2078 1731 2192 1803 131,
2255 1730 2391 1792 ΒΗ.
2481 1764 2505 1799 ,.-
2585 1727 2613 1771 ἶ
2650 1723 2689 1747 ³

303 1821 504 1885 Erunt
551 1818 741 1894 CHB,
788 1821 935 1882 BIA
984 1821 1345 1899 rectangula
1392 1820 1640 1882 basibus
1689 1818 1817 1890 CB,
1854 1821 1969 1881 BA
2020 1819 2390 1899 aequalibus.
2415 1791 2509 1931 υἱ
2778 1803 2826 1903 f.

304 1911 458 1973 Dico
503 1909 701 1990 primo
748 1909 920 1971 ΕΑΒ
972 1910 1262 1988 majorem
1312 1928 1447 1969 esse
1507 1928 1685 1989 quam
1731 1907 1924 1971 ECB.
2016 1909 2215 1970 Probo
2263 1909 2388 1968 sic:
2533 1935 2537 1939 ·
2642 1984 2643 1987 Ἴ
2725 1963 2729 1971 .
2786 1911 2790 1923 '
2830 1903 2854 1983 ’Ἃ

306 1998 485 2062 GAB
535 2008 602 2060 et
649 1996 819 2059 GCB
868 1998 1141 2058 efficiunt
1188 2016 1484 2060 summam
1532 1996 1571 2059 2
1617 2005 1920 2060 rectorum
1971 1998 2070 2071 (Ε.
2104 1998 2216 2071 111,
2255 1994 2390 2069 22).
2485 1937 2627 2091 Q
2621 2023 2689 2119 k
2854 1987 2878 2079 χ

301 2090 470 2169 Ergo
518 2086 696 2149 ΕΔΒ
746 2094 812 2148 et
858 2087 1369 2165 complementum
1418 2085 1585 2149 GCB
1635 2087 1713 2147 ad
1770 2087 2208 2149 semicirculum
2255 2093 2396 2147 sunt
2537 2087 2593 2163 '²⁵2ss
2802 2095 2826 2143 'a

302 2177 623 2259 aequales.
714 2174 843 2237 Sed
889 2172 1055 2236 ECB
1113 2175 1304 2254 major
1360 2184 1458 2237 est
1514 2194 1690 2255 quam
1750 2173 1920 2237 GCB
1975 2195 2138 2255 pars.
2231 2175 2393 2253 Ergo
2577 2167 2581 2171 ’
2898 2159 2910 2196 ⁵·

2942 2118 2946 2191 Ι

304 2265 477 2329 ECB
526 2266 1034 2344 complementum
1073 2262 1239 2325 ECB
1287 2264 1481 2325 minus
1528 2273 1623 2325 est
1672 2284 1844 2344 quam
1896 2264 2392 2344 complementum
2609 2203 3002 2377 ᾌἎῂζ-ᾸΕ

302 2354 508 2429 GCB,
555 2353 671 2416 hoc
727 2361 827 2414 est
882 2371 1062 2431 quam
1108 2352 1304 2413 EAB.
1402 2351 1551 2415 Cum
1608 2353 1789 2431 igitur
1834 2353 2003 2414 EAB
2061 2354 2256 2432 major
2311 2354 2395 2413 sit
2719 2355 2778 2433 *Ψ
2850 2351 2862 2407 ““.

303 2462 484 2527 quam
552 2440 759 2517 ΗΟΒ,
823 2441 1073 2503 basibus
1139 2443 1625 2519 rectangulorum
1694 2442 2076 2520 aequalibuS,
2141 2442 2391 2519 ideoque
2725 2408 2882 2555 ’.ἯΣΨΨΙΕῚ
2946 2427 2950 2518 l

304 2624 506 2703 major
564 2639 743 2701 quam
789 2618 927 2680 ΒΗ.
1022 2619 1185 2698 Ergo
1244 2619 1599 2697 rectangula
1643 2620 1812 2691 ΒῙΕ,
1873 2619 2045 2681 ΒΗΕ
2104 2619 2235 2680 basi
2283 2617 2391 2678 ΒΕ

305 2531 685 2612 rectangulis
732 2530 792 2591 in
839 2531 1092 2591 eundem
1142 2530 1580 2593 semicirculum
1636 2531 2097 2610 quadrantibus,
2151 2531 2263 2591 erit
2309 2529 2391 2590 131
2762 2539 2950 2727 &NJ

303 2709 603 2774 communi
679 2726 914 2770 rursum
993 2708 1051 2768 in
1126 2709 1377 2768 eundem
1467 2709 1906 2770 semicirculum
1991 2708 2390 2789 quadrabunt‚
2878 2596 2954 2792 'll

305 2801 541 2881 eritque
589 2798 728 2859 ideo
775 2795 949 2858 ΒΕΑ
1008 2798 1202 2876 major
1267 2816 1445 2877 quam
1494 2796 1663 2857 BEH
1709 2799 1803 2859 vel
1852 2796 2050 2870 ΒΕΟ,
2120 2797 2260 2877 quia
2307 2796 2391 2855 illi
2847 2751 2998 2907 Es'ssjp

307 2889 547 2970 longior
595 2888 679 2949 131
733 2885 1145 2960 subtenditur,
1215 2885 1352 2947 huic
1398 2886 1511 2946 ΒΗ
1571 2886 1828 2947 brevior.
1921 2886 2152 2946 Eodem
2217 2887 2393 2947 modo
2902 2881 2998 2963 ’²421

305 2989 367 3041 et
410 2974 587 3040 ΠΕΟ
653 2975 845 3036 minor
913 2993 1053 3035 esse
1132 2974 1489 3055 probabitur
1568 2994 1744 3054 quam
1805 2973 2002 3048 CEB,
2070 2975 2391 3037 dummodo
2934 2911 2998 3035 lu

307 3078 556 3141 teneas,
610 3062 782 3127 GBE
830 3063 1020 3125 multo
1068 3065 1357 3125 minorem
1405 3083 1541 3124 esse
1590 3083 1765 3144 quam
1816 3062 2015 3136 GCE,
2081 3066 2221 3145 quia
2269 3061 2382 3124 GE

308 3158 445 3220 huic
493 3164 563 3216 et
606 3151 832 3215 rectius
879 3161 943 3213 et
984 3151 1232 3231 propius
1279 3152 1560 3230 objicitur
1606 3149 1784 3232 quani
1832 3154 1939 3213 illi.

487 3242 932 3323 Propositio
981 3241 1089 3303 IX.
1185 3241 1405 3302 Radii
1455 3242 1815 3320 paralleli
1867 3243 2258 3321 sphaeram
2318 3262 2624 3324 aqueam
2672 3249 3026 3328 ingressi,

309 3354 450 3418 quo
499 3331 952 3395 remotiores
1000 3330 1086 3391 ab
1135 3348 1303 3405 axe,
1353 3331 1483 3392 hoc
1531 3331 1759 3391 citius
1804 3349 1956 3391 cum
2003 3350 2136 3390 axe
2186 3347 2656 3398 concurrunt.
2729 3339 2796 3397 In
2845 3340 3026 3400 sche-

307 3434 470 3488 mate
515 3421 582 3482 in
627 3422 708 3494 A,
756 3419 829 3494 Β,
882 3417 952 3493 Ο,
1000 3420 1058 3480 D
1106 3426 1332 3499 puncta
1390 3419 1661 3481 incidant
1705 3420 1982 3504 paralleli
2031 3420 2128 3479 axi
2178 3420 2322 3489 ΑΕ,
2373 3425 2472 3502 qui
2520 3426 2643 3486 sint
2691 3427 2833 3500 LA,
2883 3428 3024 3501 ΜΒ,

304 3512 441 3584 ΝΟ,
487 3509 629 3574 OD.
721 3507 805 3569 Et
853 3507 976 3569 sint
1020 3509 1211 3587 primo
1260 3508 1656 3571 refractiones
1704 3508 2194 3570 inclinationibus
2242 3512 2743 3589 proportionales.
2842 3516 3029 3577 Incli-

307 3603 591 3665 nationea
636 3598 735 3661 hic
779 3604 924 3659 sunt
969 3597 1138 3658 LAF
1183 3597 1375 3666 nulla,
1425 3597 1640 3658 deinde
1686 3598 1889 3671 MBF,
1940 3594 2104 3658 NCF
2163 3604 2226 3657 et
2271 3595 2439 3659 ODF
2495 3601 2885 3665 horizontalis
2932 3605 3030 3665 vel

306 3689 596 3755 maxima.
686 3685 775 3748 Et
819 3687 904 3748 sit
947 3686 1089 3756 ΜΒ,
1141 3686 1502 3747 refractione
1549 3707 1669 3747 una
1715 3688 1882 3748 facta
1929 3686 1984 3746 in
2034 3685 2104 3757 B,
2157 3704 2479 3749 concursus
2527 3710 2660 3751 cum
2709 3709 2823 3752 axe
2872 3694 2928 3753 in
2976 3693 3031 3754 E

308 3781 474 3845 ultra
515 3777 783 3859 globum.
832 3775 1213 3836 dissimulata
1250 3776 1381 3854 jam
1428 3775 1786 3837 refractione
1827 3776 2041 3847 altera,
2094 3794 2246 3854 quae
2286 3777 2352 3837 fit
2382 3777 2438 3838 in
2488 3780 2806 3858 posteriori
2853 3790 3030 3860 parte

308 3866 646 3952 superficiei
711 3865 898 3945 globi.
1012 3862 1166 3925 Cum
1234 3883 1375 3943 ergo
1443 3884 1551 3943 per
1625 3866 1843 3926 lemma
1909 3864 2306 3943 praemissum
2379 3867 2583 3946 anguli
2649 3869 2725 3930 ad
2791 3868 2846 3930 E
2911 3869 3036 3931 siut

310 3958 692 4039 inaequales,
758 3953 1045 4033 aequales
1100 3970 1246 4014 vero
1302 3971 1589 4015 excessus
1645 3953 2137 4015 inclinationum:
2197 3973 2314 4015 non
2369 3967 2658 4035 poterunt
2704 3959 2906 4036 anguli
2956 3958 3032 4019 ad

312 4045 760 4127 Erespoudere
803 4042 1193 4124 proportione
1242 4042 1607 4117 incidentiis,
1655 4043 1767 4104 hoc
1799 4050 1913 4114 est,
1963 4043 2012 4102 si
2044 4042 2214 4103 BEA
2245 4045 2483 4125 (utpote
2533 4048 3034 4126 complementum

312 4136 485 4199 ΜΒΕ
529 4135 613 4197 nd
662 4131 1133 4204 semicirculum)
1182 4142 1278 4191 est
1325 4132 1579 4210 angulus
1620 4132 1823 4211 justus
1874 4132 2257 4193 refractionis
2304 4134 2454 4206 ΜΒ,
2507 4144 2649 4195 tunc
2699 4134 2870 4197 CEA
2918 4154 3031 4196 non

311 4224 538 4305 poterit
602 4241 741 4284 esse
808 4220 1065 4300 angulus
1130 4221 1512 4283 refractionis
1561 4220 1707 4293 ΝΟ,
1776 4221 1915 4301 quia
1983 4220 2290 4282 inclinatio
2337 4221 2505 4283 NCF
2571 4224 2754 4301 dupla
2814 4232 2910 4284 est
2956 4223 3032 4284 ad

313 4315 501 4389 ΜΒΓ,
553 4310 725 4376 CEA
785 4328 931 4372 vero
997 4310 1193 4371 minor
1253 4329 1428 4390 quam
1488 4311 1702 4390 duplus
1752 4310 1943 4371 ΒΕΑ.
2041 4308 2213 4379 Quod
2265 4312 2316 4371 si
2375 4323 2437 4371 et
2480 4310 2592 4374 Nc
2650 4312 3032 4373 refractionis

312 4405 571 4484 angulus
619 4400 838 4481 duplus
886 4418 1020 4460 esse
1069 4398 1268 4465 debet,
1320 4400 1523 4478 augeri
1576 4400 1775 4462 debet.
1854 4400 2131 4477 Augetur
2179 4419 2319 4462 vero
2360 4401 2539 4461 ducta
2581 4398 2702 4472 ΟΡ,
2754 4408 2820 4459 ut
2866 4409 3037 4461 secet

308 4491 423 4557 EA
470 4508 650 4555 axem
700 4497 845 4552 ante
890 4488 945 4550 Ε
990 4488 1049 4549 ἱη
1099 4486 1169 4549 P.
1246 4488 1403 4550 Nam
1446 4487 1607 4550 ΟΡΑ
1662 4488 1912 4549 interior
1960 4489 2230 4567 aequalis
2271 4496 2369 4549 est
2414 4488 2811 4550 exterioribus
2853 4486 3033 4562 ΟΕΡ,

309 4579 490 4655 ΕΟΡ,
562 4580 773 4662 sicque
834 4577 1027 4657 major
1093 4595 1271 4658 quam
1319 4575 1477 4638 CEP
1522 4579 1617 4639 vel
1670 4575 1856 4638 CEA.
1952 4576 2136 4637 Patet
2201 4596 2372 4657 ergo,
2441 4578 2493 4637 si
2557 4576 3035 4657 proportionales

309 4680 519 4735 essent
586 4667 793 4750 anguli
859 4667 1286 4729 refractionum
1354 4667 1591 4746 angulis
1658 4666 2151 4738 inclinationum,
2222 4666 2580 4727 refractione
2648 4684 2767 4725 una
2830 4666 3034 4726 facta:

310 4770 453 4826 tunc
497 4780 581 4823 ex
636 4756 950 4840 parallelis
1018 4756 1329 4836 propiores
1395 4755 1876 4839 perpendiculari
1941 4754 2229 4816 remotius
2290 4774 2421 4816 cum
2482 4774 2557 4815 ea
2619 4772 3034 4828 concursuras,

313 4849 676 4915 remotiores
723 4868 764 4908 a
806 4845 1287 4928 perpendiculari
1336 4846 1676 4924 propiorem
1721 4845 2020 4926 sphaerae
2071 4844 2337 4906 facturas
2386 4841 2891 4905 intersectionem.

488 4939 637 5002 Jam
685 4955 828 4999 vero
874 4936 929 4999 si
976 4934 1218 5015 gemina
1264 4935 1372 4994 fiat
1428 4934 1740 5008 refractio,
1803 4935 2058 4995 accedat
2123 4950 2335 5010 nempe
2396 4932 2594 4992 altera
2639 4932 2698 4993 in
2755 4930 3040 5010 opposita

311 5039 489 5114 parte
537 5025 896 5108 superficiei,
945 5026 1101 5105 quod
1147 5024 1216 5085 fit
1261 5024 1318 5085 in
1367 5023 1487 5086 illis
1536 5024 1770 5098 mediis,
1822 5043 2068 5104 quorum
2109 5024 2196 5085 ita
2243 5022 2559 5084 moderata
2605 5028 2701 5081 est
2746 5019 3038 5094 densitas,

2497 5124 2613 5178 16*
