3692 5842
737 489 873 560 293
1724 492 2232 544 Anum-niuem
2266 492 2467 558 opaea.

970 717 1031 781 2.
1083 721 1528 799 Παραδοξον
1574 722 1840 782 Lunam
1890 741 2022 782 non
2071 723 2448 784 obscurari
2495 722 2582 783 ab
2629 722 2876 783 umbra
2922 723 3221 785 Terrae.

914 844 1028 905 His
1074 844 1278 923 itaque
1326 844 1415 905 sic
1477 865 1543 905 se
1602 846 1989 919 habentibuS,
2053 865 2185 908 cum
2252 846 2389 907 inde
2438 868 2477 906 a
2520 854 2668 907 nata
2726 848 3099 908 astronomia
3155 847 3342 907 fuerit
3399 848 3455 906 in

734 933 1031 1006 confesso,
1082 932 1346 1012 deliquia
1391 933 1599 994 Lunae
1647 936 1963 1013 provenire
2012 955 2086 996 ex
2133 937 2373 998 incursu
2422 935 2553 1013 ejus
2600 935 2658 995 in
2707 936 2978 997 umbram
3023 936 3274 1009 Terrae,
3323 936 3453 996 cal-

735 1024 903 1085 culus
950 1022 1132 1082 etiam
1181 1039 1361 1099 super
1407 1023 1500 1084 his
1549 1035 1859 1084 extructus
1893 1025 2294 1085 fundamentis
2340 1032 2580 1085 tantum
2626 1043 2742 1084 non
2772 1025 3169 1086 subtilissime
3203 1043 3453 1104 respon-

735 1112 896 1175 derit
948 1111 1229 1172 eventui:
1308 1130 1601 1172 summam
1676 1113 2094 1174 difficultatem
2169 1112 2428 1190 objicere
2488 1113 2624 1174 huic
2691 1113 2936 1189 negotio
2990 1113 3279 1176 videntur
3332 1112 3452 1183 illa,

736 1219 892 1280 quae
957 1199 1159 1278 capite
1207 1198 1319 1261 IV.
1388 1201 1461 1260 de
1510 1201 1973 1262 refractionibus
2029 1202 2330 1263 radiorum
2378 1200 2540 1262 Solis
2587 1202 2647 1261 in
2694 1208 2837 1262 aero
2898 1202 3082 1263 sactis
3140 1202 3450 1280 disputata

734 1300 900 1351 sunt.
965 1288 1125 1350 Nam
1172 1288 1224 1347 si
1271 1288 1422 1349 radii
1470 1288 1633 1350 Solis
1684 1292 1930 1351 Terram
1978 1292 2290 1351 occidente
2337 1288 2480 1350 Sole
2527 1290 2948 1368 contingentes
2998 1291 3266 1352 refracte
3311 1309 3450 1369 per-

733 1378 984 1439 veniunt
1026 1377 1102 1437 ad
1152 1394 1279 1449 nos,
1328 1378 1671 1438 transibunt
1718 1379 1904 1456 igitur
1948 1380 2208 1440 refracte
2256 1386 2322 1439 et
2365 1378 2639 1440 umbram
2685 1378 3008 1441 cur-tabunt
3053 1380 3217 1441 infra
3262 1379 3447 1440 locum

735 1466 1031 1529 transitus
1077 1465 1305 1526 Lunae.
1395 1465 1512 1527 Hic
1560 1466 1731 1528 nobis
1778 1468 1967 1529 nodus
2023 1468 2348 1529 solvendus
2395 1477 2521 1534 est,
2584 1476 2653 1528 ut
2695 1469 3027 1534 astronomi
3075 1468 3448 1530 dubitatione

1065 1589 1174 1654 pig,
1216 1584 1299 1636 93·
1638 1558 1980 1629 liberentur,
2031 1576 2144 1617 neu
2192 1556 2441 1628 existat,
2489 1556 2590 1635 qui
2636 1556 2732 1616 vel
2781 1556 3041 1635 eclipses
3090 1575 3170 1617 ex
3217 1558 3444 1619 refrac-

1013 1691 1105 1723 ,,.,
1129 1687 1153 1691 -
1242 1691 1378 1747 ²²22,
1646 1646 1916 1747 tion-ibus·
1944 1645 2041 1706 vel
2071 1645 2466 1706 refractiones
2503 1662 2581 1704 ex
2617 1644 2940 1723 eclipsibus
2980 1646 3196 1707 Lunae
3235 1646 3451 1706 audeat

1722 1754 1754 1790 V
1830 1755 1866 1792 a

1153 1683 1213 1884 i
1643 1755 1718 1796 ca
1760 1735 2051 1884 ιΗΟΙειηῑτο
2099 1844 2140 1880 α
2203 1820 2505 1882 scribatur
2548 1822 2620 1898 β]
2681 1821 2940 1883 circulus
3004 1820 3207 1899 major
3253 1818 3446 1882 Solem

805 1931 823 1991 ‚³
1640 1919 2138 1991 repraesentans,
2205 1918 2413 1971 centro
2460 1915 2495 1969 ὅ
2551 1909 2808 1971 circulus
2854 1906 2921 1981 εζ
2962 1910 3195 1972 Terrae
3243 1910 3445 1981 minor,

797 1991 805 2083 1¹
1113 2040 1181 2083 ..Η
1557 2031 1598 2083 f
1641 2012 1706 2062 et
1765 2001 2062 2061 ducantur
2117 1997 2538 2077 contingentes
2593 2000 2694 2071 βε,
2742 1995 2811 2077 γζ
2858 2017 3048 2078 usque
3104 1998 3249 2059 dnm
3310 1998 3370 2059 in
3414 2018 3448 2058 σ

731 2059 770 2121 ⁰⁰
1177 2113 1181 2187 Ι
1641 2096 2004 2151 concurrant
2049 2106 2179 2148 cum
2228 2091 2306 2147 αδ
2342 2106 2478 2147 axe.
2541 2087 2933 2148 Manilestum
2980 2095 3095 2159 est,
3136 2082 3254 2159 εσζ
3291 2087 3444 2147 futu·

801 2108 881 2559 N
1640 2197 1769 2240 ram
1800 2177 2065 2237 umbram
2104 2176 2349 2249 Terrae,
2398 2176 2451 2235 si
2480 2177 2567 2251 βε,
2597 2172 2667 2253 γζ
2692 2176 2992 2237 irrefracti
3045 2176 3443 2254 pervenirent.

873 2283 910 2323 κ.
1177 2332 1181 2339 ,χ
1641 2270 1733 2328 At
1785 2268 1917 2346 jam
1983 2265 2204 2325 Terrae
2269 2264 2513 2343 globum
2577 2260 2647 2335 ιζ
2712 2265 3119 2342 amplectatur
3196 2264 3448 2342 sphaera

941 2351 1101 2427 ²222„-
1144 2391 1309 2439 ἐμέ,
1341 2384 1362 2395 -<
1641 2355 1802 2415 aeris
1850 2374 2002 2421 ικοπ,
2050 2354 2222 2431 cujus
2260 2362 2360 2413 est
2405 2353 2662 2413 medium
2709 2352 2952 2414 densius
2984 2352 3189 2415 medio
3239 2352 3446 2413 aetbe-

1643 2446 1747 2513 ris,
1797 2462 1982 2523 quare
2022 2443 2110 2516 βε,
2155 2438 2222 2519 γζ
2260 2440 2641 2519 ingressurae
2690 2448 2891 2502 aerem
2940 2442 3000 2503 in
3049 2441 3299 2522 punctis
3338 2466 3376 2514 ι,
3422 2464 3448 2500 ι

1181 2456 1185 2629 Ι
1640 2552 1756 2595 non
1805 2539 2063 2611 possunt
2107 2531 2419 2610 pervenire
2469 2530 2527 2591 in
2577 2552 2632 2603 e,
2684 2526 2730 2601 ζ.
2781 2530 2889 2591 sed
2937 2531 3355 2610 refringantur
3397 2529 3445 2589 iu

1641 2645 1729 2699 ιη,
1788 2625 1873 2682 ιθ
1931 2628 1996 2680 et
2059 2618 2398 2698 impingunt
2461 2618 2520 2679 in
2570 2618 2817 2680 Terram
2871 2617 2933 2680 in
2989 2641 3055 2695 η,
3114 2623 3200 2693 θ,
3260 2618 3444 2697 ibique

905 2761 909 2770 .
1644 2708 2049 2788 impediuntur
2094 2727 2209 2787 quo
2256 2709 2451 2767 minus
2497 2708 2979 2785 progrediantur.
3057 2708 3155 2769 Ac
3186 2726 3323 2769 cum
3350 2705 3446 2769 Sol

897 2815 933 2851 Γι
1462 2811 1466 2823 “
1641 2801 1908 2861 illustret
1972 2797 2313 2857 universam
2378 2796 2700 2874 sphaeram
2756 2796 2917 2857 aeris
2983 2807 3279 2876 quantum
3345 2794 3446 2856 sibi

1453 2883 1458 2895 '
1642 2890 1717 2949 de
1767 2907 1840 2947 ea
1888 2886 2188 2964 objicitur,
2239 2886 2442 2944 radios
2482 2885 2665 2962 igitur
2703 2884 2857 2945 alios
2892 2884 3055 2946 ultra
3089 2887 3170 2961 βε,
3202 2909 3267 2963 yn
3312 2902 3443 2964 pro·

1632 2977 1788 3056 jicit‚
1840 2993 2084 3054 qnorum
2122 2973 2325 3053 utique
2363 2973 2548 3052 aliqui
2595 2974 2948 3052 contingent
2983 2974 3217 3035 Terrae
3255 2974 3444 3035 orbem

1202 3071 1394 3147 “²:235
1643 3076 1706 3126 et
1744 3064 2089 3125 transibunt
2130 3070 2375 3140 praeter
2404 3062 2651 3123 Terram
2682 3061 2740 3121 in
2788 3072 3024 3140 partem
3064 3065 3231 3125 aeris
3255 3079 3442 3167 oppo-

1191 3213 1192 3217 ,
1314 3154 1470 3274 θῖν’..
1644 3157 1847 3214 sitam.
1943 3150 2085 3213 Sint
2129 3153 2235 3226 βλ,
2285 3176 2357 3229 γμ
2404 3149 2589 3222 radii,
2640 3151 2738 3229 qni
2790 3152 3207 3226 refringantur
3254 3154 3315 3214 in
3359 3154 3442 3221 λι,

1350 3223 1442 3371 J!
1640 3265 1751 3317 μο,
1803 3240 2223 3317 contingentes
2281 3240 2530 3299 Terram
2595 3238 2653 3298 in
2701 3262 2750 3313 e,
2798 3235 2846 3311 ζ.
2940 3239 3037 3300 Ex
3093 3242 3176 3303 iis
3234 3249 3440 3308 autem.

1310 3337 1406 3411 1,.
1645 3351 1795 3412 qnae
1855 3329 2058 3410 Tycho
2122 3329 2321 3388 Brahe
2390 3328 2754 3406 experiundo
2821 3328 3174 3405 constituit,
3242 3332 3337 3401 λι,

1049 3403 1362 3491 ’ἒ.ᾷ·;ῐ“·;-;;;ῖ””ὑίΙ
1643 3418 2050 3481 horizontales
2098 3417 2468 3477 radiationes
2515 3416 2936 3478 refractionem
2972 3420 3292 3497 patiuntur
3321 3351 3442 3481 ‚324-

1644 3508 1847 3579 Quare
1910 3507 2166 3584 angulus
2230 3508 2333 3581 βλε
2396 3515 2494 3566 est
2558 3502 2716 3568 ¹79⁰
2759 3502 2891 3574 26⁴,
2958 3516 3173 3569 tantus
3231 3520 3295 3570 et
3339 3504 3439 3586 pr

1645 3601 1737 3658 Ac
1795 3616 1927 3656 cum
1984 3614 2093 3674 per
2137 3595 2214 3665 X,
2267 3591 2329 3656 9.
2380 3593 2729 3654 Vitellionis
2788 3595 3003 3656 eadem
3064 3598 3350 3659 accidunt
3395 3599 3436 3656 iu

1645 3688 1919 3761 ingressu
1982 3704 2134 3763 quae
2183 3684 2242 3744 in
2305 3702 2587 3761 egressu,
2654 3684 2774 3744 erit
2837 3683 3023 3761 igitur
3065 3687 3185 3764 λιρ
3249 3687 3437 3748 itidem

1109 3775 1133 3801 '⁴
1189 3787 1393 3859 ΗΓ..-
1652 3770 1815 3837 179⁰
1841 3769 1970 3840 262
2012 3774 2099 3833 sic
2139 3783 2203 3832 et
2231 3793 2369 3849 μορ.
2441 3770 2645 3840 Quare
2689 3773 2897 3833 umbra
2929 3773 3157 3834 Terrae
3198 3776 3438 3854 genuius

1644 3864 1758 3924 erit
1805 3857 2002 3940 επροζ,
2053 3863 2170 3922 imo
2211 3861 2404 3920 adhuc
2444 3861 2699 3931 brevior,
2740 3871 2807 3919 ut
2845 3861 3000 3922 infra
3039 3865 3301 3943 patebit.
3354 3862 3435 3925 Ad

1643 3953 1839 4013 latera
1899 3969 2038 4011 vero
2097 3950 2283 4028 ipsius
2332 3971 2367 4026 ρ
2415 3949 2737 4026 interjecta
2808 3951 2908 4010 lux
2955 3948 3127 4012 Solis
3192 3953 3436 4014 refracta

1644 4042 1759 4102 erit
1808 4039 2053 4100 dimidio
2111 4038 2350 4117 quidem
2407 4037 2690 4109 debilior,
2748 4057 2925 4117 quam
2982 4048 3082 4101 est
3137 4041 3302 4119 apud
3344 4058 3434 4103 nos

1641 4130 1747 4190 lux
1777 4128 1941 4190 Solis
1979 4127 2331 4198 occidentiS,
2383 4145 2533 4205 quae
2566 4145 2712 4185 sane
2744 4126 2907 4186 nullo
2934 4128 3117 4189 modo
3168 4130 3434 4192 tenebrae

1643 4218 1761 4278 dici
1807 4227 2034 4296 potest,
2083 4216 2359 4295 quamvis
2389 4234 2496 4293 per
2531 4218 2618 4285 λε,
2647 4210 2732 4288 μζ
2769 4215 3249 4292 profunditatem
3296 4217 3433 4279 seris

1643 4308 1721 4367 ad
1769 4326 1878 4367 nos
1925 4307 2223 4384 ingressa.
2300 4303 2477 4364 Diem
2525 4304 2681 4364 onim
2724 4303 2895 4364 nobis
2941 4315 3230 4382 praestat
3273 4307 3433 4368 nihilo

1643 4395 1833 4456 miuus
1884 4404 1946 4455 et
1995 4394 2237 4454 umbras
2280 4413 2317 4454 a
2355 4392 2702 4470 corporibus
2750 4393 3014 4470 projicit.
3091 4394 3237 4458 Etsi
3272 4395 3434 4474 igitur

1643 4489 1745 4548 λπ,
1794 4507 1873 4556 μο
1938 4484 2138 4561 spatia
2204 4483 2387 4559 dupla
2451 4490 2594 4541 sunt
2639 4481 2717 4541 ad
2764 4484 2861 4553 λε,
2909 4478 3014 4555 μζ,
3083 4502 3208 4546 non
3255 4496 3431 4545 tamen

1642 4572 1767 4632 fieri
1815 4573 2058 4650 poterit,
2109 4581 2175 4631 ut
2220 4571 2460 4650 penitus
2508 4570 2611 4630 lux
2657 4569 2994 4632 aboleatur.

1821 4660 2008 4719 Porro
2057 4679 2130 4719 ex
2162 4660 2254 4719 his
2303 4657 2635 4738 suppositis
2668 4659 2843 4719 facile
2882 4659 3147 4721 habetur
3193 4659 3430 4723 altitudo

1642 4756 1712 4826 ὄρ
1779 4749 2024 4809 umbrae
2091 4749 2343 4818 Terrae,
2409 4766 2589 4826 quam
2659 4748 2927 4809 facerent
2993 4748 3150 4811 radii
3197 4752 3303 4824 aa,
3347 4769 3429 4824 με.

1642 4839 1913 4918 quamvis
1962 4836 2064 4896 alii
2114 4837 2306 4897 adbuc
2368 4835 2702 4897 breviorem
2766 4844 3120 4914 praestent,
3183 4850 3249 4900 ut
3297 4839 3431 4900 infr:

1640 4926 1892 4987 dicetur.
1958 4925 2157 5005 Supra
2186 4945 2317 5005 cap.
2349 4925 2464 4997 Vl,
2510 4924 2660 4986 διο.
2693 4922 2755 4986 3.
2804 4926 3063 5003 angulus
3091 4924 3207 4999 οσζ
3245 4928 3428 4989 deter-

1639 5015 1900 5076 minatus
1947 5026 2044 5077 est
2088 5032 2168 5075 ex
2210 5014 2544 5094 suppositis
2588 5012 2982 5077 Ptolemaicis
3027 5012 3112 5077 0⁰
3155 5013 3265 5082 25‘
3293 5010 3425 5081 ὅθ’.

1173 4891 1205 5059 Ἶσι-
1157 4675 1197 4782 ‘-
