3692 5842
245 492 312 561 590
543 433 570 468 ψ’·
667 498 768 551 mame
786 497 889 565 squar
907 497 1059 564 aumas
1074 503 1179 550 ma·

245 675 375 736 allicitur
398 673 437 735 ab
461 673 653 754 aspectibus,
687 678 736 759 qui
768 697 826 740 uon
856 683 974 739 tantum
1001 683 1073 740 suut
1096 673 1199 757 quanti
1222 673 1278 736 sed
1301 669 1398 736 otiam
1420 673 1586 736 rationales:

244 763 373 844 percipit
396 762 487 842 igitur
510 764 603 826 Terra
627 765 756 846 aliquid,
789 768 868 846 quod
899 765 968 828 sola
997 765 1077 828 ratio
1109 762 1247 844 percipit.
1293 761 1459 842 Magnetes
1489 781 1588 824 reroa

245 854 326 914 nullo
351 852 476 913 rationis
499 853 634 933 subjecto
658 875 712 916 seu
735 856 855 934 objecto
878 864 1044 917 moventur.
1090 853 1203 917 Posses
1235 851 1443 932 sympathiam
1474 871 1586 930 magne·

244 941 336 1002 ticam
360 949 499 1021 respectu
523 943 713 1023 sympathiae
738 945 813 1005 coeli
837 952 869 1006 et
897 944 1011 1005 Terras
1040 943 1140 1004 dicere
1172 940 1364 1003 materialem
1393 949 1428 1000 et
1457 959 1586 1022 corpora·

245 1032 311 1102 lem,
337 1050 402 1091 cnm
426 1030 501 1092 haec
529 1031 572 1093 sit
603 1032 738 1094 formalis
762 1033 863 1112 potius
887 1040 918 1096 et
941 1031 1084 1094 mentalis
1106 1049 1161 1092 sen
1184 1028 1352 1092 rationalis.
1375 1059 1419 1070 -
1450 1031 1587 1110 Asperius

245 1118 500 1180 extraordinarios
523 1119 696 1200 quintilem,
731 1121 916 1200 biquintilem
949 1133 982 1182 et
1012 1118 1207 1200 sesquadrnm
1239 1118 1319 1180 satis
1350 1115 1393 1178 ab
1417 1119 1589 1197 experientia

244 1209 478 1286 meteorologica
501 1211 713 1288 comprobatos
736 1210 846 1285 habeo,
872 1210 926 1271 sed
950 1209 1083 1271 insinuat
1105 1209 1213 1270 eadem
1240 1206 1431 1286 exponentia
1453 1226 1512 1266 non
1535 1225 1588 1267 raro

243 1297 335 1357 etiam
360 1298 556 1357 semisextum
580 1317 633 1359 seu
658 1299 863 1360 duodecimam
887 1306 1005 1378 partem
1027 1297 1141 1370 circuli,
1164 1317 1231 1358 cnm
1246 1297 1275 1357 in
1291 1295 1410 1357 musica
1435 1289 1503 1376 'im
1532 1291 1584 1372 ¹¹„

244 1404 300 1446 non
325 1385 432 1463 gignat
455 1403 562 1445 novam
585 1386 781 1449 harmoniam.
828 1388 906 1449 Nam
932 1381 998 1469 ¹¹1„
1022 1387 1176 1467 proportio
1199 1394 1247 1448 est
1270 1380 1406 1460 ἰκμελης,
1431 1393 1466 1443 ut
1488 1393 1520 1444 et
1539 1381 1589 1460 '„,

243 1473 302 1534 etsi
332 1467 380 1555 Ἃ,
409 1474 450 1534 sit
473 1469 607 1550 ἰμμελης.
656 1476 698 1538 Ut
725 1477 803 1537 enim
829 1476 856 1538 iu
881 1475 1056 1557 syllogismo
1084 1495 1144 1536 nna
1171 1473 1317 1554 negativa
1342 1471 1450 1551 posita
1480 1490 1588 1533 necare

243 1570 292 1622 est
316 1571 347 1623 et
370 1561 498 1622 alteram
521 1563 606 1641 poni,
631 1564 746 1625 duabus
770 1584 840 1627 vero
870 1564 1061 1626 affirmativis
1091 1563 1201 1643 positis
1231 1571 1266 1622 et
1295 1558 1392 1622 tertia
1424 1560 1591 1622 affirmativa

242 1651 277 1709 h't
300 1650 491 1724 necessaria;
524 1652 568 1711 sic
593 1652 621 1711 in
646 1654 780 1714 sectione
804 1654 935 1715 chordae
959 1653 989 1713 in
1014 1654 1088 1726 duo,
1120 1669 1187 1712 cnm
1214 1660 1279 1711 tres
1307 1650 1448 1709 existant
1478 1665 1590 1727 propor-

242 1737 340 1799 tiones
365 1758 384 1799 a
408 1739 502 1799 tribus
535 1739 689 1813 terminis,
723 1750 790 1803 tota
822 1742 945 1822 ejusque
977 1740 1092 1802 duabus
1124 1739 1279 1820 partibus,
1317 1755 1379 1800 una
1410 1738 1590 1817 proportione

242 1823 422 1904 drappocrqs
445 1829 546 1906 posita
568 1830 717 1891 etaltera
734 1830 855 1909 ponitur
877 1829 1078 1908 ἀπαρμοστος,
1101 1839 1133 1889 et
1148 1828 1265 1889 duabus
1287 1825 1476 1887 harmonicis
1498 1825 1591 1905 positis

244 1924 276 1976 et
298 1916 391 1977 tertia
413 1917 447 1976 fit
470 1916 653 1979 harmonica.
698 1920 794 1998 Igitur
825 1918 1083 1996 duodecaugnlum
1105 1917 1224 1978 videtur
1242 1915 1281 1977 ab
1298 1913 1494 1993 experientia
1514 1912 1591 1991 recipi

244 2003 324 2064 inter
347 2014 501 2084 aspectus,
533 2007 668 2085 quamvis
692 2008 868 2069 excludatur
890 2028 910 2069 a
933 2007 1057 2068 musica.
1102 2006 1183 2067 Nam
1211 2005 1237 2066 si
1267 2003 1337 2064 ideo
1368 2003 1482 2063 efficax
1504 2003 1592 2062 circuli

244 2093 422 2155 duodecima
446 2093 473 2153 in
498 2094 616 2169 arundo,
642 2097 720 2175 qnod
744 2096 873 2158 chordae
898 2095 1075 2156 duodecima
1106 2102 1254 2155 consonat
1276 2109 1344 2152 curn
1368 2099 1438 2151 tota
1462 2094 1591 2170 (spelm

243 2202 348 2243 nacor
370 2182 416 2245 iac
438 2187 595 2253 διαπεπε).
620 2185 678 2245 erit
696 2193 728 2244 et
743 2185 858 2247 decima
877 2179 979 2258 (36⁰),
995 2193 1027 2244 et
1046 2190 1156 2244 octava
1178 2176 1281 2255 (45⁰),
1306 2189 1340 2240 et
1353 2179 1490 2241 omnium
1504 2181 1592 2240 horon

243 2271 376 2346 dimidia,
414 2267 481 2345 18⁰,
514 2265 596 2355 227,
608 2269 629 2344 ⁰,
667 2270 724 2336 15ο
755 2274 920 2353 iterumque
960 2272 1085 2333 dimidia
1113 2271 1143 2331 in
1175 2280 1376 2350 perpetuum,
1410 2267 1592 2329 ellicaciaia

243 2360 362 2433 mundo,
389 2360 467 2440 quod
491 2379 547 2421 non
572 2361 764 2440 deprehendo
787 2380 842 2439 per
864 2361 1089 2440 experientiam.
1129 2357 1245 2422 Contra
1268 2358 1295 2418 si
1317 2356 1389 2418 ideo
1414 2375 1474 2418 non
1498 2357 1592 2418 erum

243 2459 384 2528 aspectus
408 2444 477 2522 45⁰,
503 2449 572 2528 qnia
596 2450 624 2510 in
649 2451 764 2512 musica
793 2448 839 2529 ¹l„
870 2443 904 2532 Ἰ,
934 2450 1008 2510 iacit
1030 2467 1118 2510 unam
1148 2448 1244 2508 solam
1273 2457 1497 2508 consonantem
1520 2439 1592 2524 (Ἃ),

242 2538 318 2598 duas
343 2537 535 2599 dissonantes
559 2532 626 2620 Ol„
657 2531 721 2620 70),
746 2547 817 2600 tunc
840 2549 872 2600 et
901 2533 949 2617 ¹1„
983 2557 1086 2599 carere
1117 2536 1221 2598 debuit
1248 2535 1402 2606 efficacia,
1438 2534 1513 2614 quia
1540 2531 1592 2616 'lm

248 2620 315 2708 ¹¹s„
352 2626 491 2688 similiter
523 2626 615 2688 habet
648 2647 735 2689 unam
768 2636 885 2689 tantum
917 2636 1132 2687 consonantem
1163 2619 1266 2708 (¹s„),
1300 2624 1379 2684 duas
1411 2623 1592 2685 dissonantes

242 2709 329 2797 (¹l„,
362 2710 458 2795 ¹¹10).
506 2715 604 2775 Valde
628 2715 720 2796 igitur
743 2715 833 2779 miror
861 2718 938 2777 hanc
966 2733 1055 2777 unam
1087 2715 1316 2795 exceptionem,
1346 2729 1417 2773 cnm
1440 2712 1473 2774 in
1496 2710 1592 2773 ceteris

241 2821 295 2884 per
319 2804 417 2864 omnia
440 2803 502 2864 sint
525 2805 646 2866 eaedem
671 2806 949 2884 argumentationes
971 2805 1001 2866 in
1025 2804 1140 2865 musica
1163 2812 1194 2864 et
1216 2801 1246 2863 in
1271 2800 1462 2883 aspectibus.
1507 2800 1592 2861 vineo

243 2893 364 2968 quidem
399 2893 554 2972 pulchram
592 2894 721 2972 aliquam
759 2894 974 2974 proprietatem
1011 2890 1251 2971 duodecauguli,
1284 2890 1372 2970 cujus
1403 2891 1529 2969 planum
1552 2899 1592 2948 est

241 2976 331 3060 p‘qror
353 2989 385 3041 et
415 2975 447 3062 Ἰ,
475 2982 512 3041 de
535 2982 672 3059 potentia
695 2983 833 3061 quadrati
858 2981 997 3043 diametri
1020 2988 1058 3053 (h
1077 3004 1131 3039 a:
1146 2982 1177 3049 ⁸t.
1192 2984 1245 3049 α’).
1283 2977 1347 3041 Sed
1366 2979 1495 3059 planum
1516 2979 1590 3057 qnin-

241 3070 382 3147 qnanguli
414 3081 447 3128 ut
479 3078 510 3130 et
547 3071 688 3148 trianguli
720 3091 777 3131 non
811 3082 860 3133 est
891 3068 995 3150 ῥητον,
1032 3080 1063 3132 et
1096 3079 1197 3131 tamen
1230 3067 1301 3129 hinc
1337 3076 1411 3128 sunt
1451 3079 1589 3148 aspectus.

241 3158 351 3218 Nescio
377 3157 475 3236 igitur,
502 3179 570 3219 num
593 3178 640 3219 me
665 3159 753 3220 fallat
777 3159 972 3239 experientia,
998 3168 1068 3221 tune
1087 3160 1157 3238 jure
1181 3157 1324 3218 attendes
1346 3156 1386 3218 ad
1412 3175 1506 3218 aurae
1529 3174 1588 3216 cou-

241 3247 439 3319 stitutiouem,
464 3249 581 3325 quando
605 3248 746 3326 planetae
771 3250 886 3310 distant
910 3250 1028 3328 integro
1045 3249 1142 3327 signo,
1166 3245 1257 3307 nullis
1279 3256 1447 3326 praeterea
1470 3246 1589 3306 existen·

241 3335 322 3395 tibus
347 3337 529 3413 aspectibus.

329 3423 434 3502 Negas
473 3426 567 3503 trigas
605 3442 710 3483 vocum
747 3422 981 3484 considerandas
1013 3423 1043 3483 in
1080 3421 1218 3484 eruendis
1256 3419 1434 3482 harmoniis.
1490 3421 1538 3483 Ex
1563 3439 1591 3479 eo

241 3512 395 3590 intelligo,
430 3522 459 3572 te
485 3514 544 3573 vim
568 3513 784 3591 speculationis
808 3532 893 3573 meae
917 3531 975 3573 nou
1008 3511 1172 3591 percipere.
1220 3507 1370 3584 Quaeris,
1400 3529 1480 3590 qnae
1511 3511 1590 3588 origo,

241 3620 316 3678 quae
341 3621 433 3662 causa
458 3601 699 3662 harmoniarum?
722 3600 921 3679 Respondeo:
954 3601 1156 3663 sectionem
1187 3598 1317 3661 circuli
1341 3600 1592 3678 geometricam

240 3690 273 3750 in
304 3691 483 3752 rationes.
531 3690 672 3750 Perfecta
705 3690 800 3761 ratio,
832 3708 898 3749 cum
931 3689 1049 3751 termini
1079 3689 1204 3751 minoris
1237 3688 1395 3770 quantitas
1429 3707 1486 3750 seu
1517 3705 1591 3749 arcus

240 3775 383 3855 ἀναλογος
406 3788 548 3857 estpars
572 3788 664 3858 quota
687 3778 735 3838 rel
764 3786 874 3857 quotae
904 3779 1026 3851 circuli,
1060 3778 1242 3856 geometrice
1275 3787 1398 3838 resecta
1432 3798 1452 3837 a
1483 3777 1590 3838 circulo

241 3865 375 3925 Videsne
400 3867 499 3944 igitur,
525 3868 563 3927 ad
587 3866 788 3927 definitionem
813 3877 896 3927 ortus
920 3866 1168 3947 uniuscujuslibet
1192 3863 1368 3927 harmoniae
1392 3866 1507 3946 requiri
1529 3883 1590 3926 con·

240 3953 454 4016 siderationem
478 3956 601 4016 duarum
625 3956 716 4015 totius
740 3954 892 4035 partium?
916 3956 995 4017 Nam
1019 3975 1072 4016 cur
1095 3973 1133 4015 ex
1156 3955 1291 4017 sectione
1320 3953 1462 4032 ejusdem
1485 3952 1508 4016 8
1530 3947 1589 4014 iub

240 4051 273 4102 ct
295 4038 316 4104 5
340 4045 541 4104 constituatur
564 4044 686 4123 aliqua?
710 4042 772 4104 Cur
796 4044 881 4115 enim,
906 4044 964 4104 nisi
988 4045 1059 4124 quia
1086 4044 1160 4105 haec
1193 4043 1293 4106 solida
1322 4041 1420 4116 ratio,
1456 4061 1534 4123 qnae
1554 4053 1591 4102 est

240 4131 332 4190 totius
358 4132 396 4190 ad
421 4129 442 4194 2
465 4140 567 4210 partes
591 4141 622 4192 et
655 4132 712 4192 hae
746 4133 823 4193 inter
852 4152 885 4193 se
919 4152 977 4193 nou
1011 4141 1153 4194 constant
1184 4153 1223 4194 ex
1255 4132 1415 4212 perfectis.
1463 4131 1592 4194 Perierta

241 4219 358 4299 quidem
382 4228 432 4280 est
455 4220 531 4281 ratio
564 4214 614 4301 ¹1„
639 4220 708 4301 quia
739 4222 909 4300 octanguli3
942 4219 1177 4302 dysnpsrpqroc,
1211 4221 1392 4302 imperfecta
1424 4220 1519 4282 etia·
1551 4215 1589 4298 Ἰ..

240 4308 310 4385 quia
341 4309 492 4369 derivatur
517 4328 554 4368 ex
583 4304 616 4389 Ἰ,
645 4310 691 4370 vel
719 4304 776 4390 Ἃ,
811 4330 876 4371 cum
911 4310 1005 4371 sectio
1038 4310 1140 4372 circuli
1176 4310 1205 4371 iu
1239 4310 1259 4370 7
1291 4309 1334 4371 sit
1367 4308 1588 4388 ἆγεωμετρῃος.

242 4394 275 4455 ln
308 4395 431 4457 unisono
463 4407 493 4457 et
524 4402 676 4459 nuatione
707 4418 800 4476 negas
832 4399 927 4460 locum
960 4419 1028 4460 esse
1057 4397 1154 4477 trigis.
1201 4397 1342 4461 Falleris.
1390 4399 1426 4460 lu
1451 4405 1589 4460 cmc-r

241 4491 287 4541 est
312 4484 423 4542 chorda
449 4495 523 4556 totu,
548 4486 615 4546 dein
641 4488 703 4566 ejus
725 4488 800 4546 duae
821 4499 924 4566 partes
949 4489 1109 4568 aequales:
1134 4488 1163 4549 in
1188 4488 1315 4549 unisono
1339 4498 1387 4548 est
1411 4489 1509 4571 primo
1531 4485 1587 4567 prl-

240 4571 336 4630 sanda
365 4572 479 4631 chorda
511 4585 633 4652 propter
656 4595 689 4634 se
714 4586 828 4643 totam,
862 4578 993 4638 secundo
1023 4588 1053 4638 et
1085 4577 1176 4637 tertio
1208 4586 1333 4655 propter
1364 4576 1535 4654 analogiam
1556 4572 1585 4632 ad

240 4667 357 4718 ceteras
382 4661 554 4733 divisiones,
579 4664 663 4741 quasi
687 4666 791 4724 eadem
808 4676 838 4726 et
857 4685 928 4744 pars
943 4667 984 4725 sit
1002 4667 1059 4727 sibi
1084 4666 1140 4744 ipsi
1165 4666 1313 4744 aequalis.
1353 4665 1416 4725 lmo
1439 4665 1584 4742 anahgiae

240 4746 303 4805 sic:
335 4749 414 4808 Tota
441 4747 467 4822 1,
501 4759 622 4828 partes:
650 4751 676 4823 l,
701 4751 738 4825 03
770 4772 839 4814 ecce
870 4755 980 4833 trigam
1012 4764 1135 4817 mutam.
1184 4755 1264 4814 Tota
1287 4751 1322 4825 2,
1353 4763 1480 4833 partes:
1509 4755 1532 4824 l,
1556 4753 1582 4820 ll

240 4836 443 4912 ageometrica
467 4857 524 4897 non
549 4849 606 4899 est.
654 4842 731 4901 Tota
756 4839 784 4914 3,
810 4853 932 4921 partes:
958 4842 987 4915 2,
1017 4843 1054 4915 i;
1078 4861 1172 4905 nnius
1198 4842 1258 4903 iste
1283 4843 1377 4903 lusus.

328 4924 508 4986 Bnbthius
541 4927 672 5006 explicat
701 4932 923 5009 speculationes
951 4943 1102 5006 veterum,
1135 4933 1243 5012 quibus
1274 4930 1447 5008 incognitae
1478 4931 1575 4991 menn

240 5021 350 5072 aaran
374 5012 603 5084 harmoniarum,
627 5035 701 5097 quas
726 5020 938 5099 quaesiverunt
952 5020 982 5080 iu
997 5023 1128 5083 numeris
1147 5022 1235 5083 nudis
1259 5022 1425 5082 manifesta
1448 5019 1571 5080 salsitate.
