3692 5842
732 493 904 561 omarum.
1430 496 1493 566 641

136 673 227 741 Nihil
249 673 329 737 enim
350 672 400 735 bic
424 672 578 735 efficaciae
608 691 673 734 com
705 674 862 736 celeritate
890 693 1059 748 commune,
1091 693 1146 755 per
1178 694 1211 736 se
1244 674 1371 757 quidem.
1417 678 1496 741 Nam

139 781 222 847 quae
242 782 298 845 per
320 764 469 844 quandam
494 762 580 843 quasi
603 763 849 842 compositionem
873 764 1105 826 accidentariam
1126 765 1195 826 iude
1214 766 1372 839 resultant,
1397 765 1435 827 de
1458 768 1497 831 iis

136 870 202 917 non
225 860 275 916 est
296 852 383 933 hujus
407 852 465 914 loci
490 851 599 913 dicere.
645 852 679 913 In
709 872 829 916 cursore
859 853 1146 927 nobilevelocitas,
1177 854 1209 916 in
1231 854 1318 932 Rege
1350 853 1435 935 quies
1464 864 1497 919 et

138 942 308 1007 stabilitas.
354 940 435 1013 Quid
464 939 630 1020 Cepernico
664 941 745 1004 dices
778 943 862 1018 Pice,
896 943 946 1021 qui
970 940 1072 1005 Solem
1106 944 1194 1004 docet
1226 950 1323 1019 stare,
1356 962 1422 1006 curu
1455 945 1498 1008 sit

89 1045 91 1080 1
140 1031 351 1096 nobilissimus
365 1030 574 1111 planetarum?
610 1030 716 1111 Neque
731 1052 806 1093 sana
829 1039 878 1093 est
894 1031 955 1093 ullo
972 1032 1059 1093 modo
1075 1032 1152 1094 ratio
1168 1031 1294 1107 illorum,
1319 1033 1369 1114 qui
1383 1031 1495 1097 Satur-

89 1087 101 1196 i
138 1137 214 1186 uum
235 1120 275 1185 ob
302 1120 446 1200 majorem
474 1118 617 1182 ambitum
640 1120 718 1182 Jove
742 1121 857 1182 laciont
879 1119 1067 1184 velociorem.
1113 1121 1193 1184 Nam
1215 1139 1290 1183 vera
1312 1123 1498 1186 astronomia

89 1245 91 1260 ·
137 1213 229 1274 rano
250 1228 322 1272 vere
345 1208 507 1271 tardiorem
527 1217 558 1270 et
581 1210 749 1290 seguiorem
773 1211 862 1287 lacit,
896 1217 1007 1289 quanto
1040 1219 1088 1271 est
1120 1211 1186 1289 ejus
1218 1210 1348 1291 spatium
1380 1211 1496 1275 itineris

89 1282 90 1332 1
138 1297 255 1366 Joviali
278 1297 407 1380 amplius
429 1307 462 1360 et
484 1297 610 1378 longios.
656 1296 742 1369 Quae
776 1300 812 1361 de
839 1299 931 1361 verbo
960 1296 1012 1362 50.
1038 1297 1220 1382 Ceutiloquii
1244 1298 1331 1362 Picus
1362 1299 1494 1378 disserit,

89 1393 92 1400 '
130 1401 182 1454 ‘aa
202 1388 277 1453 nihil
300 1389 340 1450 ad
363 1407 431 1464 nos,
462 1407 529 1450 cum
553 1388 781 1450 Mirandnlanos
813 1388 877 1468 ipse
906 1407 945 1450 ex
972 1406 1007 1450 eo
1038 1397 1156 1451 tantum
1179 1390 1321 1466 deducat,
1352 1399 1495 1471 quantum

136 1477 192 1545 bis
212 1478 376 1543 retinemus
399 1485 431 1540 et
455 1477 650 1539 defendimus.
660 1473 701 1552 ¹⁹)

89 1597 95 1636 r,
164 1617 167 1624 .
231 1568 325 1631 Libro
343 1568 379 1642 V,
395 1562 426 1629 6.
451 1566 556 1646 objicit
569 1566 658 1628 Picus
682 1565 845 1645 astrologis
868 1567 984 1630 medias
1008 1566 1231 1647 conjunctiones
1255 1565 1495 1647 respicientibus,

131 1656 224 1742 ¹'qaod
246 1657 319 1719 illae
342 1656 404 1717 sint
432 1656 745 1735 lictae,'apparentes
769 1656 845 1716 enim
867 1654 964 1718 luisse
992 1655 1237 1718 considerandas.
1282 1656 1407 1732 Fateor,
1442 1678 1497 1721 nec

89 1763 98 1828 ².
130 1745 199 1810 -boe
220 1753 341 1809 tautum
363 1745 418 1806 sed
443 1753 539 1806 totam
562 1744 639 1805 hanc
662 1752 773 1818 artem,
803 1744 980 1824 religionum
1012 1753 1043 1806 et
1070 1745 1260 1826 imperiomm
1286 1746 1427 1826 periodos
1458 1767 1497 1810 ex

93 1831 95 1838 ’
124 1832 401 1916 conjunctionibus
425 1833 652 1906 determinandi‚
681 1852 737 1913 ego
762 1852 876 1914 quoque
900 1853 967 1896 cum
990 1834 1063 1897 Pico
1087 1833 1275 1914 ineptiamm'
1291 1843 1323 1895 et
1345 1836 1496 1915 supersti-

127 1923 234 1988 ‘tlouis
257 1924 376 1986 damno.
414 1924 459 1984 At
475 1943 532 1984 non
549 1922 617 1984 ideo
634 1923 716 1985 nulla
734 1932 783 1983 est
805 1923 1025 2003 astrologomm
1049 1922 1235 2002 experientia
1254 1924 1290 1984 de
1307 1924 1496 2002 conjunctio·

109 2057 116 2096 1,
128 2012 240 2078 'm'bua
286 2010 366 2083 Quid
391 2020 453 2073 tom
477 2012 565 2086 enirn,
590 2012 615 2073 si
641 2032 712 2073 vera
735 2012 903 2092 conjunctio
927 2013 1028 2074 differt
1046 2034 1065 2074 a
1081 2012 1201 2074 media?
1225 2030 1291 2073 cum
1309 2030 1382 2074 vera
1396 2014 1503 2096 aliqua¹

96 2101 276 2186 *mimo
299 2100 427 2163 accedat
449 2101 487 2162 ad
512 2100 661 2162 mediam?
695 2101 775 2163 Nam
799 2101 858 2161 etsi
881 2120 959 2163 anno
982 2098 1076 2166 1583.
1097 2120 1173 2183 quae
1189 2110 1271 2163 motu
1290 2101 1387 2163 medio
1408 2103 1497 2165 stetit

89 2181 93 2264 i
127 2190 181 2256 'hd
203 2189 381 2272 principium
403 2190 531 2258 Arietis,
556 2209 593 2250 ea
615 2209 686 2251 vero
710 2199 791 2251 moto
814 2189 920 2253 incidit
943 2191 973 2253 in
990 2186 1232 2265 21⁰)<etann0
1256 2191 1373 2252 demum
1400 2188 1493 2256 1703.

89 2269 94 2344 ἰ
125 2279 268 2364 'primum
281 2279 437 2359 continget
456 2279 557 2359 aliqua
580 2280 607 2339 in
623 2278 667 2356 Υ,
693 2280 883 2342 nihilominus
906 2280 1075 2361 conjunctio
1095 2281 1242 2360 apparens
1266 2298 1301 2342 eo
1326 2298 1404 2343 anno
1429 2281 1495 2353 luit,
1523 2277 1526 2282 ’

89 2353 201 2452 ,f‘qrm
233 2388 311 2431 auno
343 2368 443 2430 media
475 2369 700 2430 ostendebatur.
746 2369 853 2447 Itaque
886 2370 911 2431 si
940 2370 1010 2450 quid
1040 2371 1151 2432 factum
1179 2369 1209 2430 iu
1232 2369 1323 2431 rebus
1347 2369 1495 2445 humanis,

89 2457 105 2524 i·
126 2458 221 2544 *quod
240 2458 280 2520 ad
303 2457 541 2537 conjunctionem
565 2458 593 2519 in
608 2457 713 2520 Ariete
737 2457 933 2532 referebatur,
959 2459 1023 2521 falli
1039 2459 1157 2540 quidem
1172 2458 1253 2520 circa
1266 2458 1383 2538 signum
1397 2460 1497 2539 potuit

126 2546 413 2631 'experimentator3
446 2556 480 2608 at
508 2566 566 2608 non
595 2548 674 2608 circa
696 2546 793 2626 ipsam
817 2548 1071 2627 conjunctionem;
1104 2549 1141 2610 de
1165 2547 1272 2629 quibus
1296 2546 1343 2610 hic
1367 2549 1493 2628 agimus.

135 2641 137 2650 '
229 2636 300 2700 Non
323 2636 398 2698 haec
421 2636 498 2711 dico,
522 2637 599 2715 quod
623 2638 841 2716 astrologorum
865 2637 1052 2700 inductiones
1075 2656 1167 2719 usque
1182 2637 1221 2698 ad
1236 2636 1381 2718 specialia
1401 2656 1495 2718 prae-

129 2725 271 2792 dicenda
293 2725 466 2798 delendam,
491 2726 543 2787 sed
568 2734 600 2787 ut
623 2726 783 2799 obtineam,
811 2725 891 2787 circa
914 2735 1031 2807 tempos
1055 2736 1229 2807 magnarum
1254 2725 1495 2806 conjunctionum

101 2867 112 2880 ..
131 2821 248 2880 tautae
280 2813 374 2877 luisse
406 2815 618 2876 commotiones
651 2823 823 2877 naturarum
856 2814 1045 2898 ipsorumque
1074 2817 1233 2878 affectuum
1260 2815 1441 2879 naturalium
1464 2816 1494 2878 in

89 2893 328 2984 libaminibus,
355 2912 389 2966 nt
416 2924 453 2965 ex
476 2904 513 2965 iis
537 2903 655 2983 decepti
678 2904 740 2965 sint
770 2905 930 2983 astrologi.
961 2914 1105 2986 putantes
1134 2924 1183 2969 res
1211 2906 1308 2985 ipsas,
1338 2924 1414 2985 quae
1440 2924 1496 2987 per

89 3013 93 3070 ξ
138 2992 212 3059 illu
234 2994 450 3057 commotiones
473 2992 668 3074 gerebantur,
692 2993 810 3055 abhoc
834 2995 959 3057 coelesti
982 2996 1128 3076 principio
1151 2995 1315 3076 profectae.

89 3377 109 3600 k.
706 3435 830 3535 ,Caput
856 3435 925 3510 IX.

89 3613 95 3681 Γ
183 3619 243 3685 De
264 3622 448 3703 uapecbram
471 3624 644 3681 canorum
666 3614 807 3697 adeoque
829 3620 859 3677 et
882 3614 1017 3700 lligoni
1039 3615 1194 3702 efficacia,
1218 3620 1329 3679 sonmo
1350 3614 1447 3681 Joon.

89 3707 98 3724 '
607 3707 726 3771 Picum
748 3704 1023 3769 dlirortdalauum.

226 3865 297 3931 Jam
310 3866 386 3929 libro
396 3866 452 3935 VI.
464 3862 496 3929 5.
510 3865 598 3928 Picus
612 3866 669 3928 hoc
683 3865 807 3946 primum
822 3865 986 3947 impugnat,
1007 3867 1085 3947 qood
1104 3871 1278 3946 aspectuum
1293 3862 1344 3925 alii
1364 3863 1427 3928 aiut
1438 3884 1494 3947 per

136 3976 174 4023 ee
198 3956 301 4031 leuati,
325 3956 379 4018 alii
402 3955 527 4018 infausti
551 3963 583 4017 et
604 3956 686 4032 mali,
710 3963 745 4017 nt
767 3956 940 4035 quadratus,
966 3957 1131 4037 oppositus.
1172 3954 1240 4016 Hac
1262 3953 1292 4015 in
1315 3964 1402 4035 parte
1426 3975 1493 4019 curn

133 4046 212 4113 Piso
234 4045 405 4109 consentiet
430 4063 498 4106 nam
523 4055 664 4124 aspectus
688 4045 754 4106 sola
777 4044 967 4108 vehementia
990 4044 1147 4126 distingui,
1175 4062 1279 4105 omnes
1302 4062 1373 4106 vero
1397 4064 1492 4126 aeque

89 4154 94 4196 ’·.
131 4136 178 4202 αἱ
206 4135 391 4199 incitandam
420 4143 558 4197 naturam
589 4154 686 4197 rerum
715 4134 919 4196 sublunarium
946 4136 1059 4214 pollere
1087 4135 1213 4197 affirmo.
1259 4132 1302 4194 Et
1325 4153 1417 4196 causa
1440 4154 1493 4196 cur
1579 4186 1585 4197 .

89 4266 90 4270 =
128 4226 302 4309 ‚qumans
331 4224 442 4298 malos,
475 4224 603 4286 refertor
633 4224 663 4285 in
694 4242 784 4285 sexus
816 4223 1037 4300 diversitatem,
1071 4224 1148 4307 qood
1180 4224 1305 4285 alterum
1338 4224 1490 4302 signorum

89 4329 94 4370 t
128 4315 285 4400 spadrato
307 4312 485 4376 distantium
503 4313 544 4374 sit
561 4314 767 4388 masculinum,
790 4313 917 4375 alterum
936 4315 1124 4388 femininum3
1149 4314 1186 4375 de
1206 4312 1311 4394 quibus
1331 4312 1392 4374 dixi
1412 4313 1489 4392 quod

100 4445 109 4458 ··
133 4421 219 4468 vaus
239 4402 421 4466 existimem.
468 4400 544 4465 Cum
578 4421 649 4464 vero
682 4402 814 4482 quaerit,
849 4411 947 4464 utrum
981 4414 1122 4483 aspectos
1154 4402 1234 4464 inter
1264 4400 1332 4480 ipsa
1364 4419 1491 4481 corpora

125 4495 327 4580 planetarum
357 4500 500 4573 putentur
532 4512 570 4554 an
602 4502 741 4572 respectu
774 4493 931 4555 effectuum
964 4493 1012 4572 qui
1045 4501 1209 4573 sequuntur
1235 4490 1264 4552 in
1295 4490 1341 4551 his
1365 4490 1489 4554 Terris?

89 4653 90 4657 Ἰ
130 4601 255 4652 narsum
285 4582 366 4645 illius
398 4581 490 4666 probo
522 4583 719 4655 sententiam,
753 4581 826 4644 nihil
859 4581 897 4642 ab
926 4581 1050 4644 invicem
1078 4581 1142 4663 pati
1173 4580 1312 4660 planetas
1335 4580 1363 4643 in
1387 4580 1488 4656 coelo;

127 4692 233 4756 neque
256 4690 309 4734 eos
331 4670 489 4735 scientiam
513 4672 624 4734 babere
647 4690 751 4751 posse,
782 4671 900 4752 quando
928 4671 989 4732 bini
1019 4682 1120 4734 mutuo
1153 4678 1332 4732 concurrant
1362 4680 1488 4750 aspectu
1537 4692 1541 4698 ·

131 4764 165 4830 in
180 4762 294 4837 Terris,
317 4763 345 4824 si
366 4761 415 4823 vel
440 4761 555 4823 animas
576 4761 636 4823 illis
660 4761 824 4823 rationales
845 4760 969 4824 tribuas.
1015 4761 1151 4841 Denique
1175 4770 1315 4841 aspectus
1339 4760 1395 4822 hos
1418 4778 1486 4821 esse

131 4854 217 4920 luter
238 4852 339 4914 radios
362 4850 393 4913 in
407 4851 529 4913 Terram
549 4852 776 4926 descendentes,
801 4849 920 4913 minime
945 4869 1015 4912 vero
1039 4851 1118 4913 inter
1140 4869 1266 4930 corpora
1289 4851 1355 4930 ipsa
1378 4850 1485 4931 plane-

89 4957 91 4974 '
131 4950 253 5009 urum:
283 4941 373 5015 haec,
402 4941 535 5021 inquam,
563 4941 663 5002 omnia
690 4940 799 5021 recipio
830 4959 896 5001 cum
918 4940 1002 5003 Pico.
1048 4940 1156 5021 Itaque
1179 4939 1235 5002 hoc
1264 4940 1376 5021 ipsum,
1407 4940 1485 5020 qnod

133 5030 324 5117 experientia
345 5038 487 5107 testatur,
511 5039 648 5093 naturam
671 5031 860 5093 sublunarem
878 5030 991 5094 moveri
1005 5030 1043 5093 ab
1058 5030 1241 5111 aspectibus,
1264 5048 1330 5092 cum
1344 5038 1485 5112 aspectus

204 5135 376 5190 ΙΜΟΜ·
392 5136 420 5181 11.
1237 5132 1269 5185 ⁴1
