3692 5842
736 473 818 542 capnt
835 473 879 530 IV.
899 476 925 530 2.
1443 481 1506 554 179

150 661 303 734 manat
325 653 425 718 sensui
445 661 477 715 et
495 651 571 733 Cap.
587 654 611 727 1,
628 650 681 718 20.
720 653 834 716 Deinde
859 657 1001 720 retractio
1023 656 1219 722 horizontalis
1239 660 1268 722 in
1293 662 1386 724 denso
1411 665 1506 728 recti-

150 742 252 812 lineae
282 742 451 822 superficiei
478 751 635 806 excrescet
666 742 696 805 in
729 743 885 806 inlinitum.
932 746 1012 807 Nam
1037 744 1090 807 OE
1120 747 1158 808 ad
1182 748 1236 811 DB
1266 760 1370 813 estut
1397 772 1506 816 secans

151 829 258 910 anguli
280 832 401 906 nulline,
426 830 483 894 hoc
498 839 594 894 estut
616 831 719 892 radius
736 832 775 892 ad
799 841 952 894 secantem
972 832 1056 896 CAR
1081 837 1289 915 complementi
1314 839 1505 907 incidentiae.

150 918 267 988 Notum
289 927 401 994 antem,
425 930 580 984 secantem
604 916 666 983 90⁰
688 938 756 981 esse
779 920 887 982 lineam
912 922 1067 984 infinitam.
1116 925 1160 985 At
1183 928 1370 1005 experientia
1391 937 1504 1003 notum,

151 1025 219 1070 osse
253 1007 432 1071 horizontaii
465 1007 638 1070 retractioni
666 1016 780 1069 certum
807 1030 893 1071 sunm
923 1013 1041 1072 modurn
1066 1011 1094 1071 in
1124 1032 1210 1092 aqua.
1259 1013 1397 1079 Circeius
1426 1017 1505 1080 enim

151 1095 329 1176 angulorum
352 1115 473 1160 mensor
494 1098 608 1177 seipso
631 1096 731 1158 finitur
750 1106 782 1158 et
795 1108 923 1177 quatuor
946 1107 1046 1162 rectos
1068 1102 1266 1179 amplectitur.
1305 1102 1440 1185 Cumque
1463 1106 1507 1167 sit

151 1185 295 1254 nmio
318 1186 403 1249 nisus
425 1185 464 1250 ad
487 1185 774 1265 perpendicularem,
800 1205 858 1248 non
882 1196 931 1249 est
953 1188 1048 1265 major
1069 1190 1197 1268 angulus
1220 1191 1295 1270 ejus,
1321 1211 1397 1273 quac
1420 1194 1504 1256 hori-

150 1274 232 1344 zonti
255 1273 420 1354 parallelos
444 1283 492 1336 eet
515 1293 581 1336 cnm
603 1274 851 1352 perpendiculari,
877 1294 965 1355 quam
988 1283 1099 1338 rectus.
1136 1278 1204 1340 Non
1228 1288 1330 1361 potest
1353 1281 1504 1361 igiturne

151 1361 286 1430 maxima
307 1362 427 1444 quidem
449 1363 538 1425 medii
562 1361 732 1424 densissimi
756 1381 824 1425 esse
848 1364 944 1443 major
967 1365 1077 1443 angulo
1101 1373 1193 1428 recto.

240 1451 345 1514 Tertio
376 1450 567 1520 retractionis
590 1469 693 1512 causa
713 1450 777 1532 ¹fiet
808 1452 1012 1531 corpulentia,
1047 1453 1125 1533 quod
1158 1473 1249 1534 supra
1278 1454 1370 1535 (Cap.
1395 1458 1419 1531 1,
1449 1456 1504 1530 10)

150 1539 350 1604 refutabatur.
717 1535 720 1542 ’

240 1625 360 1702 Quarto
383 1635 475 1692 ancta
496 1627 701 1707 profunditate
721 1626 810 1689 medii
834 1629 992 1707 augebitur
1015 1630 1165 1692 retractio.
1202 1629 1402 1696 Continuetur
1425 1634 1504 1696 enim

150 1716 209 1782 AD
233 1717 266 1780 in
289 1717 328 1780 Κ.
373 1717 474 1796 Major
495 1716 588 1794 igitur
610 1716 662 1778 fiet
684 1717 836 1796 proportio
855 1717 912 1777 ΒΚ
936 1718 974 1777 ad
996 1716 1049 1778 GE
1072 1728 1250 1791 manentem,
1275 1739 1362 1799 quam
1385 1723 1441 1784 BD
1465 1722 1504 1784 ad

150 1805 290 1868 modern
336 1805 437 1885 Major
468 1805 559 1883 igitur
590 1805 732 1866 restantio
756 1805 784 1866 in
809 1805 834 1864 B
863 1813 1004 1866 manente
1034 1806 1085 1866 illa
1108 1807 1137 1868 in
1162 1805 1197 1869 C.
1244 1809 1321 1870 Hinc
1351 1820 1503 1890 sequetur,

150 1895 230 1976 qaod
255 1894 363 1974 ubique
378 1893 561 1956 Rothmanni
585 1901 761 1971 argumenta
784 1893 919 1956 redolere
943 1894 1090 1964 videntur,
1114 1895 1199 1958 BDK
1215 1915 1272 1957 non
1288 1916 1356 1958 esse
1380 1907 1502 1972 rectam,

149 1983 205 2046 sed
228 2001 342 2057 noum,
367 1983 446 2063 qnod
470 1979 561 2060 (Cap.
583 1982 607 2056 1,
632 1979 691 2056 22)
716 1982 890 2060 negavimus
913 1990 946 2043 et
969 1982 1155 2060 experientia
1180 1984 1265 2045 tacite
1290 1995 1338 2047 est
1360 1987 1503 2052 refutare.

150 2069 262 2136 Statue
286 2072 348 2134 tria
379 2078 492 2151 puncta
514 2070 543 2131 in
568 2076 638 2131 adro
662 2071 692 2131 in
720 2071 825 2131 eadem
858 2080 958 2139 recta,
993 2070 1082 2148 imple
1115 2073 1235 2136 situlam
1273 2093 1368 2153 aqua,
1399 2075 1508 2153 ordina·

150 2161 258 2236 νὶωιι,
282 2169 318 2222 nt
339 2168 476 2222 extrema
498 2158 586 2221 simul
609 2158 860 2237 comprehendas,
890 2159 1019 2220 medium
1043 2158 1151 2220 iterum
1180 2160 1328 2224 coincidet
1360 2165 1504 2226 extremis

149 2250 303 2330 planant
330 2247 414 2328 prins
440 2247 469 2310 in
487 2254 571 2320 aere.
608 2246 651 2308 Et
673 2266 747 2310 cave
770 2256 801 2309 te
820 2255 943 2308 moveat
965 2247 1063 2308 baculi
1082 2248 1111 2309 in
1137 2267 1215 2328 aqua
1238 2249 1362 2325 incurvi,
1385 2251 1415 2314 in
1433 2259 1515 2314 aere·

149 2335 226 2402 reati
258 2337 433 2417 phantasia.
479 2336 560 2399 Nam
583 2335 609 2398 is
640 2336 714 2400 nibil
736 2337 776 2398 ad
806 2335 862 2397 boc
894 2335 1141 2414 experimentum.
1189 2338 1318 2400 Videtur
1344 2340 1422 2402 enirn
1446 2358 1504 2404 non

148 2426 269 2501 Mem,
293 2426 348 2488 sed
371 2424 498 2488 diversis
521 2424 671 2487 retractis.
718 2422 809 2504 Sequi
835 2433 936 2486 autem
961 2424 991 2484 id
1014 2425 1092 2503 quod
1117 2425 1187 2498 dixi,
1212 2426 1256 2487 sic
1279 2435 1375 2506 patet.
1413 2429 1504 2490 ExB

149 2513 320 2580 ammom
353 2514 502 2579 retractus
524 2511 583 2573 BG
614 2513 644 2573 in
678 2513 800 2573 fundum
826 2510 864 2573 G.
912 2513 1013 2574 Aucta
1046 2513 1129 2574 tundi
1162 2514 1366 2593 profunditate
1399 2535 1437 2579 ex
1469 2537 1506 2578 ca

147 2611 249 2684 parte,
274 2602 346 2684 qnia
369 2602 456 2666 simul
480 2609 606 2680 angetur
630 2601 766 2680 angulus,
791 2601 957 2662 descendat
979 2619 1051 2679 ergo
1075 2621 1112 2662 ex
1135 2602 1160 2662 B
1184 2602 1252 2681 plns
1275 2605 1424 2666 retractus
1438 2605 1503 2668 BL.

147 2693 244 2755 Patet
265 2691 441 2766 manifeste,
466 2690 543 2771 quod
567 2690 603 2763 B,
630 2688 669 2763 G,
693 2690 721 2752 L
747 2698 860 2768 puncta
883 2708 940 2750 non
970 2689 1032 2750 sint
1060 2690 1159 2753 futura
1183 2692 1210 2752 in
1235 2701 1330 2754 recta.
1377 2694 1424 2756 Ac
1447 2694 1505 2756 etsi

116 2773 121 2786 '
148 2781 256 2863 quinto
280 2781 355 2844 baec
377 2779 477 2859 opinio
500 2778 619 2840 videtur
642 2798 707 2839 cum
732 2778 884 2840 densitate
907 2777 1087 2856 conjungere
1115 2778 1323 2856 incidentiam,
1348 2790 1449 2844 tamen
1473 2801 1505 2844 re

146 2887 224 2932 uera
247 2878 391 2949 separat;
415 2867 485 2948 qnia
507 2866 701 2928 incidentiam
724 2884 782 2928 non
807 2867 896 2927 aliter
919 2865 1105 2941 considerat,
1130 2887 1220 2946 quam
1243 2878 1391 2948 qnatenus
1414 2879 1507 2950 auget

147 2957 359 3038 prolixitatem
375 2956 532 3030 transitus,
549 2972 625 3034 qnae
639 2956 733 3018 otiam
749 2954 878 3028 aliunde,
895 2960 929 3015 ut
942 2954 1031 3015 modo
1047 2955 1239 3034 depressione
1255 2958 1346 3031 tundi,
1368 2966 1505 3038 augetur.

240 3045 441 3107 Econtrario
465 3044 619 3106 tenebitur
639 3043 774 3121 ejusdem
793 3043 907 3121 culpae,
935 3042 984 3121 qui
1004 3043 1123 3115 dixerit,
1147 3044 1345 3107 differentiam
1370 3048 1506 3109 inciden-

148 3135 263 3197 aarum
287 3133 365 3196 radii
383 3131 465 3196 Solis
483 3131 513 3193 in
537 3131 710 3212 superficies
734 3131 814 3192 adria
839 3140 870 3191 et
896 3131 1008 3192 Terrae
1032 3150 1201 3194 mensnram
1216 3151 1284 3196 esse
1307 3135 1505 3198 retractionis.

151 3223 194 3286 Ut
216 3222 290 3304 quia
312 3230 426 3284 certum
449 3229 507 3295 est,
532 3220 729 3282 retractiones
753 3237 828 3298 quas
851 3219 1016 3280 astronomi
1040 3221 1232 3282 considerant
1255 3221 1317 3284 tieri
1336 3243 1356 3284 a
1378 3225 1506 3286 circum-

150 3312 219 3374 tuso
243 3310 346 3376 Terris
369 3317 450 3373 aere.
498 3307 549 3371 Sit
571 3327 642 3387 ergo
665 3308 777 3369 Terrae
801 3307 973 3387 superficies
998 3305 1066 3381 CB,
1090 3328 1177 3389 quam
1207 3318 1317 3387 tangat¹
1342 3321 1426 3374 recta
1450 3311 1506 3374 GB
1544 3301 1548 3306 ’

151 3400 180 3461 in
204 3407 318 3479 puncto
349 3398 376 3460 B
386 3417 396 3474 3
430 3398 509 3461 aeris
542 3395 716 3476 superficies
739 3415 776 3457 ex
809 3398 914 3457 eodem
947 3404 1050 3457 centro
1074 3398 1104 3460 A
1137 3398 1177 3460 sit
1200 3397 1254 3458 DE
1288 3408 1320 3460 et
1343 3398 1400 3462 GB
1423 3409 1508 3463 secet

151 3487 230 3550 banc
255 3487 286 3548 in
308 3486 346 3550 E.
393 3487 514 3566 Tangat
537 3484 629 3564 igitur
660 3484 761 3564 aliqua
790 3483 976 3563 superficiem
1000 3484 1056 3545 DE
1221 3502 1273 3567 εἰς,
1294 3500 1337 3552 er,

151 3577 181 3637 in
204 3574 233 3637 Ε
256 3584 368 3656 puncto
392 3574 545 3647 sectionis,
571 3592 647 3655 quae
671 3572 713 3633 sit
736 3572 789 3634 IE.
836 3573 933 3652 Igitur
957 3572 982 3633 si
998 3570 1057 3631 BG

152 3663 335 3728 tetradius
358 3664 443 3739 lucis,
466 3664 493 3726 is
517 3661 669 3726 coincidet
691 3680 757 3723 cnm
780 3669 924 3740 tangente
947 3679 1056 3739 snper·
1255 3711 1271 3741 s

151 3751 227 3816 ficisi
251 3752 375 3822 Terrae,
396 3752 531 3831 erigetur
554 3751 593 3811 ad
616 3758 789 3829 tangentem
814 3749 855 3810 lE
880 3750 917 3809 ad
942 3758 1057 3810 certum
1148 3777 1173 3810 f
1191 3741 1277 3776 ’Ὺ
1338 3811 1365 3832 N
1446 3747 1452 3766 ¹

151 3840 310 3921 angulum,
341 3839 513 3901 differentia
544 3838 771 3900 incidentiamm
805 3846 853 3898 est
883 3837 964 3898 IEB.
1010 3835 1058 3896 Ea
1106 3837 1162 3940 sk!
1367 3831 1384 3844 ”“

150 3929 299 4009 paulatim
322 3928 473 4004 minuitur,
496 3928 542 3989 ita
564 3935 598 3988 ut
621 3927 650 3987 in
675 3926 788 3988 uertice
811 3926 894 3988 nulla
912 3926 963 4000 sit,
988 3925 1058 4004 quia
1096 3923 1126 3998 tr
1244 3969 1254 3994 ,ι
1372 3997 1374 4004 Ι

152 4017 311 4079 avertice
339 4016 441 4080 radius
469 4016 507 4076 ad
538 4023 693 4095 utramque
722 4023 897 4094 tangentem
924 4031 1056 4094 perpen·
1094 3991 1292 4112 [iffi
1372 4010 1375 4016 ’

152 4104 296 4168 dientaris
330 4115 363 4166 et
390 4104 429 4166 ad
465 4112 567 4166 rectos
599 4103 765 4166 descendit.
820 4100 853 4164 Si
885 4120 957 4181 ergo
991 4102 1056 4181 quis
1102 4115 1198 4294 Q
1231 4119 1235 4176 5

152 4193 273 4268 dixerit,
296 4193 496 4256 retractiones
520 4192 738 4272 proportionari
761 4190 809 4252 his
833 4191 951 4270 angulis
975 4189 1055 4258 IEB,
1201 4181 1341 4260 js!

152 4283 300 4348 concinna
316 4281 468 4344 videbitur
482 4282 556 4344 haec
575 4280 653 4343 ratio
674 4279 816 4342 metiendi
838 4278 1054 4353 retractiones;

154 4378 317 4452 propterea
350 4371 429 4450 quod
459 4370 499 4432 ad
533 4388 739 4450 quamcunque
772 4367 964 4429 altitudinem
987 4366 1135 4445 sphaerae
1169 4370 1249 4432 acris
1283 4370 1417 4450 sequitur
1448 4391 1504 4434 sua

154 4460 295 4524 retractio
312 4458 446 4522 maxima
459 4457 665 4532 horizontalis,
689 4458 734 4524 ita
748 4464 781 4517 ut
796 4456 934 4518 videatur
948 4456 1152 4533 experientiae
1171 4457 1360 4520 satisfacere.
1393 4460 1507 4520 Verum

153 4548 227 4610 baec
250 4567 368 4630 qnoque
392 4548 471 4609 falsa
493 4556 551 4620 est,
576 4545 645 4625 quia
664 4545 707 4607 uti
732 4545 852 4619 dictum,
878 4551 1004 4623 separat
1027 4545 1172 4606 rationem
1195 4547 1280 4608 densi
1299 4567 1318 4608 a
1335 4547 1431 4626 figura
1454 4567 1507 4608 seu

154 4635 336 4711 incidentia,
370 4655 446 4717 qnae
475 4644 563 4697 erant
593 4633 809 4714 conjungenda.
856 4633 936 4694 Nam
965 4633 1021 4692 hac
1054 4632 1172 4710 quidem
1206 4635 1321 4696 ratione
1346 4654 1403 4697 nou
1428 4637 1506 4696 aliae

154 4725 272 4787 raum
305 4725 370 4786 sint
400 4723 598 4787 retractiones
630 4722 679 4783 vel
711 4722 820 4782 saltern
853 4721 1066 4782 retractionuin
1101 4720 1326 4784 incrementare
1354 4725 1436 4786 nulla
1468 4726 1506 4785 ad

153 4831 309 4889 summam,
335 4814 400 4875 sive
423 4811 504 4875 tenni
529 4818 599 4874 aere
622 4830 675 4872 seu
699 4810 776 4871 vitro
800 4809 950 4889 pellucida
973 4808 1102 4887 sphaera
1125 4819 1254 4872 constet.
1291 4811 1385 4874 Patet
1407 4819 1507 4876 autem

153 4903 378 4984 experimentis,
402 4900 432 4964 in
454 4900 635 4963 varietatem
660 4898 818 4961 densorum
842 4898 1005 4960 mediorum
1022 4897 1122 4977 spargi
1142 4899 1234 4960 etiem
1258 4899 1505 4962 incrementorum

154 4989 291 5056 diversas
334 4991 455 5054 formas.
505 4990 672 5053 Praeterea
704 4987 729 5049 si
772 4987 968 5049 retractiones
1000 4995 1105 5047 essent
1135 5007 1154 5048 a
1183 4988 1250 5050 sola
1281 4989 1392 5068 figura,
1424 4989 1508 5056 nullo
