3692 5842
856 471 938 537 capa
955 472 976 521 1·
1527 469 1590 540 621

237 646 349 732 quibus
371 667 391 710 a
412 649 481 712 bris
505 648 604 710 stellis
635 647 799 710 distantias
829 649 956 711 retinuit
985 653 1024 711 ad
1047 668 1176 728 unguem
1207 652 1346 728 easdem
1377 654 1496 715 aJove
1523 673 1596 715 vero

239 745 273 802 at
294 739 397 800 Marte
427 745 514 799 tanto
545 737 615 799 illas
646 737 772 799 adauxit
795 738 825 799 in
848 739 931 814 dies,
962 740 1065 820 quanti
1096 741 1158 799 fere
1190 740 1310 803 fuerunt
1339 741 1472 820 ipsorum
1495 749 1595 804 motus

239 826 341 890 diurni
364 827 419 889 sub
443 827 525 889 liris:
552 826 596 888 sic
619 836 734 888 utnon
757 827 833 888 haec
856 827 894 888 ab
918 828 994 903 illis,
1025 828 1078 890 sed
1101 828 1146 888 illi
1170 829 1208 889 ab
1231 830 1289 890 hac
1312 830 1424 892 fuerint
1446 831 1594 910 digressi:

238 923 272 978 et
301 915 382 996 quod
410 917 645 994 Brenggerus
679 916 810 977 notavit:
845 918 923 977 idem
958 936 1075 997 semper
1108 917 1272 978 horizontis
1300 928 1443 998 punctum
1472 919 1596 983 oriendo

238 1004 429 1086 perstrinxit,
454 1003 485 1064 in
509 1004 614 1064 eodem
637 1004 754 1065 scilicet
775 1005 923 1084 parallelo
946 1015 1091 1086 perpetuo
1114 1007 1234 1067 mansit.

327 1093 485 1171 Ingentem
508 1092 609 1171 itaque
633 1092 767 1155 Orabbi
791 1095 956 1155 vanitatem
987 1102 1106 1175 oportet
1135 1114 1220 1166 esse,
1251 1096 1300 1174 qui
1324 1114 1361 1156 er
1384 1095 1591 1158 vitiosissimis

236 1179 501 1246 observationibus
525 1182 629 1242 fraude
652 1181 683 1241 in
700 1181 833 1243 ordinem
849 1183 1007 1262 dispositis
1023 1203 1115 1244 ausus
1132 1190 1180 1244 est
1195 1184 1304 1244 stellae
1320 1193 1443 1245 nostrae
1459 1184 1591 1246 tribuere

237 1276 354 1334 motum
368 1268 584 1343 tardissimum,
608 1270 657 1350 qui
674 1277 738 1330 toto
756 1271 923 1332 durationis
945 1281 1078 1352 tempore
1096 1292 1154 1332 non
1169 1279 1286 1332 tantum
1303 1273 1467 1334 confecerit
1481 1292 1594 1347 areum,

242 1366 387 1442 quantum
413 1357 551 1421 Crabbus
581 1359 677 1438 primo
702 1359 807 1420 statim
830 1361 878 1420 die
902 1354 988 1440 4114.
1014 1361 1082 1423 Oct.
1112 1360 1266 1421 aberravit
1290 1361 1488 1436 observando,
1522 1363 1591 1424 dum

239 1466 307 1510 cam
330 1448 362 1510 iu
388 1442 452 1510 170
473 1444 505 1508 θ’
530 1453 559 1518 ,2¹
583 1447 692 1519 refert,
723 1467 811 1527 quam
835 1448 991 1510 Fabricius
1023 1448 1052 1509 in
1076 1449 1223 1511 Ostfrisia
1252 1449 1300 1509 die
1325 1450 1522 1511 antecedente
1546 1450 1594 1511 in-

239 1535 380 1600 venitin
407 1529 471 1597 170
493 1530 547 1598 370
569 1536 619 1596 vel
645 1530 709 1596 170
730 1532 785 1598 to·
809 1542 848 1607 ,7.
896 1537 929 1596 Si
957 1538 1185 1598 observationes
1212 1537 1295 1599 solas
1323 1538 1514 1619 quantumvis
1537 1538 1595 1600 im-

238 1626 394 1707 perfectas
417 1623 504 1685 nobis
520 1623 779 1697 communicasset,
804 1624 932 1702 gratiam
957 1634 1023 1686 erat
1045 1625 1211 1687 habiturus.
1250 1627 1295 1687 At
1310 1628 1379 1706 quia
1393 1635 1511 1688 tantum
1526 1626 1596 1688 illas

241 1715 280 1776 de
303 1712 485 1776 certitudine
509 1713 707 1786 commendat,
732 1722 765 1774 ιιι
788 1733 888 1774 earum
913 1714 1021 1774 fiducia
1044 1714 1152 1775 stellae
1168 1723 1280 1775 motum
1303 1716 1417 1776 tribuat
1433 1715 1596 1790 minimum,

234 1803 305 1883 J'ure
337 1811 372 1864 ut
401 1803 545 1879 deceptor
574 1802 753 1880 vituperium
786 1802 916 1863 babebit.
965 1802 1045 1873 Quid
1077 1803 1155 1863 enim
1187 1804 1224 1863 de
1257 1805 1443 1865 astronomia
1466 1805 1597 1865 futurum

240 1901 350 1973 putas,
375 1891 416 1964 si,
440 1890 519 1968 quod
543 1892 626 1951 Deus
650 1899 785 1963 avertat,
814 1891 924 1950 misera
948 1892 1113 1970 posteritas
1137 1910 1202 1951 eam
1226 1893 1313 1953 fidem
1338 1891 1403 1970 ejus
1427 1893 1597 1953 observatis

241 1979 323 2044 eirca
348 1979 489 2061 planetas
513 1978 686 2051 adhiberet,
717 1998 805 2059 quam
830 1979 880 2039 ille
908 1981 1052 2041 affectat?
1097 1981 1202 2058 Itaque
1231 1982 1356 2042 miseret
1382 2000 1429 2040 me
1457 1980 1593 2053 Herlicii,

238 2070 291 2151 qui
311 2068 378 2148 jam
401 2084 488 2140 nunc,
512 2067 581 2127 vivo
605 2066 701 2128 adhuc
726 2077 858 2141 auctore,
882 2087 993 2147 passus
1010 2077 1057 2129 est
1080 2068 1138 2129 sibi
1161 2069 1284 2147 imponi,
1308 2079 1341 2130 ut
1359 2070 1506 2142 crederet,
1530 2088 1596 2129 mo-

237 2157 335 2220 bilem
359 2156 453 2217 fuissc
477 2164 639 2216 cometam:
665 2157 715 2237 qui
739 2158 765 2218 si
790 2175 878 2235 super
900 2157 980 2218 hunc
995 2165 1106 2219 motum
1124 2158 1296 2220 aedificavit
1318 2177 1403 2219 suum
1418 2157 1595 2237 prognosti-

237 2264 318 2320 cum,
344 2246 442 2307 oleum
466 2253 498 2307 et
521 2263 642 2323 operam
664 2246 797 2325 perdidit
820 2251 851 2305 et
873 2246 1002 2324 gratiam
1027 2248 1165 2326 exiguam
1190 2246 1309 2310 Crabbo
1333 2240 1473 2319 debec‘)

329 2334 416 2396 Motu
439 2335 559 2396 sublato
582 2341 614 2393 et
636 2335 802 2414 parallaxis
827 2335 971 2407 aufertur,
995 2355 1071 2416 quae
1088 2336 1216 2397 nominis
1233 2335 1343 2398 indicio
1360 2345 1459 2396 nrotus
1474 2333 1595 2415 quidam

237 2441 409 2504 apparens,
438 2423 600 2485 translatio
632 2442 782 2503 apparens
813 2432 861 2484 est
891 2423 999 2484 sideris
1020 2443 1075 2504 per
1106 2444 1138 2485 se
1163 2424 1332 2487 immobilis
1379 2425 1421 2485 Ει
1444 2422 1595 2504 parallari

238 2511 477 2586 athauulfus
493 2509 583 2572 sideri
607 2511 691 2573 locus
715 2512 794 2573 inter
807 2512 958 2592 planetas,
975 2522 1056 2574 certe
1072 2512 1171 2574 nullus
1188 2513 1267 2574 infra
1281 2514 1408 2587 Lunam,
1431 2514 1593 2584 Venerem,

233 2600 436 2677 Mercurium,
469 2600 587 2672 Solem,
618 2602 748 2661 Martem
773 2600 960 2680 relinquitur.
1007 2602 1185 2662 Parallaxes
1208 2621 1280 2662 vero
1303 2602 1391 2665 Jovis
1415 2610 1447 2663 et
1469 2598 1594 2664 Saturni

234 2690 298 2751 etsi
321 2697 394 2751 sunt
414 2687 622 2763 insensibileS,
647 2689 730 2750 sidus
753 2698 854 2751 tamen
877 2708 914 2749 ne
937 2708 1031 2770 prope
1056 2691 1111 2752 hos
1134 2689 1254 2771 quidem
1278 2692 1401 2753 stetisse
1425 2690 1495 2752 aliis
1517 2707 1591 2770 per-

234 2778 383 2842 suadetur
405 2778 598 2857 argumentis.

328 2867 407 2928 Visa
430 2875 478 2928 est
499 2873 565 2927 toto
585 2865 710 2927 Octobri
734 2885 836 2926 mense
852 2885 929 2944 pene
946 2866 1065 2945 aequali
1081 2866 1297 2945 magnitudine,
1320 2867 1380 2928 nisi
1396 2867 1472 2947 quod
1489 2864 1593 2927 radios

235 2955 324 3022 Solis
340 2955 471 3030 subiens,
496 2958 573 3017 Jove
597 2973 665 3015 sese
689 2954 825 3016 nonnihil
849 2954 995 3033 eripiente
1010 2955 1171 3036 Solemque
1191 2954 1335 3033 fugiente,
1359 2954 1505 3016 deminuit
1526 2954 1593 3014 exi-

235 3044 447 3108 stimationem
479 3044 658 3123 quantitatis
691 3044 730 3102 ad
760 3046 867 3105 Jovem
898 3053 1082 3122 comparata.
1136 3046 1243 3104 Mense
1271 3043 1435 3106 Novembri
1458 3041 1595 3121 pluribus

234 3132 378 3196 innotuit.
425 3132 482 3195 Die
506 3130 625 3212 quidem
649 3128 700 3193 30.
727 3130 795 3193 Oct.
823 3131 869 3190 vol
894 3127 923 3192 9.
948 3133 1027 3192 Nor.
1053 3133 1219 3212 quadrante
1243 3140 1313 3192 aute
1336 3134 1441 3194 horam
1464 3130 1599 3212 quintam

233 3221 300 3285 vidi
323 3222 442 3283 Novam
464 3228 537 3300 post
559 3239 698 3281 occasum
715 3220 807 3292 Solis,
833 3239 899 3279 cum
922 3221 1054 3281 nondum
1078 3221 1210 3281 invenire
1233 3239 1356 3299 possem
1379 3223 1497 3293 Jovem,
1522 3220 1598 3280 adeo

234 3317 307 3374 erat
335 3309 498 3371 etiamnum
530 3309 630 3381 clara,
663 3309 799 3389 quamvis
829 3307 923 3368 radiis
955 3308 1038 3369 Solis
1067 3309 1162 3369 multo
1193 3327 1281 3388 quam
1311 3309 1432 3388 Jupiter
1462 3308 1597 3369 vicinior.

233 3397 298 3464 Die
322 3390 407 3480 6116.
430 3398 509 3460 Nov.
534 3396 597 3457 vidi
623 3397 704 3458 illam
728 3405 911 3475 postremum
934 3397 1146 3475 vespertinam.
1189 3396 1292 3458 Secuti
1310 3398 1389 3457 enirn
1406 3397 1470 3457 dies
1487 3396 1596 3457 nubili:

233 3487 434 3565 Brenggerus
466 3493 568 3547 tamen
601 3485 685 3546 illam
715 3485 811 3546 adhuc
844 3484 892 3544 die
926 3477 1011 3565 8118.
1040 3485 1118 3544 Nor.
1153 3504 1172 3543 a
1201 3486 1280 3545 Jove
1312 3484 1493 3546 observavit.
1540 3483 1597 3544 Die

241 3567 349 3654 12122.
369 3574 447 3636 Nov.
472 3593 539 3635 cum
563 3573 672 3634 stellae
695 3574 779 3634 locus
803 3593 821 3633 a
843 3573 948 3633 Lunae
971 3574 1144 3652 praesentia
1167 3581 1333 3647 notaretur,
1358 3573 1478 3634 stellam
1503 3572 1599 3649 ipsam

236 3671 342 3726 umen
371 3662 421 3723 hie
449 3681 635 3743 nequaquam
659 3662 762 3722 vidore
785 3662 946 3740 potuimus.
992 3662 1096 3740 Neque
1121 3669 1220 3722 tamen
1244 3663 1331 3722 Luna
1363 3662 1446 3721 illam
1468 3667 1597 3731 texerat,

235 3759 272 3814 ιιι
303 3751 388 3830 eujus
419 3750 549 3812 latitudo
579 3750 709 3811 visibilis
736 3758 802 3810 erat
825 3744 869 3811 3⁰
891 3756 922 3808 et
945 3749 1090 3828 amplius,
1122 3770 1187 3810 curn
1217 3751 1301 3811 sidus
1324 3770 1382 3811 non
1407 3744 1451 3809 20
1472 3747 1600 3809 haberet

236 3839 442 3904 latitudinem.
497 3840 618 3919 Pragae
659 3839 751 3918 igitur
784 3838 861 3899 inter
892 3830 978 3918 6116.
1012 3846 1043 3899 et
1079 3832 1181 3919 12122.
1215 3840 1293 3901 Nov.
1329 3838 1440 3899 occidit
1471 3836 1596 3898 heliace.

236 3926 401 3994 Crastinus
425 3947 496 3989 vero
521 3930 657 3999 affirmat,
682 3927 785 3988 Turini
810 3926 839 3988 in
855 3926 1020 4000 sabaudia,
1044 3927 1093 3988 ubi
1117 3928 1213 3989 minor
1235 3928 1298 4008 poli
1323 3928 1464 4001 elevatio,
1488 3925 1598 3986 etiam-

235 4035 311 4078 num
338 4009 443 4099 13123.
468 4017 546 4078 Nov.
573 4017 610 4076 ab
635 4016 672 4076 iis
689 4015 822 4093 conspici
845 4015 992 4093 potuisse,
1017 4017 1064 4095 qui
1080 4018 1243 4097 praecipua
1260 4018 1344 4078 visus
1360 4016 1426 4077 acie
1439 4015 1597 4095 pollerent.

234 4105 269 4170 A
294 4099 347 4168 26.
371 4105 450 4167 Nov.
481 4105 530 4165 vel
555 4101 584 4168 6.
610 4106 683 4165 Dec.
707 4103 865 4183 principio,
898 4123 992 4183 usque
1023 4106 1061 4164 ad
1092 4105 1171 4167 diem
1201 4099 1285 4186 9119.
1316 4106 1391 4168 Dec.
1417 4102 1599 4166 Mercurium

234 4193 467 4274 conspeximus:
507 4201 589 4254 certe
613 4193 662 4254 die
691 4189 775 4271 7117.
800 4192 965 4253 evidenter.
1014 4192 1108 4254 Ortus
1133 4195 1212 4256 enim
1240 4203 1288 4255 est
1311 4193 1481 4254 sinisterior
1510 4209 1598 4272 quam

232 4282 308 4358 8013
333 4282 387 4344 sed
410 4282 491 4344 intra
514 4282 670 4343 dimidiam
693 4282 798 4342 horam
815 4280 851 4341 ab
876 4289 944 4342 ortu
967 4301 1021 4342 suo
1047 4282 1101 4342 sub
1118 4283 1286 4362 crepusculi
1311 4283 1407 4343 lucem
1431 4298 1500 4342 sese
1523 4297 1598 4339 eon-

231 4369 323 4434 didit.
371 4370 429 4433 Die
454 4390 526 4432 vero
551 4364 638 4452 9119.
664 4373 737 4432 Dec.
762 4369 945 4431 Mercurium
977 4389 1015 4429 an
1039 4371 1157 4431 Novam
1186 4371 1312 4432 viderim
1342 4370 1504 4442 incertum3
1539 4365 1598 4428 nisi

231 4459 324 4542 quod,
350 4457 376 4520 si
398 4459 488 4521 Nova
520 4459 575 4521 illa
609 4459 735 4532 fuisset,
768 4458 952 4520 Mercurium
984 4458 1086 4537 utique
1112 4468 1143 4520 et
1172 4459 1388 4521 evidentiorem
1421 4476 1476 4517 nec
1509 4455 1597 4532 longe

230 4548 401 4611 distantem
437 4567 497 4609 una
526 4549 630 4609 oculos
661 4548 811 4608 incurrere
845 4566 901 4626 par
932 4555 1012 4620 erat;
1045 4555 1075 4606 et
1106 4547 1185 4626 quod
1212 4548 1263 4607 vix
1291 4547 1391 4627 potuit
1412 4547 1501 4608 Nova
1526 4542 1597 4604 oriri

232 4636 313 4700 adeo
345 4636 512 4717 propinqua
542 4636 608 4699 Soli
640 4638 778 4716 quodque
806 4637 912 4698 Novae
944 4635 1059 4696 usitata
1090 4635 1267 4696 scintillatio
1296 4635 1369 4696 nihil
1400 4652 1447 4694 me
1470 4630 1595 4694 monuit.

232 4725 440 4806 Quaecunque
466 4725 532 4799 fuit,
557 4725 711 4786 dexterius
728 4724 852 4785 orientis
869 4733 1011 4804 punctum
1036 4724 1129 4802 elegit
1152 4743 1240 4803 quam
1256 4722 1424 4785 Mercurius
1448 4721 1496 4782 dio
1513 4715 1595 4802 7117.

230 4813 283 4878 Ex
307 4831 344 4876 eo
373 4812 467 4875 nubili
492 4815 558 4875 dies
582 4815 664 4875 fuere
696 4833 789 4893 usque
813 4812 843 4873 in
867 4812 1003 4891 vigiliam
1025 4812 1206 4874 Natiuitatis
1231 4812 1345 4875 Christi
1372 4802 1477 4890 14124.
1502 4810 1594 4872 Deo:

231 4919 303 4966 auru
326 4901 425 4964 adhuc
448 4908 614 4982 apparente
636 4903 784 4974 Arcturo,
809 4901 985 4980 crepusculo
1009 4909 1109 4961 tamen
1132 4900 1291 4962 admodum
1314 4900 1433 4973 adulto,
1456 4898 1596 4958 animad-

232 4990 317 5056 verti
341 4990 463 5053 stellam
479 4990 697 5052 scintillantem
720 4990 750 5052 in
774 5009 810 5050 eo
826 4988 974 5062 verticali,
998 4989 1048 5070 qui
1070 4998 1213 5070 punctum
1237 4997 1320 5051 ortus
1336 4988 1419 5052 Solis
1435 4986 1494 5050 diei
1512 4978 1595 5067 7117.
