3692 5842
265 1317 751 1394 ILLUSTRISSIMO
793 1319 867 1392 ET
902 1317 1464 1394 REVERENDI'SSIMO
1571 1423 1574 1428 Ι

725 1479 854 1540 Domino
878 1481 1006 1541 Domino

579 1613 837 1716 murano
879 1581 1164 1716 nmnrons'

383 1848 388 1866 Ι
434 1776 704 1842 SERENISSIMI
728 1779 869 1844 MAGNI
893 1779 1140 1841 HETRURIAE
1164 1778 1291 1841 DUOIS

672 1923 764 2001 Apud
795 1921 848 1985 δ”·
881 1921 936 1984 Cffi·
966 1922 1050 1983 Mna.

768 2039 956 2137 tullum,

603 2168 737 2219 Domino
764 2183 830 2218 meo
859 2166 1117 2217 Colendissimo.

274 2324 482 2412 illustrissime
505 2326 647 2404 Domine,
672 2327 843 2409 Epistolam
865 2328 943 2388 hanc
971 2346 1068 2387 meam
1098 2329 1137 2389 ad
1162 2326 1331 2392 Galilaeum
1357 2328 1538 2407 Galilaeum,

225 2414 392 2476 ofessorem
412 2414 657 2479 mathematicum
676 2418 705 2478 in
725 2415 920 2478 celeberrima
938 2416 1093 2477 academia
1111 2418 1262 2480 Patavina
1283 2419 1320 2480 de
1339 2419 1456 2482 Nnucio
1476 2421 1540 2500 ejus

224 2503 312 2565 deren
335 2504 535 2583 perscriptam
559 2507 674 2585 etjam
698 2506 778 2588 typis
813 2505 1014 2584 descriptam,
1049 2507 1096 2568 oni
1125 2508 1226 2586 potins
1249 2508 1424 2583 inscribam,
1450 2528 1540 2590 qnam

224 2597 251 2628 ⁸⁹
277 2590 315 2653 D¹
355 2593 408 2653 T¹⁰
438 2613 496 2654 non
529 2595 659 2657 invenio.
707 2596 752 2656 Tu
784 2594 862 2656 euim
896 2595 1067 2656 exorandae
1100 2595 1181 2657 illins
1213 2604 1319 2658 auctor
1352 2596 1422 2659 mihi
1456 2597 1539 2660 suisti

224 2681 311 2743 imum
335 2683 513 2744 transmisso
538 2684 576 2745 ad
600 2703 647 2745 me
663 2685 718 2746 VI.
739 2684 783 2746 Id.
800 2683 915 2764 Aprilis
937 2702 991 2762 per
1015 2683 1160 2746 Thomam
1184 2684 1350 2764 Segetlmm
1374 2687 1538 2766 exemplari

224 2770 294 2832 mcii
317 2769 450 2846 Siderei,
484 2779 515 2833 et
545 2773 592 2834 die
616 2774 690 2835 mihi
719 2772 799 2834 dioto
833 2772 871 2833 ad
895 2772 980 2844 idus,
1014 2791 1071 2851 quo
1095 2774 1137 2834 Tc
1162 2775 1367 2836 convenirem:
1404 2782 1475 2854 post
1506 2784 1542 2839 nt

224 2860 350 2938 mparni,
376 2861 531 2939 praelecta
553 2863 626 2924 mihi
649 2882 687 2924 cx
710 2862 806 2923 literis
830 2861 869 2921 ad
893 2862 935 2920 Te
962 2860 1092 2924 Galilaei
1116 2864 1320 2942 postulatione
1345 2874 1456 2945 tuaque
1480 2865 1538 2927 ad-

224 2959 293 3010 ucta
315 2948 543 3011 cohortatione:
582 2970 640 3030 qna
663 2960 807 3030 percepta
838 2958 870 3010 et
901 2950 1022 3029 promisi
1049 2971 1094 3012 me
1120 2953 1199 3014 iutra
1221 2953 1318 3028 diem,
1352 2972 1408 3033 qno
1439 2955 1540 3016 solent

226 3036 269 3100 ire
293 3056 450 3112 cursores,
477 3049 667 3102 exaratnrnm
692 3039 804 3119 aliquid
837 3048 868 3099 et
899 3039 1051 3118 praestiti.
1099 3039 1161 3101 Sed
1194 3050 1225 3103 et
1252 3061 1345 3121 nuper
1378 3043 1537 3105 admodum

227 3144 285 3199 me,
310 3146 376 3188 cum
401 3126 519 3188 obvium
543 3129 718 3201 habuisses,
744 3127 904 3206 diligenter
928 3127 1058 3206 petiisti,
1084 3137 1118 3190 ut
1141 3132 1308 3210 exemplum
1333 3131 1480 3210 epistolae
1513 3131 1540 3193 si

225 3215 266 3276 od
289 3215 480 3278 retinuissem
496 3216 563 3278 Tibi
578 3218 770 3279 concederem
787 3215 963 3295 legendum:
987 3216 1084 3295 ipsam
1101 3218 1210 3297 quippe
1234 3220 1402 3297 epistolam,
1428 3239 1536 3301 quam·

224 3323 231 3365 i
263 3313 402 3384 apertam
435 3304 655 3374 exhibuissem.
688 3326 742 3385 per
765 3304 978 3383 occupationes
1002 3305 1082 3366 illius
1107 3305 1165 3365 diei
1185 3309 1538 3387 nonpotuissecoguos-

224 3410 271 3455 re:
296 3394 376 3472 quod
400 3412 515 3455 rursum
539 3395 662 3474 promisi
685 3414 731 3456 me
756 3396 902 3454 facturum
927 3391 1053 3471 primum
1078 3401 1169 3473 atque
1193 3395 1385 3457 admondum
1401 3396 1538 3475 descrip-

224 3500 305 3543 mem.
354 3480 488 3563 Concepi
512 3492 611 3545 antem
635 3486 718 3546 illam
741 3482 825 3544 initio
848 3481 964 3559 etjam
989 3482 1069 3562 typis
1103 3483 1239 3562 expressi
1270 3492 1354 3545 tanto
1386 3484 1536 3559 libentius,

224 3571 267 3632 od
292 3577 324 3632 et
346 3567 522 3647 Galilaeus,
557 3572 596 3633 ad
620 3593 706 3653 quem
729 3573 783 3633 illa
806 3569 1033 3650 destinabatur,
1068 3571 1313 3633 Mediceorum
1336 3572 1430 3634 cliens
1455 3581 1539 3635 esset

243 3658 408 3722 Medicei
439 3660 583 3740 principis
607 3663 712 3741 Magni
734 3659 895 3722 Hetruriac
920 3658 1013 3719 Ducis
1036 3659 1186 3739 Legatos,
1212 3659 1276 3739 ipse
1299 3679 1414 3741 quoqne
1447 3669 1538 3742 gente

229 3747 386 3809 edicens
410 3747 467 3810 hoc
491 3770 510 3810 a
532 3770 580 3811 me
611 3759 748 3830 peteret;
786 3758 817 3810 et
850 3747 976 3827 deniqne
1007 3749 1153 3822 materia,
1190 3750 1226 3810 de
1259 3769 1319 3830 qua
1350 3750 1539 3814 scribendum

224 3845 274 3911 at,
311 3844 395 3898 esset
422 3829 586 3917 ejusmodi,
619 3859 677 3920 qua
701 3837 861 3919 (siquidem
885 3855 960 3898 vera
982 3838 1187 3920 traderentur)
1211 3837 1378 3902 Medicei
1411 3839 1539 3904 nominis

224 3942 284 3988 uos
309 3925 442 3987 auctoris
466 3928 591 3989 consilio
615 3927 923 4008 comprehenderetur.

279 4015 391 4095 Accipe
415 4014 507 4095 igitur
529 4018 693 4079 lllustriss⁸
724 4017 766 4077 Ι)ο
799 4034 836 4076 ex
858 4014 979 4093 privata
1004 4023 1036 4076 et
1060 4013 1193 4077 Galilaei
1225 4017 1349 4097 propria
1386 4016 1539 4097 publicam

224 4103 393 4183 scriptione
418 4104 546 4180 factam,
581 4107 702 4185 publica
730 4103 879 4166 dicatione
899 4104 963 4182 jam
988 4104 1101 4165 Tuam:
1140 4123 1234 4184 enque
1267 4106 1324 4167 hac
1348 4106 1538 4168 dedicatione
1626 4137 1629 4142 ·

224 4191 321 4254 udinm
344 4211 444 4255 meum
465 4194 495 4255 in
519 4195 648 4256 veritate
673 4203 712 4269 et,
739 4193 816 4273 qnod
849 4192 906 4253 hac
930 4192 997 4253 sola
1019 4193 1133 4261 nititur,
1157 4193 1318 4254 Medicei
1350 4194 1537 4272 principatus
1585 4258 1588 4262 ,

225 4298 296 4344 cure
337 4289 410 4362 post
434 4279 607 4345 Galilaenm
640 4292 794 4345 auctorem
818 4282 981 4342 asserendo
1006 4300 1169 4360 cognosce3
1207 4300 1361 4362 meumque
1394 4300 1467 4360 erga
1489 4282 1537 4344 Ill.

224 4369 280 4432 .Τ.
304 4371 435 4432 animum
458 4372 498 4433 ad
522 4372 666 4453 obsequia
688 4370 913 4451 paratissimum
932 4371 1069 4433 aestima.
1107 4369 1243 4450 Denique
1257 4389 1305 4431 me
1319 4370 1399 4432 inter
1413 4369 1539 4432 clientes

224 4475 255 4520 co
286 4477 419 4523 numera.
466 4460 557 4524 Vale.
584 4461 623 4523 V.
657 4463 735 4525 Non.
760 4460 873 4539 Majas.
920 4460 1010 4521 Anno
1039 4457 1155 4520 Christi
1187 4458 1308 4521 Domini
1330 4456 1463 4522 MDOX.

776 4583 824 4645 Ill.
848 4583 886 4645 D.
912 4581 948 4644 Τ.

685 4707 724 4769 ad
747 4704 891 4786 obsequia
913 4706 1042 4768 devotus

1065 4828 1209 4892 Jounnee
1229 4827 1398 4910 Kepleme,

1022 4914 1055 4980 S.
1080 4917 1116 4980 Ο.
1139 4918 1185 4980 Μ.
1209 4918 1452 4981 Mathematicus.
