3692 5842
699 443 704 454 '
796 462 970 513 xrn-xxu.
1305 531 1309 537 ,
1494 461 1555 529 531

290 637 394 699 XVII.
446 638 668 717 Propositio.
726 638 797 699 Sole
831 641 944 716 prisma
977 641 1141 702 irradiante
1172 642 1233 703 tria
1264 662 1377 719 genera
1409 642 1559 704 radiorum

206 726 362 799 resultant,
386 726 529 800 sincerus
557 728 625 789 ritri
652 729 760 802 colore,
786 737 816 788 et
842 730 923 789 iridis
949 730 1108 791 coloribus.

291 814 341 877 Sit
364 816 443 877 enirn
466 826 533 888 (rig.
553 823 581 885 6)
607 820 632 877 F
655 816 718 877 Sol.
768 818 797 877 Is
830 818 928 878 radiet
957 818 984 878 in
1014 820 1051 879 D.
1097 819 1155 880 llic
1189 819 1274 897 quasi
1308 819 1450 882 dividitur
1479 819 1560 888 ‚radii

206 902 319 967 Solaris
351 905 500 977 densitas,
536 925 611 985 quae
645 905 766 966 minima
789 907 835 967 sni
864 916 950 986 parte
983 908 1181 986 repercutitur
1205 908 1235 968 in
1260 909 1319 978 DI,
1350 909 1459 985 angulo
1482 910 1559 971 ADI

206 993 321 1074 aequali
345 993 403 1072 ipsi
426 994 524 1068 BDF,
556 1015 612 1073 quo
643 994 785 1055 illabitur.
834 995 989 1057 Sincerurn
1017 997 1109 1074 igitur
1137 998 1253 1058 radium
1282 1000 1336 1059 sed
1366 1008 1485 1060 tenuem
1508 1017 1562 1077 per

206 1083 245 1144 DI
267 1083 369 1144 vibrat
392 1083 420 1143 in
445 1084 468 1143 I.
516 1083 658 1145 SIneerus
683 1091 747 1155 est,
773 1085 842 1164 quia
865 1085 894 1144 iu
920 1085 998 1145 vitro
1031 1087 1142 1146 tinctus
1167 1105 1223 1146 non
1249 1096 1312 1160 est,
1342 1087 1427 1165 cujus
1452 1105 1560 1166 corpus

206 1190 262 1233 non
288 1171 462 1251 ingreditur.
1506 1181 1511 1189 ·

290 1261 395 1322 Potior
428 1269 528 1320 autem
559 1279 629 1338 pars
660 1260 696 1320 de
728 1261 879 1321 densitate
910 1262 1004 1338 Ipsius
1034 1260 1087 1320 FD
1111 1269 1252 1339 penetrat
1275 1263 1302 1323 D
1328 1274 1359 1325 et
1387 1263 1561 1342 refringitur

206 1349 232 1410 in
255 1348 321 1410 DE.
370 1351 404 1410 In
428 1349 454 1409 Ε
479 1367 549 1409 vero
573 1369 688 1410 rursum
719 1349 862 1411 dividitur
889 1350 1006 1410 ratione
1036 1350 1207 1413 densitatis.
1254 1352 1359 1413 Potior
1388 1352 1464 1413 enirn
1489 1371 1560 1430 pars

206 1438 349 1500 transitE
362 1447 393 1498 et
406 1446 529 1517 propter
544 1439 695 1516 geminam
713 1457 850 1515 magnam
869 1439 1204 1502 retractionemcolores
1220 1440 1303 1501 iridis
1315 1440 1507 1520 jaculaturIn
1520 1439 1559 1501 G.

291 1527 456 1588 Residuum
487 1527 580 1605 ipsius
605 1527 660 1587 DE
689 1534 778 1587 tenue
808 1529 967 1589 admodum
997 1530 1194 1606 repercutitur
1223 1550 1241 1589 a
1269 1531 1424 1608 superficie
1448 1527 1505 1591 AO
1531 1530 1558 1589 in

206 1613 283 1687 ΕΜ;
316 1616 421 1694 quodsi
446 1615 501 1675 DE
534 1617 623 1694 paulo
657 1615 803 1693 obliquius
833 1618 860 1677 in
891 1618 948 1677 AF.
978 1617 1099 1690 incidit,
1134 1618 1281 1697 obliquius
1316 1619 1406 1697 Igitur
1439 1620 1468 1679 iu
1501 1618 1561 1679 EM

206 1704 378 1783 refringitur
411 1724 499 1783 quam
529 1705 587 1765 liic.
634 1704 714 1764 Nam
737 1705 762 1763 si
796 1707 911 1766 minuas
936 1705 1039 1779 ΒΕΑ,
1072 1707 1130 1767 erit
1152 1716 1184 1768 et
1211 1707 1386 1768 minuendus
1411 1704 1498 1768 MEO
1524 1727 1560 1766 ex

206 1792 271 1870 lege
296 1812 500 1871 repercussus.
538 1793 580 1854 Et
604 1793 646 1852 sic
671 1793 796 1872 denique
822 1795 881 1854 llll
907 1796 935 1854 in
961 1793 1014 1855 BC
1040 1803 1139 1855 rectus
1165 1795 1285 1867 incidet,
1310 1797 1410 1875 itaque
1436 1795 1507 1856 nihil
1532 1796 1560 1856 ln

206 1881 234 1942 ll
260 1882 453 1959 ret'ringetur.
502 1880 576 1943 Cum
606 1888 706 1942 autern
732 1884 784 1942 Fl)
815 1884 868 1942 lroc
897 1892 987 1961 paeto
1019 1884 1063 1943 bis
1098 1884 1311 1961 pertransierit
1339 1904 1446 1963 corpus
1480 1885 1560 1956 vitri,

206 1969 316 2049 quippe
341 1972 432 2031 semel
458 1972 487 2031 in
503 1972 567 2043 blo,
593 1971 701 2031 iterum
726 1972 753 2030 in
770 1971 838 2044 ΕΜ,
866 1974 968 2032 exiens
993 1981 1077 2033 reeta
1101 1991 1152 2050 per
1171 1973 1203 2032 Μ
1229 1973 1343 2034 radium
1368 1974 1437 2034 ritri
1461 1974 1561 2034 colore

206 2057 356 2136 jaculatur
380 2060 408 2120 in
423 2061 461 2132 K,
487 2060 598 2121 rectius
623 2069 723 2119 tauron
749 2081 764 2120 e
789 2062 910 2138 regione
936 2063 1028 2139 ipsius
1044 2062 1081 2122 A.
1120 2062 1199 2121 Nam
1225 2064 1365 2125 docemur
1386 2083 1422 2124 ex
1442 2062 1561 2142 optieis,

206 2147 308 2207 radios
332 2148 446 2208 lucidos
471 2150 547 2227 tingi
573 2150 598 2208 in
625 2148 730 2209 mediis
755 2150 907 2210 coloratis.

293 2237 414 2299 XVIII.
452 2238 679 2316 Propositic.
719 2236 751 2299 Si
777 2239 944 2318 crystallini
969 2239 1014 2297 vel
1040 2237 1126 2298 vitrei
1152 2239 1285 2314 corporis
1310 2238 1438 2315 angulus
1462 2242 1562 2297 rectus

206 2324 308 2397 luerit,
335 2327 385 2386 ille
410 2326 488 2387 inter
518 2328 634 2389 oculum
659 2337 690 2385 et
714 2328 830 2386 risibile
859 2328 976 2406 positus
1005 2347 1063 2387 non
1092 2328 1282 2387 transmittet
1310 2328 1411 2387 radi0s
1434 2324 1563 2386 risibilis

206 2415 241 2475 ed
266 2416 402 2486 oculum,
432 2417 485 2476 sed
511 2415 682 2498 superficies
716 2416 851 2496 crystalli
877 2424 982 2475 contra
1015 2415 1132 2476 risibile
1156 2417 1256 2496 posita
1288 2415 1443 2494 putabitur
1467 2432 1563 2492 opaca

206 2510 232 2564 et
256 2504 394 2565 colorata
418 2505 517 2564 colore
542 2505 685 2581 corporis.

295 2591 346 2653 Sit
369 2593 701 2665 euirrr(FIg.l)1·nclirrs
727 2591 783 2653 Cn
807 2593 886 2652 intra
910 2613 1026 2672 corpus,
1052 2593 1077 2652 is
1103 2600 1155 2653 aut
1178 2591 1345 2671 aequaliter
1369 2590 1563 2652 inclinabitur

206 2700 296 2761 super
320 2683 492 2759 superficies
517 2681 578 2755 FC,
600 2683 663 2752 ΡΛ,
690 2691 743 2743 aut
766 2682 975 2760 inaequaliter.
1014 2681 1047 2742 Si
1066 2681 1242 2760 aequaliter,
1267 2681 1334 2759 plus
1358 2680 1449 2758 igitur
1473 2699 1561 2759 quarn

206 2765 264 2832 12⁰
287 2771 489 2844 inclinabitur,
517 2771 624 2850 quippe
645 2767 715 2842 215⁰,
741 2791 798 2830 non
823 2772 914 2849 igitur
938 2771 1080 2831 transibit
1103 2772 1148 2830 rol
1174 2790 1262 2829 unam
1285 2770 1334 2830 rel
1358 2770 1485 2830 alteram
1508 2786 1562 2846 per

206 2857 278 2920 XIII
290 2879 299 2934 ;
326 2861 432 2939 quodsi
457 2861 669 2938 inaequaliter,
695 2861 933 2920 demonstratum
958 2871 1004 2919 cst
1028 2878 1110 2937 prop.
1136 2860 1225 2919 XIII.
1251 2860 1329 2937 equod
1349 2878 1438 2918 unam
1462 2877 1562 2918 earum

206 2966 260 3008 aon
288 2959 435 3009 transeat.
482 2950 550 3009 lton
576 2950 687 3010 transit
718 2950 808 3025 Igitur
839 2951 916 3009 ullus
941 2949 1041 3009 radius
1071 2949 1158 3009 simul
1188 2957 1343 3026 utramque
1377 2948 1564 3026 superficiem

206 3038 278 3098 recti
304 3039 406 3115 anguli
431 3039 598 3119 crystallini
621 3039 764 3116 corporis.

291 3127 379 3187 XIX.
427 3127 581 3187 Axionra
612 3126 791 3205 Opticum.
831 3127 931 3186 Locus
956 3126 998 3186 rei
1030 3126 1208 3186 aestimatur
1232 3145 1269 3185 ex
1293 3126 1394 3204 plaga,
1420 3124 1448 3185 in
1473 3144 1562 3203 quam

206 3215 333 3277 risorius
357 3217 459 3276 radius
485 3236 521 3275 ex
546 3218 631 3277 oculo
655 3217 780 3293 primunr
806 3217 885 3288 exit,
917 3215 1055 3293 quicquid
1081 3215 1146 3292 jam
1171 3215 1200 3274 in
1225 3215 1322 3273 medio
1351 3214 1459 3274 itinere
1484 3215 1561 3275 inter

206 3323 263 3365 rem
288 3312 320 3364 et
344 3305 460 3364 oculum
486 3305 513 3364 in
539 3306 595 3365 hac
623 3306 715 3383 plaga
738 3325 792 3383 per
815 3304 1028 3365 retractionem
1056 3304 1132 3363 radii
1162 3311 1300 3364 mutetur.
1350 3303 1431 3372 Quia
1459 3302 1562 3382 nequit

206 3394 305 3455 ›culus
328 3394 492 3472 percipere,
518 3394 587 3471 quid
612 3395 703 3454 radiis
727 3412 781 3471 per
805 3412 961 3455 occursum
986 3392 1148 3452 mediorum
1173 3399 1260 3451 extra
1284 3411 1317 3450 se
1342 3391 1479 3451 accidat:
1505 3392 1559 3451 sed

206 3490 292 3562 ⁸tutat
316 3482 384 3542 illos
408 3502 533 3560 pergere
558 3484 587 3542 in
612 3484 738 3543 eandem
762 3502 879 3560 semper
904 3483 1024 3559 plagam
1048 3481 1091 3541 uti
1117 3488 1287 3558 coeperant.

289 3570 364 3632 XX.
388 3571 614 3650 I’ropositio.
652 3572 814 3632 I'risrnatis
830 3574 939 3648 angulo
959 3570 1075 3647 supino,
1101 3589 1175 3648 quae
1196 3578 1267 3628 sunt
1286 3575 1400 3641 contra,
1422 3568 1561 3628 videntur

206 3679 306 3740 supra,
330 3678 424 3737 prono
449 3660 535 3734 iufra,
562 3662 667 3721 dextro
693 3662 810 3730 dextra,
834 3662 956 3721 sinistro
981 3659 1113 3720 sinistra.

291 3749 476 3810 Resumatur
498 3750 581 3828 prior
604 3750 764 3810 delineatio
790 3747 819 3812 o.
845 3759 877 3810 et
900 3757 966 3810 esto
991 3748 1114 3827 supinus
1134 3746 1171 3818 A,
1198 3746 1299 3806 oculus
1319 3746 1354 3807 F.
1401 3744 1482 3822 Ergo
1506 3745 1562 3805 FD

206 3839 298 3900 t'ertur
323 3838 351 3898 in
375 3838 445 3911 DE,
477 3847 507 3899 et
532 3838 560 3899 in
584 3839 612 3898 D
637 3837 697 3900 20⁰
726 3842 793 3917 (per
822 3840 914 3912 XV.)
945 3838 1076 3899 declinat
1100 3858 1118 3895 a
1145 3836 1196 3895 ria
1228 3834 1295 3896 DD.
1343 3833 1481 3912 Amplius
1505 3832 1561 3893 DE

206 3929 301 3990 ss'ertur
333 3927 363 3987 in
396 3926 463 4001 EG,
495 3947 548 4007 per
582 3929 657 3988 alios
681 3925 742 3991 20⁰
772 3930 926 3989 declinans
951 3950 968 3987 a
995 3928 1046 3987 ria
1078 3927 1134 3986 DE
1166 3933 1198 3985 et
1227 3925 1270 3985 sic
1303 3943 1356 4003 per
1388 3920 1449 3985 40θ
1472 3944 1491 3984 a
1513 3921 1563 3983 ria

206 4017 311 4080 FDII:
346 4016 423 4096 quod
449 4025 494 4077 est
519 4037 594 4095 pene
627 4017 761 4079 serrrissis
793 4020 893 4095 auguli
917 4017 1002 4078 recti.
1051 4014 1125 4076 Cum
1156 4024 1257 4075 tamen
1282 4014 1383 4074 oculus
1407 4014 1451 4088 F,
1486 4032 1561 4093 qnae

206 4115 273 4168 tunt
298 4105 326 4166 iu
354 4104 383 4165 G
407 4105 493 4178 infra,
517 4116 605 4184 putet
629 4126 661 4166 se
686 4108 785 4168 ridere
811 4108 840 4166 in
862 4109 889 4167 II
916 4125 1008 4183 supra
1030 4124 1084 4183 per
1107 4104 1194 4165 XIX.

346 4247 533 4308 Hactenus
558 4249 599 4307 de
624 4249 735 4327 plano
760 4249 968 4328 crystallo:
995 4267 1086 4308 nnnc
1111 4247 1152 4306 de
1178 4243 1415 4305 currilineis:

712 4336 865 4397 Primum
889 4338 932 4397 de
957 4338 1048 4398 luce.

290 4457 378 4521 XXI.
426 4459 622 4521 Definitio.
670 4462 772 4521 Motus
806 4459 880 4521 lucis
910 4461 948 4520 ad
979 4460 1076 4520 locum
1108 4457 1290 4536 exprimatur
1318 4473 1391 4514 voce
1422 4473 1557 4533 vergere.

206 4547 394 4627 lonvergere
426 4549 563 4609 dicuntur
595 4550 688 4622 radii,
723 4551 841 4629 quando
874 4549 1092 4628 progrediendo
1117 4568 1135 4606 a
1164 4547 1246 4606 fonte
1280 4551 1391 4605 coeunt
1422 4543 1557 4604 intense

206 4637 300 4717 uagis
320 4644 352 4698 et
366 4639 473 4717 magis.
511 4638 686 4717 Dirergere,
712 4640 830 4717 quando
849 4659 868 4698 a
890 4640 972 4699 fonte
991 4635 1210 4716 progrediendo
1235 4632 1442 4711 digrediuntur
1462 4633 1557 4711 magis

206 4735 233 4790 et
256 4725 355 4805 magis
380 4747 399 4788 a
423 4746 455 4789 se
478 4727 615 4787 Invicem.
664 4730 768 4806 ltaque
793 4727 841 4806 qui
865 4735 1059 4806 convergunt,
1084 4725 1105 4786 ii
1129 4732 1200 4807 post
1223 4741 1398 4784 concursum
1422 4721 1556 4783 sectione

206 4817 287 4879 iacta
310 4833 399 4895 porro
424 4816 593 4894 dirergunt.

290 4904 395 4968 XXII.
440 4904 639 4967 Definitio.
684 4904 802 4965 Puncta
826 4903 980 4965 radiantia
1008 4902 1169 4982 longinqua
1193 4901 1240 4961 rel
1265 4907 1381 4961 remota
1410 4899 1559 4967 dicuntur,

206 5011 279 5076 luce
303 5000 390 5056 tanto
423 4995 534 5057 absunt
564 4994 742 5068 intervallo,
775 5001 810 5055 ut
830 4994 963 5073 pupillae
994 4992 1072 5053 oculi
1104 4990 1250 5052 diameter
1273 4990 1312 5050 ad
1340 4988 1414 5050 illud
1447 4987 1561 5050 collata

1286 5091 1346 5144 ³4*
