3692 5842
776 443 1051 523 urxxvm-xcrv.

379 699 567 762 Hactenus
591 701 633 761 de
662 701 824 762 lentibus
854 702 1046 764 convexis:
1076 700 1244 783 sequitur
1268 703 1309 763 ds
1333 699 1449 762 cavis.

326 839 396 902 ΧΟ.
444 841 666 920 Propositio.
713 841 802 904 Radii
828 844 864 904 ab
890 863 947 904 uno
971 845 1089 906 lucente
1118 853 1228 925 puncto
1256 842 1395 924 paralleli
1420 842 1468 901 vel
1492 840 1594 905 direr-

233 935 346 1008 gentes
371 930 396 990 si
421 928 531 991 luerint
554 929 680 1008 ingressi
706 929 734 990 in
759 951 864 993 caram
889 931 1037 992 densioris
1061 934 1249 1012 superficiem
1269 930 1430 1011 (siquidem
1454 939 1595 1008 punctum

235 1017 342 1080 lucens
366 1025 454 1080 extra
477 1027 610 1080 centrum
635 1020 800 1097 superliciei
826 1020 940 1093 fierit),
966 1021 1126 1100 direrguut
1147 1022 1215 1099 plus
1239 1039 1422 1100 percorpus
1446 1019 1541 1081 densi.

328 1105 377 1168 Ex
409 1109 437 1168 A
470 1108 581 1168 lucenti
613 1117 724 1187 puncto
759 1110 945 1169 descendunt
978 1109 1052 1170 radii
1086 1110 1279 1188 divergeutes
1307 1109 1380 1180 AB,
1402 1105 1458 1168 ΑΟ
1489 1107 1519 1168 in
1543 1105 1596 1168 ΒΟ

237 1213 348 1258 ceram
372 1195 519 1257 densioris
544 1196 738 1274 superficiem,
764 1197 848 1276 cujus
864 1206 999 1258 centrum
1016 1199 1099 1259 sitD
1119 1199 1201 1259 intra
1356 1266 1370 1283 ..

237 1283 427 1364 complexum
460 1283 532 1352 ΑΒ,
566 1283 633 1346 ΛΟ.
686 1285 761 1346 Dico
793 1286 865 1359 AB,
897 1285 955 1347 Ac
989 1287 1200 1348 refractionem
1344 1267 1397 1331 urg.
1420 1262 1460 1312 19.

237 1389 349 1452 pessos
364 1371 394 1432 in
408 1373 444 1440 B,
461 1371 495 1446 Ο,
522 1373 693 1435 diversuros
709 1374 836 1454 amplius
852 1375 931 1435 infra
944 1373 1009 1437 Bc.
1043 1376 1198 1436 Ducentur
1384 1405 1407 1452 A

238 1461 322 1522 euim
345 1480 382 1520 ex
405 1461 433 1522 D
457 1470 561 1522 centro
584 1463 847 1542 perpendiculares
872 1465 900 1523 in
926 1464 1114 1542 superficiem
1129 1465 1195 1538 DB,

239 1547 296 1612 DC
322 1557 354 1610 et
376 1549 586 1611 continuentur
609 1551 802 1630 aliquousque
827 1553 855 1612 in
874 1551 911 1624 E,
929 1553 962 1627 F,
987 1554 1197 1613 continuentur

239 1647 273 1698 et
296 1637 364 1714 AB,
379 1637 436 1700 Ac
460 1637 488 1698 in
514 1637 552 1711 G,
570 1639 608 1700 ll.
648 1639 722 1701 Cum
748 1659 818 1720 ergo
843 1641 899 1700 AB
924 1640 1084 1703 inclinetur
1107 1659 1197 1719 super

240 1725 389 1788 densioris
416 1727 615 1806 superficiem,
645 1729 826 1808 refringetur
850 1729 879 1789 in
903 1730 928 1789 B
953 1737 984 1790 et
1008 1731 1155 1791 refractus
1179 1749 1198 1789 a

240 1811 300 1878 BG
326 1815 490 1876 declinabit
513 1835 618 1877 versus
643 1817 695 1876 BE
719 1818 995 1897 perpendicularem
1018 1839 1073 1897 per
1091 1819 1131 1882 Il.
1157 1818 1198 1878 sit

240 1903 307 1966 BL.
356 1902 502 1966 Similiter
526 1915 556 1966 et
587 1903 643 1968 ΛΟ
677 1907 856 1985 rel'riugetur
879 1907 908 1967 in
933 1905 958 1967 Ο
987 1915 1019 1968 et
1050 1909 1197 1969 refractus

241 2013 261 2054 s
285 1989 343 2054 cn
367 2011 471 2054 uersus
496 1993 549 2054 CI*
570 1995 847 2073 perpendicularem
877 1995 1059 2068 declinabit,
1093 2005 1126 2057 ut
1157 1994 1199 2055 sit

241 2079 313 2144 ΟΜ.
347 2079 409 2144 Sed
433 2081 527 2156 DBE,
552 2080 635 2144 Dor
658 2084 724 2162 plus
749 2084 916 2162 diverguut,
942 2086 1013 2164 quia
1031 2105 1050 2144 a
1068 2085 1197 2164 propiori

241 2179 355 2252 puncto
379 2189 468 2250 quarn
492 2167 562 2245 AG,
588 2173 647 2232 All
672 2193 690 2232 a
713 2173 863 2233 remotiori
895 2192 949 2250 per
981 2167 1087 2235 endem
1110 2175 1147 2246 B,
1173 2172 1198 2234 Ο

242 2269 357 2342 puncta
381 2259 527 2332 traducti,
552 2269 583 2320 et
605 2261 670 2332 BL,
695 2258 754 2323 ΟΜ
778 2261 816 2321 ad
840 2281 892 2323 eos
916 2262 983 2340 plus
1007 2262 1198 2341 divergentes

243 2349 409 2422 accedunt,
435 2369 453 2409 a
476 2346 544 2424 BG,
571 2346 627 2410 CII
657 2351 754 2412 minus
787 2351 1012 2429 divergentibus
1043 2352 1198 2424 recedunt,

241 2439 313 2520 plus
346 2437 437 2516 igitur
469 2437 628 2516 dirergunt
660 2459 748 2518 quam
785 2438 857 2512 AB,
888 2437 964 2513 ΛΟ,
1000 2439 1088 2520 idque
1121 2441 1200 2500 iutra

242 2545 355 2606 corpus
379 2525 513 2588 densum.

334 2613 421 2678 XCI.
459 2612 682 2694 Propositio.
729 2613 762 2676 Si
785 2623 928 2696 punctum
952 2615 1055 2677 lucens
1077 2618 1200 2697 propius

244 2703 337 2766 fuerit
361 2703 433 2765 lenti
464 2713 567 2764 centro
598 2703 759 2778 caritatis,
795 2705 987 2782 divergentes
1020 2705 1200 2769 refractione

245 2795 331 2856 fecta
355 2793 452 2855 miuus
476 2792 634 2871 divergent
656 2793 736 2854 iutra
760 2813 867 2873 corpus
891 2794 1026 2856 densum.

335 2879 385 2943 Sit
417 2880 493 2945 enim
521 2882 584 2961 jam
616 2881 646 2942 A
666 2888 812 2944 'centrum
844 2881 966 2954 circuli,
999 2883 1027 2944 D
1060 2893 1202 2963 punctum
1223 2933 1252 2973 J
1542 2917 1547 2926 ·

244 2971 379 3034 radians.
427 2969 525 3031 Erunt
555 2971 645 3050 igitur
676 2969 777 3045 ABG,
805 2970 894 3032 ΛΟΜ
927 2973 1200 3051 perpendiculares,
1297 3014 1317 3068 ρ
1393 3011 1415 3050 1,
1493 3031 1519 3070 Ε
1559 2967 1564 2976 “

244 3069 278 3122 et
303 3059 367 3134 DB,
384 3057 439 3120 DC
464 3059 549 3132 radii,
574 3059 623 3138 qui
647 3079 714 3120 cum
739 3060 882 3120 deberent
905 3079 1030 3139 pergere
1054 3063 1132 3124 viam
1147 3063 1202 3124 BE

246 3159 279 3212 et
304 3147 368 3222 CF,
392 3148 595 3227 refringuntm·
626 3147 652 3207 iu
678 3149 714 3220 B,
740 3147 764 3208 Ο
800 3149 919 3229 punctis
944 3159 976 3210 et
1006 3152 1154 3212 accedunt
1181 3154 1220 3214 sd
1252 3146 1512 3232 perpendiculares
1535 3137 1603 3214 BG,

247 3235 315 3313 CII,
340 3239 473 3317 fiuntque
497 3237 560 3306 BL,
587 3235 656 3309 ΟΜ,
682 3237 731 3316 qui
756 3239 852 3298 minus
877 3237 1038 3318 direrguut
1061 3259 1149 3319 quam
1172 3241 1236 3316 BE,
1262 3239 1324 3302 CF.

337 3323 442 3388 xclr.
490 3325 713 3404 Propositio.
755 3327 962 3405 ¹llirergcntes
987 3329 1065 3388 iutra
1087 3349 1196 3407 corpus
1221 3329 1343 3390 densius
1371 3343 1476 3386 versus
1499 3339 1605 3384 cavum

247 3415 317 3496 ejus
340 3414 507 3488 terminum,
534 3433 569 3474 eo
595 3415 724 3475 transito
749 3415 909 3494 dirergunt
933 3415 1071 3493 arnplius.

338 3503 508 3582 Dirergant
530 3503 594 3576 BL,
621 3501 681 3564 ΟΜ
705 3522 808 3564 versus
834 3522 939 3565 carum
969 3504 1052 3564 densi
1083 3504 1241 3565 terminum
1266 3504 1336 3576 LM,
1361 3501 1445 3578 cujus
1468 3505 1604 3558 centrum

247 3593 282 3662 P.
308 3611 347 3654 ex
371 3610 427 3672 que
451 3591 712 3671 perpendiculares
736 3593 765 3654 in
791 3601 902 3672 puncta
926 3593 961 3667 L,
986 3592 1020 3652 M
1041 3593 1166 3654 ueniant
1188 3593 1252 3666 PL,
1275 3593 1344 3653 PM.
1390 3591 1431 3650 Et
1454 3587 1519 3662 BL,
1544 3585 1603 3648 ΟΜ

249 3681 456 3764 producantur
479 3680 508 3740 in
534 3679 572 3754 Q,
597 3679 636 3757 R,
660 3684 739 3742 ultra
763 3681 942 3743 incidentiae
967 3682 1001 3756 L,
1022 3681 1064 3741 Μ.
1103 3679 1184 3752 Quia
1206 3681 1298 3759 igitur
1322 3679 1397 3740 radii
1422 3677 1475 3738 BL
1495 3683 1527 3736 et
1546 3675 1606 3736 ΟΜ

250 3779 411 3834 versantes
435 3769 516 3830 iutra
540 3772 663 3832 densum
688 3771 805 3850 oblique
831 3770 966 3831 incidunt
985 3771 1012 3830 iu
1037 3771 1222 3851 superficiem
1242 3770 1303 3830 LM
1327 3767 1448 3832 rarioris
1473 3763 1605 3844 corporis

248 3861 285 3936 P,
311 3879 365 3922 seu
380 3857 459 3940 quod
478 3858 556 3919 idem
572 3866 621 3920 est
635 3859 663 3920 in
688 3860 845 3920 terminum
870 3859 954 3920 densi
971 3859 999 3919 in
1016 3879 1071 3940 quo
1088 3869 1166 3932 sunt,
1192 3859 1393 3937 refringentur
1415 3855 1606 3916 discedentes

251 3969 274 4012 s·
293 3945 592 4028 perpendicularibus
615 3948 678 4020 PL,
703 3948 762 4007 PM
786 3955 817 4008 et
840 3949 962 4010 refracti
987 3956 1074 4009 erunt
1097 3968 1153 4009 nou
1178 3945 1245 4022 Lo,
1266 3945 1339 4018 MR,
1364 3945 1418 4006 sed
1442 3943 1607 4007 exteriores

249 4057 306 4120 per
329 4037 370 4100 II.
417 4035 488 4098 Sint
511 4036 577 4112 Ln',
601 4037 674 4098 ΜΟ.
722 4037 762 4097 Et
793 4056 858 4100 curn
891 4035 986 4112 BLQ,
1013 4035 1104 4098 CMR
1136 4037 1303 4116 dirergaut,
1327 4034 1392 4108 LN,
1417 4031 1480 4094 ΜΟ
1504 4033 1604 4094 diver·

250 4135 326 4208 gent
349 4123 488 4204 amplius.

303 4281 309 4288 ,
341 4211 460 4278 XCIII.
507 4213 732 4292 Propositio.
788 4213 821 4274 Si
854 4212 932 4275 radii
964 4233 1018 4295 per
1049 4232 1156 4294 corpus
1190 4215 1313 4274 densum
1404 4210 1458 4275 rig.
1478 4205 1521 4257 ²⁰·

251 4303 435 4368 incesserint
457 4301 606 4382 paralleli,
632 4301 760 4364 transito
784 4320 858 4364 caro
881 4295 945 4382 ejus
969 4302 1096 4364 termino
1120 4303 1286 4383 divergent.
1377 4325 1389 4367 z
1537 4329 1554 4375 q

342 4391 413 4456 Sint
434 4389 574 4470 paralleli
598 4391 650 4467 βᾶ,
674 4413 716 4468 γε,
748 4410 849 4452 eorum
881 4411 939 4452 non
972 4392 1073 4470 plures
1098 4411 1155 4452 uno
1189 4397 1316 4470 possunt
1394 4437 1409 4477 Ι,

251 4501 322 4548 esse
338 4481 369 4542 in
384 4482 413 4560 β,
426 4503 441 4560 7
452 4479 724 4560 perpendiculares,
741 4481 845 4560 reliqui
865 4481 984 4562 oblique
999 4479 1099 4560 illapsi
1115 4479 1315 4559 refringentur
1401 4489 1406 4497 ·

252 4571 359 4636 esuis
387 4569 684 4650 perpendicularibus
708 4589 761 4648 per
784 4569 836 4640 Il.,
862 4588 933 4648 ergo
958 4568 1130 4648 dir'ergent,
1164 4577 1198 4630 ut
1220 4567 1312 4646 prius,
1398 4561 1409 4608 ὅ
1523 4571 1559 4648 ,ὓ

253 4663 336 4724 toras
362 4657 476 4738 egressi
499 4653 543 4734 βζ,
569 4679 609 4737 γη,
635 4665 672 4718 et·
689 4658 732 4718 sic
755 4676 809 4736 per
832 4658 960 4718 alterum
984 4677 1085 4718 earum
1108 4661 1135 4731 b,
1159 4679 1174 4716 e
1198 4655 1312 4734 egressi

254 4749 416 4828 divergent
438 4745 467 4808 in
492 4751 543 4822 oe,
568 4769 610 4808 ex.

344 4833 464 4900 XCIV.
501 4833 728 4913 Propositio.
774 4831 865 4893 Rodii
889 4833 1081 4913 divergentes
1103 4851 1210 4894 versos
1234 4831 1346 4894 lentem
1369 4850 1544 4912 quocunque
1569 4831 1608 4891 ad

255 4925 368 4990 lentem
392 4922 453 4986 situ
475 4923 579 5003 puncti
602 4921 758 4995 radiantis,
784 4920 809 4981 si
833 4921 899 4982 lens
917 4921 965 4984 vel
988 4923 1136 5002 utrimque
1155 4939 1231 4982 cara
1253 4925 1403 5000 utcunque
1426 4921 1474 4982 rel
1499 4919 1610 4981 sltirn-

255 5031 345 5076 secus
368 5013 461 5076 etiem
482 5011 576 5093 plens
599 5010 698 5080 luerit,
721 5009 852 5072 transite
875 5008 957 5072 lente
980 5029 1098 5091 semper
1120 5010 1280 5088 divergunt
1303 5007 1439 5089 emplius.

1565 2985 1572 3004 x

1568 3027 1581 3062 ll
