3692 5842
241 481 308 550 aaa
734 480 1104 545 naman-ops...

240 658 414 739 speculator
436 658 565 728 futurus,-
587 657 617 717 in
641 658 706 735 ejus
729 657 893 717 meditullio
918 673 980 718 ceu·
994 657 1025 716 in
1048 656 1152 718 clauso
1170 649 1514 740 >cubiculs''re·slderel;
1543 667 1599 731 quo

239 749 328 808 modo
360 747 400 806 ad
432 744 714 826 contemplationem
743 756 806 806 tarn
838 756 1021 807 remotorum
1054 743 1184 805 siderum
1215 751 1365 822 uunquam
1396 740 1599 821 pervenisset,

240 836 311 916 qnia
333 834 434 915 potius
458 835 488 894 in
512 834 567 894 hoc
591 834 774 913 amplissimo
799 835 949 906 aedilicio,
981 833 1183 895 translatione
1207 833 1305 892 anaba
1327 829 1474 916 Telluris,
1499 829 1600 890 domi·

241 924 302 986 cilii
326 923 380 998 sni,
406 922 653 984 oircurnambnlat
676 935 708 983 et
722 923 880 1003 spatiatur,
905 930 940 983 nt
954 921 1074 1004 singula
1091 921 1196 1004 domus
1218 915 1351 984 membra
1375 927 1463 980 tanto
1487 918 1602 979 rectius

239 1014 350 1077 intueri
375 1019 406 1073 et
429 1010 557 1073 dimetiri
580 1011 688 1092 possit.
736 1011 841 1073 Simile
866 1011 936 1093 quid
961 1030 1010 1073 ars
1033 1011 1219 1092 geometrica
1241 1010 1271 1072 in'
1292 1005 1486 1071 dimetiendis
1511 1006 1601 1068 rebus

241 1100 405 1164 inaccessis
429 1102 573 1163 imitatur.
619 1100 688 1163 Nisi
712 1101 790 1162 enirn
822 1119 942 1163 mensor
966 1100 1005 1162 ab
1029 1120 1088 1161 una
1120 1100 1253 1180 statione
1277 1095 1316 1160 ad
1339 1098 1432 1160 aliam
1461 1105 1602 1159 transeat

242 1189 274 1254 e't
297 1191 433 1270 utrinque
458 1188 600 1262 collimet,
625 1189 664 1251 ad
687 1210 857 1254 mensuram
880 1189 1047 1270 expetitam
1071 1190 1227 1269 peruenire
1249 1195 1446 1266 nonpotsst.

329 1280 366 1341 In
389 1279 504 1340 ratione
520 1279 692 1359 Tycbouica
714 1281 756 1342 sit
770 1282 801 1342 A
813 1280 917 1347 Terra.
941 1288 1077 1342 centrum
1089 1276 1145 1340 Bc
1168 1271 1251 1340 orbis
1270 1277 1352 1340 Solis
1366 1285 1397 1338 et
1412 1273 1470 1337 Dr
1484 1274 1601 1353 sphae-

243 1387 295 1432 rae
319 1369 452 1430 lixarum.
500 1365 592 1448 ¹Sidus
615 1367 656 1430 sit
679 1368 709 1430 in
734 1366 779 1440 G,
812 1377 845 1430 et
867 1368 1021 1447 proportlo
1045 1368 1137 1428 trium
1158 1366 1305 1427 linearum
1327 1366 1403 1437 BA,
1430 1361 1508 1435 AG,
1533 1360 1602 1433 Ali,

242 1456 403 1519 sensibilis.
438 1454 508 1517 Sint
525 1457 621 1535 primo
643 1456 674 1517 A
693 1457 797 1529 Terra,
821 1456 933 1531 osor,
958 1454 989 1517 G
1008 1456 1092 1517 sidus
1116 1456 1145 1516 in
1169 1456 1277 1516 eadem
1300 1465 1393 1526 recta,
1420 1453 1481 1514 erit
1492 1451 1601 1533 paral·

243 1546 320 1609 laxis
343 1547 433 1618 nulla,
459 1545 530 1624 quia
553 1541 611 1607 CG
635 1555 667 1605 et
688 1544 760 1620 AG,
786 1546 882 1606 lineae
906 1563 945 1606 ex
961 1544 1033 1607 Sole
1052 1554 1084 1605 et
1102 1543 1197 1606 Terra
1215 1544 1245 1605 in
1263 1544 1347 1605 sidus
1367 1543 1489 1614 ductae,
1516 1540 1600 1602 coin-

242 1634 354 1696 cident.
391 1632 441 1694 Sit
459 1633 525 1711 jam
549 1632 602 1694 Sol
626 1652 684 1694 non
707 1632 783 1696 inG
809 1635 861 1695 sed
886 1636 917 1695 in
941 1634 975 1708 B,
1001 1641 1033 1694 et
1056 1634 1137 1695 linea
1159 1634 1216 1695 AB
1239 1639 1389 1694 monstret
1411 1630 1442 1691 in
1456 1629 1488 1691 D
1503 1630 1600 1691 locum

245 1722 327 1786 Solis
351 1721 406 1783 sub
429 1722 504 1782 fiais.
550 1720 593 1783 Et
616 1724 686 1803 quia
708 1722 761 1784 Sol
785 1723 815 1784 in
838 1723 874 1797 B,
899 1723 930 1783 id
953 1730 1095 1802 punctum
1118 1729 1180 1798 est,
1211 1721 1251 1784 ad
1274 1721 1353 1802 qnod
1377 1717 1483 1802 Tycha
1508 1717 1603 1780 refert

244 1810 487 1873 eccentricitates
511 1819 543 1871 et
565 1829 702 1893 apogaea
724 1820 881 1892 motusque
900 1811 1053 1890 simplices
1068 1810 1183 1873 orbium
1201 1811 1401 1891 planetarum,
1428 1807 1603 1870 innotescet

246 1918 318 1980 ergo
352 1917 389 1960 ex
416 1900 615 1975 astronomia,
650 1908 779 1979 quantus
812 1900 853 1963 sit
886 1899 1126 1985 angulusDBG
1154 1902 1233 1962 inter
1256 1898 1366 1962 lineam
1388 1917 1427 1960 ex
1451 1895 1528 1960 Sole
1550 1914 1603 1976 per

245 1989 369 2051 Terram
392 1997 424 2048 et
448 1989 555 2050 lineam
581 2008 618 2049 ea
639 1988 711 2051 Sole
734 2008 788 2069 per
806 1991 905 2064 sidns;
930 1998 961 2051 et
980 1990 1018 2049 ad
1038 1989 1067 2050 id
1087 1990 1186 2070 ipsum
1205 1997 1386 2051 momentum
1409 2006 1465 2067 per
1486 1986 1601 2047 instru-

244 2085 348 2140 menta
379 2076 549 2139 innotescat
577 2078 604 2139 Ε
634 2078 717 2140 locus
749 2080 857 2141 sideris
881 2080 911 2140 G
935 2078 990 2139 sub
1023 2079 1109 2150 lixis,
1144 2079 1194 2159 qni
1225 2097 1264 2140 ex
1290 2075 1384 2138 'l'erra
1407 2078 1438 2138 A
1462 2082 1601 2155 apparet

245 2166 405 2230 habebitur
428 2184 499 2245 ergo
532 2186 620 2228 arcus
652 2168 729 2229 inter
753 2169 781 2229 D
806 2169 902 2230 locum
926 2167 1008 2229 Solis
1031 2177 1064 2228 et
1086 2168 1113 2229 E
1137 2168 1234 2230 locum
1265 2166 1374 2228 sideris
1406 2165 1526 2240 risum,
1555 2163 1602 2242 qui

247 2265 297 2319 est
329 2274 469 2318 mensura
500 2255 586 2317 ΒΑΕ
621 2254 732 2337 anguli.
778 2255 821 2317 Et
853 2258 923 2338 quia
946 2256 1100 2337 proportio
1123 2257 1182 2319 BA
1210 2256 1250 2318 ad
1274 2253 1334 2318 AG
1358 2263 1408 2316 est
1435 2252 1601 2324 sensibilis,

245 2343 272 2408 B
297 2362 368 2408 vero
392 2353 479 2405 extra
511 2344 621 2407 lineam
648 2343 725 2419 AG,
749 2345 970 2408 inclinabuntur
994 2346 1085 2426 igitur
1107 2341 1166 2408 BG
1197 2354 1228 2408 et
1250 2341 1313 2408 AG
1337 2345 1452 2416 lineae,
1487 2342 1602 2420 eritque

247 2433 373 2515 angulus
405 2431 494 2494 DBG
527 2433 661 2514 aequalis
694 2435 812 2513 angulis
843 2432 951 2509 BAG,
984 2431 1074 2498 AGB
1102 2435 1230 2514 junctis.
1276 2434 1326 2496 lta
1355 2431 1484 2494 scibitur
1515 2428 1604 2492 BGA

246 2519 427 2605 parallaxis,
461 2541 635 2603 mrsumque
660 2534 693 2585 ut
715 2523 797 2604 prius
821 2522 991 2587 innotescet
1014 2524 1168 2604 proportio
1191 2520 1251 2586 BG
1274 2522 1441 2584 distantiae
1464 2518 1551 2584 Solis
1574 2529 1604 2579 et

247 2611 370 2686 sideris,
404 2610 453 2671 vel
476 2608 539 2673 AG
566 2612 732 2674 distantiae
756 2614 867 2675 Terrae
900 2623 933 2674 et
961 2612 1070 2675 sideris
1103 2613 1141 2674 ad
1172 2612 1232 2676 BA
1258 2611 1437 2674 distantiam
1460 2608 1547 2672 Solis
1574 2619 1604 2669 et

247 2702 370 2764 Terrae.
416 2699 483 2761 Hoc
506 2700 602 2762 solum
635 2708 684 2763 est
706 2701 901 2778 discriminis,
927 2701 1005 2782 qnod
1029 2702 1077 2764 hic
1100 2701 1154 2764 Er
1176 2720 1236 2764 noa
1259 2708 1309 2763 est
1329 2698 1511 2781 parallaxis,
1535 2697 1604 2779 qaia

248 2809 307 2852 non
336 2807 477 2850 mensura
503 2788 606 2870 anguli
628 2788 718 2852 BGA
741 2791 789 2853 vel
812 2789 907 2853 EGF.
955 2789 1036 2861 Quia
1068 2790 1145 2852 enim
1178 2791 1331 2871 proportio
1365 2790 1514 2851 linearum
1537 2787 1602 2856 ΒΔ,

248 2877 307 2941 Al)
331 2887 380 2938 est
403 2875 573 2953 sensibilis,
598 2887 630 2941 et
653 2879 684 2943 A
707 2887 840 2942 centrum
864 2880 928 2955 DF,
953 2898 1025 2958 ergo
1048 2880 1074 2940 Β
1098 2879 1283 2942 sensibiliter
1306 2877 1434 2941 distabit
1457 2896 1478 2939 a
1502 2885 1602 2940 cerua

249 2965 313 3041 DF,
337 2983 430 3047 qnare
448 2965 503 3028 DF
525 2986 584 3029 non
607 2967 748 3030 metietur
772 2970 910 3049 angulum
925 2969 1007 3031 DBF
1030 2968 1070 3029 ad
1093 2987 1223 3041 sensum,
1248 2987 1344 3049 neque
1363 2968 1492 3045 junctos
1505 2964 1600 3040 ΒΑΘ,

248 3053 337 3119 AGB
370 3053 413 3116 illi
445 3057 598 3134 aequales.
647 3055 709 3119 Sed
740 3057 796 3118 DE
829 3058 952 3119 metitur
983 3058 1123 3135 anqulum
1151 3057 1239 3120 ΒΑΕ
1272 3058 1320 3119 vel
1343 3053 1434 3120 BAG
1467 3056 1601 3129 seorsim,

250 3143 371 3207 residua
394 3162 465 3222 ergo
487 3144 541 3207 EF
563 3166 620 3207 non
655 3148 778 3208 metitur
806 3148 954 3208 residuum
979 3144 1083 3220 AGB,
1110 3148 1163 3208 sed
1188 3147 1318 3208 interest
1339 3144 1497 3208 sensibilis
1521 3145 1601 3208 diffe-

250 3233 368 3295 sentia:
403 3232 481 3312 quod
505 3234 653 3297 cautionis
677 3236 743 3297 loco
767 3236 923 3297 dicendum
948 3235 1021 3310 luit,
1054 3256 1090 3297 no
1114 3254 1200 3316 quem
1225 3236 1344 3315 fugeret
1367 3235 1443 3298 haec
1466 3235 1548 3298 ratio
1569 3249 1602 3293 er

251 3342 310 3384 una
333 3322 429 3383 forma
453 3320 480 3381 in
506 3324 597 3385 aliam
622 3334 835 3386 transeuntem

341 3409 457 3481 Quibus
483 3411 583 3494 itaque
606 3414 760 3493 principiis
784 3413 892 3494 opticis
916 3413 1054 3475 doctrina
1085 3413 1297 3493 parallaxeoa‚
1332 3414 1388 3475 hoc
1412 3422 1463 3476 est
1487 3414 1527 3475 de
1549 3412 1603 3473 sita

250 3499 382 3563 siderum
405 3500 567 3576 niteretur,
593 3502 670 3563 satis
693 3522 746 3584 pro
771 3503 912 3564 instituta
933 3503 1082 3564 brevitate
1102 3502 1284 3580 explicatum
1300 3522 1368 3565 esse
1387 3513 1472 3582 puto.
1498 3501 1606 3564 Restat

253 3600 287 3652 ιιι
311 3590 347 3651 de
371 3588 502 3651 motibus
526 3591 617 3653 etiam
642 3611 798 3671 corporum
821 3590 964 3659 dicamus,
989 3611 1025 3652 ne
1050 3589 1120 3670 quid
1144 3609 1246 3653 eornm
1264 3602 1477 3671 praetereatur
1499 3592 1530 3654 in
1553 3591 1605 3653 boc

251 3675 364 3754 libello,
389 3698 465 3760 quae
490 3677 518 3741 in
542 3682 727 3743 astronomia
751 3682 970 3763 quadamtenus
994 3700 1032 3742 ex
1055 3680 1153 3760 optica
1177 3681 1371 3760 dijudicanda
1392 3690 1478 3744 snut.

471 3817 501 3882 6.
539 3820 796 3900 Appendicula
820 3823 861 3883 de
886 3840 995 3883 curva
1018 3830 1245 3884 cometarum
1270 3822 1394 3884 cauda.

343 3942 401 4016 Qui
426 3945 462 4006 de
482 3943 688 4006 incurvatione
707 3946 820 4007 caudae
845 3948 873 4007 iu
894 3953 1012 4007 cometa
1030 3945 1102 4006 anni
1121 3943 1173 4006 77.
1198 3965 1238 4007 ex
1258 3945 1397 4008 doctrina
1410 3946 1610 4026 parallaxiam

255 4033 298 4096 sic
322 4033 525 4113 disputarunt,
551 4052 586 4094 ac
610 4034 635 4095 si
660 4035 734 4095 haec
758 4034 917 4097 curvitatis
940 4035 1104 4113 phantasia
1127 4035 1156 4095 in
1181 4036 1309 4097 diversis
1328 4035 1518 4098 diversarum
1540 4053 1610 4115 par-

254 4121 328 4184 tium
352 4124 466 4184 caudae
489 4122 695 4202 parallaxibus
720 4124 910 4197 consisteret,
935 4143 1030 4204 neque
1053 4124 1169 4185 caudae
1192 4124 1252 4203 ipsi
1271 4143 1342 4186 vere
1361 4125 1496 4186 inesset:
1521 4125 1611 4205 irps·

254 4211 414 4274 rallaxium
437 4211 589 4292 negotium
613 4232 671 4273 non
695 4211 771 4273 satis
793 4212 1001 4294 perpendunt;
1026 4232 1080 4273 nec
1099 4212 1216 4292 opticus
1235 4221 1318 4275 recte
1338 4214 1487 4294 allegant,
1511 4222 1545 4275 ut
1564 4211 1613 4294 qui

254 4299 292 4362 iis
316 4301 344 4361 in
370 4300 443 4362 locis
467 4319 525 4360 non
549 4301 586 4361 de
610 4301 799 4363 aberratione
827 4304 910 4364 risus
943 4302 1024 4363 circa
1056 4302 1312 4374 incurvationem,
1343 4303 1399 4364 sed
1424 4303 1462 4364 da
1485 4322 1562 4367 resa
1583 4309 1614 4362 et

256 4388 390 4468 legitima
414 4389 529 4450 risione
554 4390 739 4469 obliquitatis
764 4401 867 4469 agunt.
910 4388 1026 4459 Quodsi
1055 4409 1125 4452 vere
1157 4391 1324 4471 parallaxis
1349 4410 1386 4453 ex
1409 4392 1506 4454 rectis
1524 4409 1613 4455 cama

256 4479 445 4551 ostenderet,
474 4477 539 4557 jam
572 4498 630 4539 non
661 4499 762 4541 rerum
795 4489 892 4553 esset,
930 4497 1047 4540 omnem
1071 4480 1180 4542 lineam
1208 4491 1324 4542 rectam
1347 4482 1614 4560 quomodocunque

257 4578 433 4641 extensam,
463 4586 501 4627 ea
525 4576 628 4628 centro
653 4569 753 4630 mundi
777 4568 912 4630 sensibili
936 4577 1144 4648 perspectam,
1175 4570 1311 4631 omnibus
1335 4571 1398 4631 suis
1421 4571 1613 4651 partibasin

256 4653 397 4716 circulum
421 4653 551 4735 aliquem
575 4656 735 4718 maximum
759 4659 917 4737 quadrare.
965 4654 1066 4728 Quare
1090 4657 1160 4719 lalsi
1193 4667 1297 4720 esseut
1324 4659 1404 4721 modi
1434 4658 1613 4722 observandi

256 4742 324 4806 loca
347 4743 477 4806 siderum
500 4762 554 4823 per
577 4744 656 4807 iilum
684 4756 716 4807 et
738 4764 792 4826 per
814 4746 945 4826 regulas.
993 4745 1090 4825 Igitur
1113 4756 1146 4808 ut
1168 4767 1261 4827 supra
1283 4748 1384 4827 capite
1409 4749 1468 4811 Vl.
1493 4750 1613 4820 dioran,

258 4831 318 4894 alia
342 4832 500 4895 curvitatis
524 4832 611 4911 liujus
636 4836 754 4896 occasio
786 4836 958 4915 quaerenda
981 4845 1042 4908 est,
1073 4843 1139 4910 aut,
1168 4837 1195 4899 si
1219 4837 1324 4917 nequit
1345 4837 1489 4913 inveniri,
1523 4838 1613 4902 relin-

258 4922 407 5002 quendum
430 4920 486 4983 hoc
509 4922 735 5002 phaenomenou
759 4923 837 4986 inter
860 4943 973 4985 arcana
996 4931 1132 4987 naturae.
