3692 5842
638 549 640 554 -
707 503 925 569 amvmc.
1433 507 1496 576 ars

139 690 250 744 differre
270 690 419 745 videretur.
462 691 612 746 Stellamm
633 708 751 762 namque
772 699 850 747 ratus
872 696 938 748 ordo
959 694 1000 748 ita
1021 697 1194 760 emebatur,
1216 703 1249 751 ut
1268 699 1373 753 nullam
1395 691 1497 765 (0010)

140 770 214 824 01100
236 770 306 825 lucis
326 770 431 826 Solaria
453 772 647 827 hebetudinem
667 780 827 842 pateretur:
849 775 913 844 quin
935 775 1027 845 potius
1048 777 1136 840 Luna,
1160 794 1230 847 quae
1253 796 1283 831 se
1304 780 1329 832 01
1352 783 1497 836 adversam

138 862 330 931 praebuerat,
361 861 498 931 paulatim
529 862 662 917 orientem
697 865 817 932 petendo
846 864 961 934 primum
987 866 1175 920 corniculatim
1205 867 1247 921 illi
1277 868 1365 923 lucem
1395 862 1497 933 (uota)

139 958 157 995 a
177 948 260 1012 parte
281 942 445 995 occidentali
465 942 627 997 restitueret
646 943 674 996 in
694 960 796 998 morem
817 946 874 1006 sui,
904 949 1013 1016 quando
1039 947 1128 1015 prima
1153 949 1198 1001 rel
1227 952 1348 1003 secunda
1368 950 1497 1015 cernitur,

139 1038 170 1085 01
195 1031 239 1085 010
264 1048 316 1106 per
341 1038 494 1103 augmenta
524 1040 610 1086 totam
634 1040 808 1088 venustatem
836 1041 897 1089 1010
921 1044 986 1090 0010
1012 1036 1084 1089 Solis
1112 1036 1255 1106 reciperet.
1300 1029 1418 1091 Auctor
1441 1030 1497 1090 fide

141 1111 252 1189 diguus
272 1119 334 1184 est,
369 1111 439 1190 quia
462 1111 664 1172 astronomiae
689 1113 828 1191 peritiam
854 1114 958 1175 habuit
982 1114 1146 1193 stellasque
1171 1133 1275 1176 omnes
1299 1125 1407 1179 exacte
1431 1120 1496 1180 cal-

142 1199 200 1260 luit
224 1206 256 1260 et
279 1199 433 1261 Ludovico
464 1211 632 1262 monstrare
656 1212 705 1263 est
732 1201 860 1263 solitus:
895 1205 972 1282 quod
1002 1213 1129 1283 apparet
1157 1224 1193 1265 ex
1222 1205 1386 1284 colloquio,
1421 1208 1498 1285 quod

141 1308 208 1350 cum
224 1288 379 1350 Ludovico
404 1289 441 1349 de
465 1289 572 1350 crinita
595 1290 664 1351 anni
688 1292 899 1370 praecedentis
923 1293 1047 1372 ejusque
1067 1292 1244 1372 significatis
1260 1294 1385 1357 habuit:
1410 1297 1498 1357 vide-

141 1384 190 1440 tur
214 1376 358 1438 aemulari
383 1377 600 1439 Marcellinum.

230 1467 321 1548 Auno
345 1463 419 1530 878.
448 1465 501 1531 29.
523 1464 665 1529 Octobris
698 1470 915 1531 0001000010
941 1470 1037 1532 dictus
1070 1481 1161 1536 solem
1190 1471 1234 1533 ait
1257 1490 1322 1552 post
1355 1482 1498 1539 100009.

141 1557 182 1612 ita
203 1557 382 1613 obscuratum
402 1576 464 1613 esse
485 1575 536 1628 per
557 1559 693 1614 dimidiam
714 1560 819 1625 horam,
841 1569 874 1614 01
894 1561 995 1614 stellae
1017 1561 1044 1614 in
1066 1563 1143 1616 coelo
1165 1571 1336 1633 apparerent
1356 1571 1386 1619 et
1407 1582 1499 1619 omues

141 1645 193 1701 eibi
213 1654 324 1701 noctem
344 1648 483 1703 imminere
504 1655 645 1718 putarent.
691 1635 819 1701 Gemma
846 1639 973 1702 totalem
1006 1640 1098 1702 fuisse
1122 1642 1267 1718 affirmat,
1298 1644 1375 1723 qued
1400 1645 1500 1706 verbis

140 1734 190 1786 est
213 1735 459 1790 cousentaneum.
506 1728 594 1789 Luna
616 1735 687 1806 post
710 1729 883 1807 perigaeum
909 1728 973 1791 fuit.

233 1816 323 1877 Anno
347 1813 378 1879 3.
403 1817 529 1891 Lotarii,
555 1816 636 1877 circa
655 1813 729 1881 957.
747 1816 871 1890 Christi,
890 1815 940 1879 15.
958 1815 1084 1879 Calend.
1103 1816 1174 1879 Jan.
1200 1830 1311 1899 eclipsis
1332 1830 1403 1885 Solis
1425 1831 1502 1884 iacta

141 1912 193 1969 est,
216 1913 250 1962 ut
271 1908 372 1961 stellae
393 1924 411 1962 a
431 1909 519 1979 001000
539 1910 610 1963 hora
630 1925 716 1978 usque
738 1911 772 1963 ad
794 1910 889 1964 horam
911 1909 1023 1962 tertiam
1045 1917 1222 1978 apparerent.

233 1982 347 2047 Confer
379 2008 445 2049 cum
479 1988 531 2050 illa
562 1988 713 2049 Ammiani
747 1987 928 2049 Marcellini.
985 1988 1156 2048 Matutinae
1190 2008 1316 2068 namque
1348 1988 1500 2068 peculiare

142 2072 212 2154 quid
239 2072 371 2149 habent,
397 2096 449 2139 cur
473 2078 533 2138 sint
557 2077 714 2139 tetriores:
745 2078 849 2138 umbra
871 2076 977 2138 Lunae
1002 2077 1130 2156 desuper
1153 2076 1338 2139 horizontem
1362 2098 1416 2139 000
1440 2077 1501 2139 1010

141 2163 273 2243 quodam
299 2165 424 2227 feriente
449 2174 480 2227 et
504 2186 641 2229 auroram
666 2166 871 2245 extinguente.
920 2163 987 2235 Quo
1012 2166 1131 2228 facilius
1155 2185 1211 2226 avo
1236 2185 1302 2227 meo
1327 2167 1426 2240 00010,
1453 2167 1501 2246 qui

141 2252 255 2315 referre
289 2254 361 2316 mihi
394 2255 503 2318 solitus
537 2264 597 2330 ost,
629 2256 671 2317 uti
701 2257 849 2336 quondam
882 2257 975 2328 (0000
1003 2255 1145 2317 videlicet
1178 2252 1272 2319 1530.
1304 2253 1356 2319 29.
1382 2256 1502 2329 Martii)

142 2344 227 2403 coelo
258 2343 467 2423 frigidissimo,
502 2365 568 2408 cum
596 2346 646 2408 rix
674 2346 847 2419 diluxisset,
882 2352 1006 2426 repente
1035 2345 1142 2406 iterum
1171 2345 1260 2407 fuerit
1292 2345 1428 2406 extincta
1452 2345 1503 2406 lux

142 2430 200 2494 diei
226 2431 316 2513 inque
340 2442 459 2497 noctem
482 2454 580 2496 versa.
628 2432 727 2504 Quam
757 2436 875 2515 quidem
904 2434 1030 2513 eclipsin
1063 2434 1196 2496 calculus
1221 2434 1409 2517 Tychonicus
1443 2453 1500 2494 non

141 2521 258 2599 patitur
291 2522 417 2585 totalem
451 2544 529 2587 esse.
587 2522 756 2606 Cyprianus
791 2544 907 2605 quoque
938 2541 1039 2589 tetram
1073 2525 1221 2603 appellat,
1260 2523 1361 2585 nescio
1394 2543 1431 2584 an
1465 2541 1503 2583 ex

141 2608 336 2691 010001011)
382 2613 453 2674 Fuit
476 2614 563 2676 Luna
585 2633 691 2675 versus
714 2613 898 2693 perigaeuur.

231 2702 322 2763 Anno
360 2699 453 2766 1133.
486 2701 516 2765 2.
550 2703 681 2783 Augusti
716 2714 874 2766 recensent
902 2702 1038 2764 historici
1072 2702 1197 2782 eclipsin
1229 2701 1310 2764 Solis
1344 2710 1501 2774 maximam,

141 2791 278 2853 calculus
301 2791 428 2853 totalem
453 2793 601 2856 concedit.
1474 2833 1478 2841 ·

231 2880 323 2941 Anno
351 2878 443 2945 1187.
470 2878 500 2944 4.
527 2881 730 2963 SeptembriS,
759 2893 868 2962 eclipsis
883 2892 955 2946 Solis
978 2892 1047 2945 adeo
1061 2907 1172 2961 magna,
1195 2896 1227 2944 ut
1248 2891 1350 2943 stellae
1369 2907 1419 2959 per
1433 2888 1503 2942 diem

140 2981 219 3035 visae
243 2980 300 3035 sint
319 2986 452 3051 tanquam
473 2982 500 3034 in
521 2989 610 3037 nocte.
657 2972 775 3033 Totalis
808 2972 911 3051 igitur,
948 2979 982 3033 ut
1009 2970 1170 3031 collatione
1200 2970 1331 3051 priorum
1365 2975 1503 3049 apparet.

141 3060 231 3123 Luna
254 3059 283 3120 in
307 3060 459 3142 perigaeo.

231 3148 324 3211 Anno
350 3144 445 3212 1191.
479 3159 585 3214 'rotalis
600 3160 673 3214 solis
694 3159 804 3230 eclipsis
826 3161 910 3223 facta,
936 3147 1104 3211 Albericus.
1135 3147 1179 3210 At
1201 3149 1289 3210 Luna
1312 3146 1341 3209 in
1367 3165 1503 3229 apogaeo

142 3248 246 3301 100000
272 3237 337 3300 1011.

233 3327 324 3390 Anno
357 3323 450 3390 1241.
481 3325 528 3389 110
559 3322 587 3390 6.
613 3323 768 3402 Octobris,
798 3354 902 3409 magna
931 3324 1013 3388 Solis
1045 3326 1176 3406 eclipsis.
1226 3322 1355 3387 Gemma
1387 3337 1504 3390 totalem

144 3417 197 3479 ait.
247 3416 317 3479 Fuit
341 3417 415 3477 haec
440 3436 555 3496 quoque
579 3418 738 3479 matutina.

232 3506 324 3569 Anno
359 3502 452 3569 1415.
486 3501 516 3567 7.
549 3505 647 3580 lunii,
682 3516 822 3571 horribilis
844 3516 898 3569 1011
918 3513 1029 3584 eclipsis
1051 3513 1132 3569 Solis.
1178 3502 1345 3565 Leovitius
1405 3513 1503 3567 Totum
1576 3508 1578 3511 ’

144 3594 248 3658 Solem
273 3602 387 3657 tectum
413 3594 506 3656 fuisse
530 3595 682 3675 colligitur
702 3615 740 3656 00
758 3594 901 3657 historico
917 3592 1070 3655 Polonico.
1109 3591 1195 3655 Luna
1215 3591 1295 3653 circa
1318 3590 1503 3671 perigaeum.

233 3685 324 3746 Anno
352 3681 445 3747 1485.
473 3679 523 3745 16.
549 3684 662 3759 Martii,
689 3685 800 3745 defecit
824 3684 892 3753 Sol,
916 3682 1077 3745 Walthero
1102 3681 1308 3753 aestimatore,
1327 3674 1369 3755 ⁷³)
1399 3681 1437 3741 ad
1465 3679 1499 3741 11

145 3774 269 3855 digitos,
295 3792 381 3853 quem
407 3773 507 3853 utique
527 3773 610 3835 risus
634 3774 766 3836 nonnihil
792 3773 900 3835 fefellit
914 3772 952 3834 ob
977 3792 1085 3833 000000
1101 3791 1193 3852 00000
1217 3770 1395 3849 explicatas.
1425 3770 1505 3833 Nam

145 3864 218 3925 alibi
251 3874 365 3927 1000001
391 3890 484 3927 merae
505 3875 655 3937 tenebrae,
678 3876 746 3927 adeo
768 3882 800 3928 ut
829 3874 950 3938 candelis
979 3873 1101 3927 accensis
1126 3888 1195 3941 opus
1221 3877 1314 3925 esset:
1343 3870 1370 3924 10
1391 3871 1505 3925 urbibus

144 3953 290 4026 gallinae,
319 3951 386 4006 foris
412 3953 512 4008 diversi
539 3954 650 4025 generis
680 3954 812 4008 animalia
833 3958 866 4008 ad
894 3955 995 4009 solitae
1018 3953 1117 4025 quietis
1145 3959 1281 4007 nocturna
1307 3953 1370 4006 loca
1390 3969 1420 4006 se
1442 3970 1506 4006 oon·

144 4045 244 4107 tulere,
275 4032 469 4114 Lycosthene
493 4042 583 4093 teste.
631 4031 716 4093 Luna
741 4034 768 4093 10
793 4034 946 4112 perigaeo.

236 4122 327 4185 Anno
363 4116 458 4184 1544.
496 4118 545 4184 14.
577 4120 714 4183 Januarii
754 4122 878 4202 eclipsin
914 4120 1041 4184 Gemma
1073 4120 1188 4183 Frisius
1227 4119 1400 4180 observarit
1438 4121 1506 4198 (per

145 4211 299 4284 foramen)
326 4207 367 4273 10
390 4209 569 4290 digitorum
603 4211 698 4272 falsus
731 4211 832 4290 itaque
857 4218 921 4284 est,
953 4221 986 4272 ut
1016 4211 1255 4272 demonstratum
1285 4228 1350 4287 cap.
1376 4207 1417 4269 ΙΙ.
1464 4208 1507 4270 Ε1

145 4302 243 4382 major
266 4299 324 4363 fuit
347 4299 494 4361 10100100.
533 4300 677 4361 Functius
698 4301 835 4363 undecim
858 4301 971 4380 digitos
995 4299 1189 4362 aestimavit:
1215 4299 1268 4358 sed
1285 4298 1408 4358 ethunc
1428 4298 1505 4359 oculi

144 4390 328 4463 fefellerunt,
352 4396 386 4450 ut
409 4406 476 4467 cap.
492 4385 533 4451 V.
559 4388 691 4451 dictum:
716 4391 834 4452 omnino
858 4409 963 4471 parum
987 4389 1134 4468 superfuit
1158 4396 1189 4448 et
1212 4386 1321 4448 alicubi
1346 4393 1428 4447 totus
1449 4385 1504 4448 Sol

143 4479 246 4541 latuit.
292 4477 372 4540 Hinc
394 4478 421 4539 F
422 4478 539 4540 unctius
559 4488 638 4553 diem,
662 4490 714 4554 ait,
738 4491 862 4561 coepisse
883 4491 982 4545 iterum
1004 4497 1162 4545 nocteseere
1190 4494 1322 4556 tanquam
1344 4485 1372 4538 in
1393 4501 1505 4553 crepus-

143 4572 236 4625 culum
255 4568 452 4640 vespertinum,
476 4576 505 4622 et
526 4571 651 4624 volucres
674 4572 751 4635 coeli,
774 4588 846 4642 quae
867 4571 957 4641 prima
975 4573 1037 4625 luce
1058 4572 1170 4623 fuerant
1191 4568 1303 4630 hilares,
1325 4581 1386 4619 curn
1407 4572 1506 4619 tantae

143 4651 237 4706 subito
252 4655 430 4705 occurrerent
443 4651 584 4714 tenebrae,
602 4652 791 4706 obmutescere
806 4653 940 4722 coepisse.
950 4644 991 4724 ⁷²)
1015 4650 1101 4711 Luna
1116 4669 1135 4707 a
1148 4646 1291 4726 perigaeo
1307 4644 1503 4705 ascendebat.

233 4739 325 4800 Anno
347 4734 442 4802 1561).
467 4737 519 4802 21.
540 4740 682 4819 Augusti,
707 4739 832 4803 Clarius
855 4739 955 4814 testis,
972 4748 1158 4820 conymbriae
1173 4747 1264 4801 Solem
1278 4745 1353 4798 circa
1365 4742 1506 4798 meridien

145 4845 199 4884 000
219 4829 332 4883 Ι10001ὶί00
357 4836 486 4899 tempore
516 4837 672 4885 oontectum
702 4832 834 4895 latuisse,
866 4832 997 4884 tenebras
1024 4829 1109 4883 fuisse
1139 4828 1334 4899 quodammodo
1362 4824 1505 4878 uectumis

144 4910 282 4980 000010οκ
298 4916 393 4981 meque
408 4910 479 4965 enim
500 4928 554 4981 quo
574 4914 671 4981 podem
690 4911 750 4982 quis
771 4918 888 4980 poneret
907 4912 1002 4964 videre
1023 4909 1156 4979 potuisse,
1177 4906 1385 4975 clarissimeque
1401 4905 1505 4959 ’0101100

145 4991 174 5044 10
194 4991 273 5045 00011
294 4991 477 5061 apparuisse:
505 5005 571 5046 aves
592 4994 690 5058 etiam,
711 4991 838 5046 mirabile
863 4990 953 5055 dictu,
975 5010 1011 5045 ex
1033 4990 1150 5045 010010
1175 4997 1277 5043 terram
1302 5001 1370 5056 prae
1391 4986 1506 5040 horrore

145 5079 203 5125 1000
223 5076 316 5126 temo
336 5071 538 5127 obscurationis
561 5073 701 5127 decidisse.
741 5071 831 5133 Lina
859 5089 1010 5149 1000000010
1066 5070 1144 5133 Huic
1176 5068 1269 5149 igitur
1298 5065 1349 5127 1111
1370 5073 1408 5127 itt
1422 5065 1506 5126 111111
