3692 5842
1531 433 1597 502 569

239 611 427 676 memes·
445 612 523 663 altero
540 616 622 676 majus
640 615 740 671 enlstst,
760 614 785 663 id
804 621 888 665 antem
908 616 954 664 erit
971 621 1047 672 tunc,
1066 628 1122 663 oum
1141 614 1241 675 majoris
1264 613 1385 661 diameter
1403 611 1435 661 ad
1454 612 1600 662 diametrum

242 681 347 732 alterium
365 682 520 749 longitudine
532 686 606 733 fuerit
626 686 773 750 rigecuplar
793 686 883 735 deinde
902 687 1043 749 superficies
1063 685 1148 733 ambae
1161 686 1186 731 in
1205 683 1290 732 eodem
1309 684 1404 746 pariete
1422 682 1510 732 infixas
1529 684 1600 732 simul

234 765 258 802 a
274 752 351 819 longe
370 756 502 818 spectabit,
521 757 641 804 minorem
660 756 758 820 quidem
777 756 855 805 altero
869 757 940 806 oculo
954 758 986 806 sd
998 755 1162 821 perepicillum
1181 755 1289 812 admoto,
1308 756 1426 815 majorem
1447 768 1503 802 vero
1522 756 1600 803 altero

239 823 312 874 oculo
332 823 424 883 libero;
443 826 570 875 commode
588 842 612 875 n.
632 827 658 875 id
671 827 723 876 fieri
736 827 794 877 licet
806 841 855 876 uno
873 829 1008 891 eodemque
1026 834 1137 890 tempore
1155 826 1231 875 oculis
1250 826 1368 874 ambobus
1387 825 1519 888 adapertis,
1538 831 1598 873 tnnc

238 909 264 944 n.
284 895 381 960 figurae
400 897 489 946 ambae
508 898 618 959 ejusdem
638 899 791 961 apparebunt
815 898 1007 963 magnitudinis,
1027 900 1047 946 si
1067 911 1187 960 organum
1206 896 1340 946 secundum
1366 902 1477 958 optatam
1500 910 1599 959 propor-

238 967 335 1022 tionem
364 968 464 1029 objecta
490 968 697 1031 multiplicaverit.
710 1005 716 1016 .
729 1006 754 1017 ..
786 968 901 1033 Recepta
927 971 1024 1018 ratione
1053 969 1187 1016 distantiae
1206 968 1239 1016 ad
1258 967 1404 1015 diametrum
1427 967 1530 1028 objecti,
1557 981 1600 1030 per

238 1037 353 1086 tabulam
371 1039 469 1087 sinuum
492 1041 627 1103 reperietur
651 1042 777 1104 quantitas
806 1040 890 1104 anguli
909 1042 934 1089 in
954 1041 1023 1089 oculo
1043 1055 1073 1088 ex
1092 1039 1188 1101 objecto
1215 1040 1349 1087 constituti.
1389 1036 1415 1086 Si
1434 1038 1535 1101 specillo
1555 1038 1599 1098 (ab

238 1107 311 1158 uculo
324 1108 431 1169 remoto)
444 1110 569 1167 bracteae,
589 1110 652 1160 alias
666 1112 799 1173 majoribus
813 1112 875 1160 alias
889 1126 946 1160 vero
959 1112 1091 1159 minoribus
1105 1109 1241 1173 perforatae
1254 1110 1412 1157 foraminibus
1426 1110 1600 1172 aptaverimus.

237 1177 312 1228 modo
331 1179 397 1228 hano
415 1181 487 1229 modo
506 1180 580 1238 illam,
600 1189 674 1244 prout
686 1197 745 1244 opus
757 1182 838 1240 fuerit,
859 1184 1095 1245 superimponentes,
1115 1179 1219 1243 angulos
1238 1180 1298 1228 alios
1318 1187 1393 1243 atque
1411 1179 1472 1228 alios
1490 1179 1598 1243 pluribus

236 1249 444 1313 pensionibusque
462 1252 562 1301 minutis
581 1253 759 1302 subtendentes
778 1268 821 1315 pro
841 1253 911 1301 libitu
931 1254 1115 1310 constituemus,
1136 1265 1236 1314 quorum
1255 1265 1301 1312 ope
1314 1249 1440 1299 stellarum
1460 1251 1598 1313 intercape-

237 1319 310 1369 dines
328 1335 373 1384 per
391 1321 486 1385 aliquot
503 1324 600 1372 minuta
618 1323 651 1372 ad
674 1325 779 1372 insicum
807 1325 964 1381 dissimum,
993 1326 1056 1373 citra
1074 1324 1146 1371 unius
1166 1329 1210 1370 cut
1235 1322 1335 1371 alterius
1363 1322 1451 1370 minuti
1470 1329 1599 1384 peccatum

239 1391 370 1440 commode
390 1391 495 1441 dimetiri
514 1395 655 1456 poterimus.

329 1461 357 1522 5)
376 1478 400 1525 p.
422 1460 481 1510 494.
518 1464 586 1513 Joh.
605 1464 784 1519 Pistorius,
810 1472 862 1514 nat.
893 1480 958 1514 anno
988 1463 1056 1513 1544
1084 1463 1182 1513 Niddee
1206 1464 1231 1511 in
1251 1463 1358 1518 Bassia,
1385 1469 1456 1510 mort.
1486 1463 1598 1527 Frihurgi

236 1545 305 1582 nno
327 1529 405 1593 1007,
424 1535 526 1597 primum
545 1535 692 1592 medicinae,
712 1543 800 1599 postea
818 1542 915 1585 mutata
933 1537 982 1585 fide
1000 1535 1141 1599 theologiae
1161 1548 1261 1597 operam
1281 1534 1365 1588 dedit:
1391 1533 1498 1582 innotuit
1515 1533 1597 1581 multis

238 1608 330 1653 cauma
357 1603 468 1653 homines
486 1604 588 1655 Lutheri
612 1606 672 1655 fidei
700 1607 812 1655 addictos
839 1607 943 1670 scriptis.
981 1606 1116 1671 Keplerum
1144 1609 1293 1669 quamquam
1319 1605 1488 1654 Lutheranum
1513 1605 1598 1668 magui

236 1673 317 1731 lecit,
339 1681 365 1724 et
383 1690 438 1724 cum
452 1689 481 1725 eo
499 1677 579 1725 multa
596 1692 714 1741 praesens
733 1685 759 1726 et
771 1693 815 1741 per
832 1678 916 1726 literas
930 1679 989 1742 egit,
1007 1692 1065 1727 sam
1078 1691 1173 1740 quoque
1192 1676 1222 1724 ob
1241 1690 1351 1734 causam,
1370 1677 1429 1739 quia
1447 1675 1564 1724 Pistoriae
1583 1690 1599 1723 s

238 1741 352 1795 Caesare
370 1746 473 1809 Kepleri
491 1747 625 1796 studiorum
645 1751 715 1812 quasi
734 1750 853 1812 magister
871 1752 1018 1798 constitutus
1038 1749 1091 1797 fuit.
1129 1744 1225 1810 (Comp.
1247 1745 1339 1795 Corum.
1359 1746 1434 1795 Mart.
1454 1758 1539 1795 annot.
1560 1741 1598 1803 0.)

329 1813 356 1877 0)
375 1832 398 1881 p.
419 1814 480 1866 494.
520 1818 615 1868 Alludit
633 1819 669 1867 hie
688 1819 811 1883 Keplerus
831 1819 863 1869 ad
882 1826 1063 1869 sextantem
1082 1833 1098 1867 a
1117 1817 1233 1879 Tychone
1255 1818 1389 1874 inventum,
1417 1817 1496 1880 adque
1515 1817 1596 1865 obser-

235 1887 363 1937 vationem
382 1888 567 1951 refractionem,
585 1905 647 1954 quas
666 1890 750 1953 Tycho
769 1892 795 1940 in
813 1890 940 1940 horizonte
963 1906 987 1931 =
1008 1887 1049 1937 34¹
1070 1891 1147 1953 ponit.
1180 1889 1332 1946 „Artificium
1351 1887 1474 1951 opticum“
1495 1887 1597 1951 Kepleri

234 1957 369 2021 peouharh
388 1965 429 2075 esq
453 1961 554 2017 modus,
584 1962 730 2010 diametrum
757 1962 843 2010 Lunae
867 1977 910 2024 per
936 1963 1125 2010 instrumentum
1153 1960 1313 2014 observandi,
1340 1975 1413 2023 quem
1441 1960 1554 2022 proponit
1571 1960 1596 2006 in

291 2028 394 2085 'cali1,
432 2064 438 2077 .

236 2025 340 2160 opi)
358 2117 383 2164 p.
403 2097 464 2150 495.
502 2102 671 2152 Galilaeus
690 2102 726 2166 (p.
747 2101 787 2150 12.
809 2101 945 2162 ,Nuncii“)
964 2104 1016 2152 sic:
1045 2102 1144 2151 Faciem
1164 2100 1251 2150 Lunae
1269 2102 1294 2150 in
1314 2099 1330 2148 2
1353 2108 1436 2165 partes
1462 2102 1596 2165 distinguo,

236 2169 347 2220 alteram
366 2186 456 2235 nempe
475 2173 611 2228 clariorem,
632 2175 795 2224 obscuriorem
814 2174 928 2222 alteram.
961 2174 1054 2222 Clarior
1073 2173 1168 2221 videtur
1183 2179 1261 2220 totum
1280 2172 1486 2236 hemisphaerium
1504 2173 1596 2220 ambire

235 2247 314 2305 atque
334 2242 497 2306 perfundere,
526 2244 650 2293 obscurior
668 2260 724 2294 vero
744 2245 819 2293 veluti
837 2246 914 2293 nubes
934 2245 1056 2309 quaedam
1080 2245 1169 2292 taciem
1188 2246 1268 2306 ipsam
1293 2244 1371 2292 inlicit
1395 2243 1596 2306 maculosamque

233 2311 327 2362 reddit.
365 2312 434 2362 Istae
454 2321 537 2363 autem
557 2316 671 2365 maculae
695 2317 860 2365 subobscurae
879 2323 905 2363 et
922 2317 984 2365 satis
1008 2315 1105 2378 amplae
1128 2315 1260 2377 unicuique
1287 2322 1345 2363 sunt
1372 2315 1473 2366 obviae,
1493 2313 1596 2377 illasque

233 2395 326 2434 mm
345 2398 417 2433 omne
437 2387 581 2448 conspexit:
598 2394 749 2450 quapropter
768 2387 905 2450 ,magnas“
920 2402 964 2435 seu
979 2387 1125 2449 ,antiquas“
1141 2400 1184 2435 eas
1197 2385 1374 2448 appellabimus
1387 2386 1419 2434 ad
1432 2385 1595 2434 differentiam

232 2453 341 2504 alium
359 2455 513 2505 maculamm
539 2457 701 2519 amplitudine
724 2460 860 2514 minorum,
881 2465 909 2507 at
927 2458 1065 2520 frequentia
1082 2459 1119 2505 ita
1142 2459 1306 2514 consitamrn,
1326 2465 1355 2506 ut
1372 2463 1452 2505 totam
1470 2456 1595 2505 Lunarem

231 2525 393 2589 superficiem
420 2529 564 2589 praesertim
583 2543 640 2577 vero
663 2529 806 2579 lucidiorem
831 2537 928 2591 partem
954 2534 1129 2591 conspergant.
1165 2527 1222 2576 Hae
1241 2543 1296 2577 vero
1316 2543 1332 2577 a
1350 2530 1448 2578 nemine
1472 2533 1531 2578 ante
1550 2541 1594 2576 nos

230 2595 381 2647 observatae
400 2598 507 2646 inerunt
546 2599 582 2647 Ex
601 2601 708 2662 ipsarum
728 2606 811 2649 autem
831 2602 929 2662 saepius
948 2602 1043 2648 iteratis
1061 2600 1253 2661 inspectionibus
1271 2602 1297 2648 in
1316 2614 1371 2648 eam
1391 2599 1491 2651 deducti
1510 2612 1593 2647 sumus

229 2669 394 2723 munuum.
413 2675 442 2717 ut
454 2676 521 2718 certo
540 2671 715 2735 intelligamus,
729 2671 816 2720 Lunae
834 2671 990 2734 superficiem
1004 2685 1051 2719 non
1065 2669 1219 2732 perpolitam,
1240 2670 1403 2734 aequabilem,
1422 2671 1594 2720 exactissimae

228 2737 417 2804 sphaericiteu's
437 2742 554 2797 existere,
573 2740 617 2790 sed
635 2742 805 2806 inaequalem,
831 2756 961 2805 asperam,
990 2742 1137 2790 caritatibus
1165 2742 1347 2806 tumoribusque
1367 2742 1515 2800 conicum,
1544 2754 1594 2788 non

229 2823 307 2860 secus
328 2823 358 2859 ac
377 2811 505 2875 ipsiusmet
523 2811 626 2861 Telluris
644 2814 723 2862 facies
742 2811 787 2862 tc.

327 2879 357 2941 8)
376 2897 400 2944 p.
420 2878 482 2930 497.
518 2883 643 2933 Galilaeae
663 2881 697 2948 (p.
721 2881 790 2945 19.)ι
809 2885 917 2933 medium
936 2885 1006 2948 quasi
1027 2883 1113 2931 Lunae
1132 2883 1213 2931 locum
1233 2897 1248 2932 a
1267 2885 1375 2933 caritate
1393 2883 1501 2947 quadam
1520 2896 1592 2933 occu·

230 2957 323 3016 patum
343 2965 397 3001 esse
415 2951 513 3016 reliquis
527 2955 638 3004 omnibus
652 2958 747 3018 majori,
768 2970 798 3005 ac
811 2955 905 3020 figurae
919 2956 1045 3018 perfectae
1059 2955 1225 3003 rotunditatis.
1250 2955 1363 3004 Eundem
1376 2956 1437 3004 iacit
1450 2954 1593 3018 adspectum

229 3035 262 3072 ac
282 3021 380 3072 iaceret
398 3025 423 3072 in
442 3024 523 3073 Terris
541 3028 608 3090 regio
628 3029 759 3075 consimilis
779 3027 922 3082 Bohemiae,
943 3028 964 3074 si
982 3027 1105 3075 montibus
1124 3027 1249 3075 altissimis
1266 3026 1340 3089 inque
1358 3025 1521 3089 peripheriam
1539 3039 1592 3089 per·

230 3093 296 3143 tecti
315 3094 401 3143 circuli
420 3095 542 3157 dispositis
561 3098 729 3146 occluderetur
751 3099 865 3161 undique.

326 3161 355 3228 9)
374 3180 398 3228 p.
419 3162 478 3214 497.
519 3165 648 3230 „Scripta“
669 3183 748 3231 neque
772 3184 828 3217 sero
851 3171 916 3231 typis
942 3170 1062 3230 impressa
1086 3176 1125 3217 est
1143 3169 1206 3218 haec
1230 3168 1362 3231 disputatio
1387 3174 1506 3231 quantum
1524 3167 1593 3217 nobis

229 3241 343 3286 muster.
371 3235 517 3300 Conscripta
536 3245 574 3286 est
591 3240 636 3286 sub
655 3240 771 3301 auspiciis
787 3239 817 3287 D.
833 3240 884 3288 Viti
897 3238 1005 3296 Millleri,
1019 3239 1081 3288 Phil.
1095 3239 1160 3288 Proi.
1174 3240 1346 3304 Tubingenais.
1366 3240 1386 3287 si
1404 3239 1451 3287 hoc
1465 3254 1478 3288 e
1491 3238 1592 3302 Kepleri

228 3307 314 3356 verbis
334 3308 359 3356 in
379 3309 477 3357 Astron.
498 3307 592 3358 Lunari
611 3308 653 3368 (N.
674 3308 703 3369 2)
723 3310 869 3361 concludere
887 3311 954 3359 licet.

325 3393 370 3455 10)
395 3412 419 3459 p.
440 3394 500 3445 499.
537 3398 661 3461 Kepiems
689 3400 766 3447 utitur
793 3400 901 3449 editione
929 3398 1074 3447 Venetiana
1100 3398 1206 3455 Nuncii,
1235 3412 1299 3463 quae
1325 3400 1405 3447 torma
1432 3400 1593 3461 quartanaria

228 3467 427 3530 impresseram
456 3468 531 3517 editio
551 3469 781 3532 Frankoiurtensie,
808 3471 887 3519 forma
914 3476 1004 3518 octava
1030 3471 1158 3533 impressa,
1177 3470 1242 3518 locos
1265 3469 1305 3518 hic
1324 3477 1350 3519 et
1368 3470 1433 3518 inira
1451 3483 1467 3518 a
1483 3468 1592 3534 Keplero

230 3537 326 3588 citatos
344 3537 420 3587 affert
437 3554 460 3602 p.
481 3536 524 3594 23.
544 3539 586 3598 25,
607 3535 640 3587 26
660 3555 679 3589 s.
719 3541 763 3589 Ed.
784 3542 848 3590 i'ior.
869 3540 914 3597 llI,
935 3536 968 3588 69
987 3554 1019 3588 ss.
1056 3540 1141 3589 Verba
1160 3540 1265 3589 Galilaei
1283 3539 1347 3590 haec
1366 3547 1440 3588 sunt:

326 3604 417 3676 1),οο
436 3608 547 3659 Lunae
573 3612 756 3660 montibus:
786 3613 931 3670 „conterens
957 3627 1040 3660 eorum
1065 3608 1194 3671 (verticum
1214 3612 1238 3659 in
1257 3613 1390 3661 tenebrosa
1408 3611 1495 3660 Lunae
1521 3619 1592 3674 perte

228 3678 439 3741 illuminatorum)
459 3680 603 3730 distantiam
623 3682 655 3730 ad
674 3685 796 3748 integram
809 3684 896 3732 Lunae
916 3683 1071 3739 diametrum,
1091 3685 1192 3747 cognovi
1214 3684 1372 3732 interstitium
1385 3683 1431 3731 hoc
1448 3684 1592 3748 vigesimam

228 3750 358 3800 interdum
378 3751 491 3801 diametri
510 3760 606 3815 partem
631 3757 772 3817 superare.“
811 3757 930 3803 Assumta
953 3754 1042 3802 deiude
1062 3753 1149 3802 Lunae
1175 3754 1294 3804 diametro
1312 3770 1349 3795 =
1369 3751 1398 3818 Ἰ,
1421 3754 1547 3812 Terrena,
1567 3761 1592 3804 ct

228 3821 290 3872 huie
309 3822 408 3872 tributis
427 3820 497 3871 7000
516 3824 659 3874 milliaribus
679 3825 787 3882 italicis,
815 3825 895 3888 prodit
915 3825 1001 3872 Lunae
1029 3825 1202 3873 diameter:
1220 3823 1307 3883 200ος
1335 3826 1393 3876 hino
1420 3826 1479 3876 illud
1500 3827 1591 3885 ,inter-

227 3892 344 3942 stitium⁸⁴
364 3909 401 3934 =
420 3892 472 3942 100
491 3895 630 3944 eorundem.
668 3896 725 3945 lam
746 3898 771 3944 in
794 3896 917 3960 triangulo
946 3896 1090 3959 rectengulo
1119 3896 1208 3945 dantur
1236 3897 1317 3947 latera
1335 3898 1368 3947 ad
1392 3905 1501 3957 rectum,
1529 3898 1593 3947 alter

227 3962 322 4014 Lunae
342 3965 459 4014 circulum
478 3967 611 4014 maximum
631 3976 738 4033 tangens
758 3975 850 4031 aequat
871 3964 937 4022 100,
964 3967 1026 4015 aiter
1053 3966 1136 4016 radius
1162 3969 1244 4017 circuli
1265 3969 1297 4017 sd
1315 3975 1433 4031 punctum
1461 3977 1591 4020 contactus

226 4065 264 4096 ει
295 4049 374 4100 1000.
414 4048 741 4118 V(100‘†tooo⁸)=
798 4053 1079 4111 1010000=10⁰t;
1109 4056 1261 4114 „sublimitas
1280 4058 1355 4122 igitur
1372 4059 1397 4106 ln
1416 4058 1503 4117 Luna,
1527 4072 1591 4121 qnae

226 4124 348 4174 satiem
378 4127 516 4188 quempiam
546 4126 577 4174 ad
606 4141 683 4190 usque
710 4126 774 4177 Solis
801 4129 896 4177 radium
924 4129 1017 4177 elatum
1047 4127 1180 4191 designat,
1209 4130 1356 4178 eminentior
1383 4136 1422 4178 est
1435 4129 1591 4178 milliaribus

227 4190 425 4244 lnticutesc.
445 4193 474 4255 2)
488 4195 534 4245 De
548 4198 658 4250 Lunae
677 4201 900 4248 corniculatae
917 4204 1012 4262 parte
1031 4200 1216 4249 tenebrosa:
1231 4200 1591 4259 ,DumLunatumantetum

227 4266 308 4316 dam
328 4271 385 4328 post
403 4269 601 4328 conjunctionem
619 4282 637 4317 a
655 4268 711 4318 Sole
730 4272 862 4333 reperitur,
882 4285 932 4319 non
950 4270 1022 4318 modo
1041 4271 1116 4332 ipsius
1133 4271 1219 4336 globus
1238 4287 1268 4322 ex
1286 4279 1366 4335 parte,
1385 4284 1435 4335 qua
1452 4271 1591 4320 lucentibus

228 4337 346 4388 seruitus
365 4344 505 4394 exornatur,
525 4341 587 4388 visui
600 4346 683 4389 nostro
700 4342 862 4403 spectandum
875 4356 929 4391 sese
943 4342 1023 4396 offert,
1043 4356 1126 4391 verum
1139 4345 1215 4392 etiam
1227 4346 1308 4393 tenuis
1325 4343 1448 4407 quaedam
1460 4342 1590 4391 sublucens

227 4406 372 4474 ,aspum
389 4408 535 4458 tenebrosae
553 4413 638 4473 partie.
649 4446 655 4458 .
665 4446 686 4460 ..
709 4411 735 4461 Si
747 4413 801 4475 quis
813 4413 889 4461 talem
902 4414 947 4461 sibi
961 4414 1038 4477 eligat
1055 4414 1137 4470 situm,
1156 4420 1185 4463 ut
1197 4429 1213 4464 a
1225 4422 1292 4465 tecto
1305 4416 1344 4464 vel
1362 4414 1459 4464 camino
1479 4421 1524 4462 aut
1541 4412 1590 4462 slio

229 4477 315 4543 aliquo
337 4478 407 4529 obice
426 4480 491 4528 inter
508 4482 585 4530 visum
604 4491 630 4531 et
649 4482 745 4531 Lunam
765 4481 821 4542 (sed
839 4484 923 4546 procul
943 4485 974 4533 ab
993 4484 1064 4533 oculo
1082 4484 1173 4548 posito)
1198 4501 1291 4535 cornua
1308 4489 1363 4550 ipsa
1380 4486 1490 4535 lucentia
1508 4484 1588 4533 occul·

228 4555 332 4606 tantun
361 4563 418 4613 pars
443 4565 499 4600 rero
527 4554 620 4616 reliqua
639 4553 744 4602 Luneris
773 4554 838 4617 globi
864 4554 992 4618 adspectui
1020 4564 1102 4604 nostro
1131 4560 1242 4620 exposita
1269 4559 1432 4623 relinquatur,
1455 4563 1515 4606 tnnc
1534 4555 1590 4605 luce

227 4621 396 4690 mpaigua
419 4620 485 4671 hano
512 4637 607 4688 quoque
627 4624 714 4674 Lunae
736 4623 853 4688 plagam,
883 4627 942 4675 lieet
965 4626 1043 4677 Solari
1067 4628 1157 4676 lumine
1180 4628 1326 4679 destitutam
1348 4629 1477 4693 splendere
1502 4628 1588 4691 depre-

227 4689 333 4742 badet.
429 4691 490 4742 Cum
518 4696 638 4756 ejusmodi
662 4696 822 4746 secundarius
848 4696 928 4761 fulgor
955 4712 1001 4747 nec
1028 4699 1115 4747 Lunae
1140 4700 1172 4746 sit
1194 4702 1346 4766 'congenitus
1369 4708 1443 4764 atque
1470 4701 1589 4764 proprius,

229 4775 279 4814 ase
298 4775 315 4812 a
332 4763 410 4813 stellis
436 4762 492 4813 ullis
521 4779 569 4815 nec
596 4779 613 4815 a
639 4765 696 4815 Sole
721 4773 863 4826 mutuatus,
892 4783 997 4833 cumque
1023 4772 1075 4831 jam
1103 4771 1128 4819 in
1156 4772 1238 4820 mundi
1265 4774 1383 4821 vastitate
1407 4785 1494 4835 corpus
1522 4770 1589 4821 aliud

230 4835 340 4898 msit
364 4833 472 4892 nullum,
500 4837 547 4886 niel
574 4837 628 4886 sola
652 4837 748 4895 Tellus,
779 4838 837 4902 quid
864 4852 957 4902 quaeso
991 4840 1162 4903 opinandum?
1196 4842 1254 4905 quid
1283 4836 1493 4906 praeterendum?
1517 4856 1587 4891 num·

231 4903 292 4970 q&
309 4917 327 4954 s
344 4903 423 4955 Tarra
440 4905 520 4969 ipsum
538 4906 637 4958 Lunarc
657 4923 760 4972 corpus,
789 4916 834 4958 aut
857 4909 984 4973 quidpiam
1000 4911 1069 4967 aliud
1095 4925 1200 4975 opacum
1225 4920 1300 4978 atque
1324 4916 1478 4964 tenebrosum
1497 4914 1588 4962 lumine

232 4973 371 5040 pumudli
399 4974 591 5036 euenerunt
611 4977 733 5030 Maxime:
759 4991 840 5043 aequa
856 4986 978 5045 grateque
997 4984 1177 5046 permutatione
1199 4985 1312 5049 rependit
1329 4984 1412 5037 'lellm
1430 4999 1515 5051 parem
1533 4983 1588 5034 illu·
