3692 5842
804 474 837 527 a·
855 474 937 526 snus
952 474 1033 527 aava
1393 535 1398 544 ,
1531 476 1596 544 537

230 666 294 704 am
305 666 356 702 mc
369 651 395 702 in
414 651 559 702 undenum
577 650 726 716 symphoniis
744 657 875 713 usurpetur
886 651 934 700 nisi
952 653 1083 702 rarissime.
1107 652 1181 702 adde
1193 653 1258 716 qnod
1273 653 1300 702 in
1317 654 1421 702 unisono
1433 659 1461 701 et
1476 653 1598 716 diapason

231 723 414 778 mnenon.
432 737 481 772 non
500 737 572 772 acus
591 731 665 785 atque
685 723 709 771 in
729 721 868 785 aspectibus
888 717 917 786 (ζ
932 730 958 770 et
972 715 1008 783 ἑ.
1027 725 1096 786 trigis
1114 724 1196 772 nullus
1214 724 1288 774 datur
1304 725 1382 774 locm.
1418 722 1459 773 De
1475 723 1524 774 hoc
1540 724 1598 774 ideo

231 801 259 843 ta
278 808 384 844 monem
402 793 476 850 solui.
494 795 554 858 quis
570 793 700 857 polliceris.
720 799 745 842 te
764 793 813 842 ista
827 795 894 854 justo
913 793 975 840 libro
992 793 1180 856 explicaturum.

330 880 381 931 Cur
406 882 530 930 rationem
549 878 565 928 5
585 878 653 929 adil
676 880 753 932 solam
779 879 949 928 harmonicam
977 881 1102 944 appelles.
1130 889 1157 930 et
1180 895 1224 930 cur
1250 883 1345 930 omissis
1363 878 1380 928 1
1398 888 1425 930 et
1442 878 1459 929 6
1476 896 1599 945 pmponae

232 959 339 1002 tantum
362 967 478 1002 numeros
498 952 522 1006 1,
541 950 567 1007 2,
587 950 613 1008 3,
632 950 657 1002 b.
676 949 702 1007 6,
721 966 770 1000 non
794 963 928 1015 assequor;
954 966 1010 1000 cum
1033 955 1099 1014 prior
1115 961 1236 1015 quartae,
1261 953 1324 1000 niter
1346 954 1436 1001 tertiae
1454 953 1521 1001 molli
1539 968 1598 1002 con·

232 1022 383 1073 mendae
406 1025 532 1072 inserviat.
569 1022 700 1073 severinus
718 1021 854 1070 Boetius
876 1022 917 1069 lib.
938 1021 969 1072 ii
989 1035 1051 1071 auae
1070 1023 1248 1072 Arithmeticae
1267 1021 1328 1085 Gap.
1342 1021 1384 1070 17.
1404 1021 1447 1084 (in
1460 1021 1597 1073 commem.

233 1093 313 1144 ratri
333 1093 489 1158 stapulensis
508 1093 547 1142 ed.
571 1090 646 1143 1563.
666 1094 707 1142 iol.
727 1091 840 1151 xxti),
860 1093 891 1142 ds
915 1092 1060 1142 harmonica
1085 1093 1313 1157 proportionalitate
1335 1093 1415 1142 multa
1431 1095 1528 1152 scribit,
1554 1097 1599 1145 sed

234 1177 295 1214 eam
315 1164 390 1214 aliter
408 1173 503 1214 tractat
522 1172 549 1214 et
566 1165 622 1214 aliis
640 1165 747 1213 numeris
765 1162 877 1212 includit.

330 1233 403 1295 Quae
422 1237 453 1285 de
473 1237 646 1286 convenientia
665 1236 726 1284 coeli
746 1243 771 1283 et
790 1236 883 1297 positus
901 1233 1057 1297 planetarum
1075 1236 1101 1282 in
1119 1236 1205 1298 genesi
1231 1243 1328 1296 patrum
1347 1243 1372 1282 et
1390 1234 1495 1283 liiiomm
1513 1236 1599 1285 scribis

234 1303 314 1370 (Cap.
336 1306 390 1364 L),
410 1313 478 1356 certe
497 1321 616 1370 magnam
640 1315 766 1356 merentur
790 1306 987 1355 admirationem.
1026 1305 1124 1354 Contuli
1149 1305 1252 1354 tiliorum
1275 1319 1384 1356 meorum
1406 1306 1520 1356 memata
1542 1322 1599 1356 cum

233 1391 303 1429 mac.
324 1385 351 1426 et
369 1393 421 1426 rem
440 1380 477 1426 ita
496 1392 522 1426 ss
541 1378 633 1428 habere
656 1379 771 1440 comperi.
809 1374 874 1425 iiam
897 1376 989 1440 gradus
1012 1376 1071 1424 mihi
1099 1377 1237 1426 ascendens
1265 1375 1315 1424 filio
1341 1378 1503 1441 primogenito
1530 1379 1600 1427 cadit

233 1449 352 1512 praecisa
370 1450 398 1498 iu
416 1449 524 1498 medium
543 1450 613 1497 coeli.
639 1448 720 1497 lamis
739 1446 802 1496 Solis
821 1450 845 1495 in
864 1460 916 1496 uus
934 1455 960 1495 et
978 1447 1058 1496 altera
1076 1447 1164 1510 genesi
1180 1449 1220 1496 vix
1238 1442 1269 1493 6·
1286 1447 1419 1510 discrepat.
1445 1449 1516 1499 Alter
1533 1449 1598 1497 filius

235 1519 346 1570 tandem
365 1518 471 1583 gradum
489 1534 585 1568 mecum
603 1519 679 1569 habet
697 1520 909 1580 horoscopantem‚
929 1527 1004 1579 atque
1018 1519 1086 1572 ¹adeo
1103 1516 1294 1568 totius-sodiaci
1312 1527 1339 1566 et
1350 1518 1478 1568 steliamm
1494 1520 1598 1568 tixarum

236 1589 429 1654 disposimm
447 1583 619 1646 communem
639 1592 722 1652 etqui
741 1590 800 1638 mibi
819 1589 887 1637 iocus
906 1597 945 1637 est
957 1589 1031 1642 Solis.
1049 1588 1150 1638 istiliae
1163 1594 1202 1636 eat
1213 1589 1359 1638 utendam.
1385 1590 1444 1639 Aba
1461 1599 1597 1652 praetereo.

236 1659 352 1725 Elagana
370 1674 427 1709 vero
446 1667 485 1708 est
503 1669 529 1708 et
547 1660 614 1716 illud,
642 1661 706 1722 quod
725 1661 755 1710 de
773 1674 860 1710 recens
888 1661 955 1708 natis
981 1661 1126 1721 subjecisti:
1154 1657 1325 1709 characterem
1352 1662 1446 1723 positus
1471 1662 1535 1710 coeli
1552 1662 1599 1712 illia

232 1737 351 1794 umpcrs
369 1737 456 1793 partus
474 1731 586 1793 imprimi.
622 1730 677 1779 Eoc
696 1733 795 1780 unicum
814 1740 841 1780 et
858 1746 943 1780 verum
965 1732 1115 1794 astrologiae
1138 1730 1311 1794 genethliacus
1338 1731 1526 1782 fondamentum
1544 1747 1599 1782 essa

233 1801 298 1850 nihi
318 1800 472 1865 persuadeo.
492 1816 522 1850 ea
541 1815 588 1866 quo
607 1802 802 1852 observationem
820 1804 939 1852 transitus
964 1802 1121 1863 planetarum
1137 1816 1183 1864 per
1198 1800 1255 1852 loca
1279 1802 1439 1866 genethliaca
1464 1805 1599 1868 insigniora

232 1887 288 1924 atat
307 1885 406 1936 prorsus
425 1885 514 1920 ranam
533 1886 587 1921 csse
606 1872 702 1936 colligo.

329 1942 434 1992 (iratum
453 1942 513 1991 mihi
531 1942 578 1991 init
595 1943 677 1992 videre
703 1944 900 1992 observationum
927 1943 1015 1991 stellae
1034 1956 1113 1991 norae
1138 1942 1352 2006 consignationem
1374 1957 1430 2006 cap.
1451 1942 1508 1998 xil,
1533 1945 1599 2008 quod

233 2029 268 2066 ax
287 2027 322 2065 sa
340 2014 482 2070 didicerim
502 2014 557 2062 aliis
576 2027 655 2076 aeque
673 2027 703 2062 ac
722 2013 782 2062 mihi
801 2014 936 2072 accidisse,
959 2023 988 2062 ut
1004 2018 1055 2061 suis
1079 2013 1289 2064 observationibus
1306 2029 1356 2063 non
1382 2016 1484 2064 easdem
1502 2029 1599 2078 semper

232 2085 414 2138 mosum
432 2099 561 2134 mensuras
579 2087 764 2147 reportaverint.
802 2084 923 2133 Doiebam
942 2087 1022 2141 enim,
1046 2098 1103 2132 cum
1120 2083 1237 2141 viderem,
1255 2099 1325 2133 meas
1342 2085 1408 2134 inter
1425 2099 1453 2136 aa
1471 2101 1520 2136 nou
1538 2100 1596 2136 con·

232 2159 340 2208 unare.
377 2155 455 2206 Verbi
481 2158 564 2220 gratia
583 2156 606 2203 d.
627 2152 668 2202 29.
688 2156 747 2206 ian.
771 2152 845 2203 1605.
874 2156 1018 2204 distantiam
1036 2154 1123 2203 a'ovse
1140 2168 1157 2203 a
1175 2154 1250 2205 corde
1268 2155 1362 2218 Scorpii
1387 2156 1598 2218 deprehenderam

236 2225 288 2276 11·
307 2223 353 2278 16·
374 2235 401 2275 et
419 2240 436 2277 a
453 2241 520 2290 genu
538 2229 636 2276 sinistro
655 2226 778 2290 Ophiuchi
801 2222 846 2273 16·
864 2223 917 2274 56¹.
954 2228 1029 2289 Atqui
1047 2226 1137 2274 deinde
1155 2223 1197 2272 27.
1211 2225 1287 2275 biart.
1306 2226 1374 2275 illam
1395 2224 1443 2276 11·
1460 2226 1513 2286 13·,
1532 2228 1598 2278 hauc

236 2294 289 2346 16·
308 2295 353 2346 16·
373 2298 410 2346 vel
430 2296 473 2345 15·
494 2299 617 2346 duntaxat
637 2299 726 2345 inveni.
763 2297 892 2346 irascebar
915 2298 991 2360 igitur
1007 2296 1066 2344 mihi
1085 2305 1112 2346 ct
1130 2297 1280 2347 accusabam
1305 2307 1357 2346 tum
1374 2300 1441 2346 visus
1459 2299 1598 2348 hallucina-

231 2372 341 2426 tionem,
359 2377 414 2417 tum
431 2368 587 2418 brachiorum
605 2369 821 2426 infirmitudinem‚
841 2375 893 2416 tuns
910 2368 974 2416 radii
992 2367 1175 2431 quadripedalis
1200 2368 1337 2417 exilitatem
1354 2377 1400 2418 sut
1417 2370 1485 2418 aliud
1502 2372 1596 2426 sitium.

230 2447 290 2492 tum
307 2440 416 2502 denique
434 2440 483 2488 loci
496 2449 523 2488 et
534 2449 677 2503 prospectus
690 2439 924 2494 incommoditatem.
938 2453 1003 2503 quae
1015 2440 1092 2488 etiam
1105 2453 1183 2488 causa
1194 2439 1248 2493 luit.
1268 2454 1312 2488 cur
1324 2454 1393 2489 meas
1411 2441 1597 2492 obserrationea

231 2525 286 2562 aaa
304 2524 383 2560 ausus
400 2511 447 2558 sim
466 2511 499 2560 ad
517 2521 543 2559 te
561 2513 666 2560 mittere.
706 2510 797 2560 l'emm
815 2511 874 2573 quis
892 2517 919 2560 tu
938 2510 1055 2573 dignatus
1073 2523 1100 2556 es
1113 2523 1199 2558 earum
1216 2518 1245 2558 ut
1257 2509 1290 2559 ab
1302 2511 1357 2560 aliis
1375 2524 1509 2575 acceperas
1527 2526 1597 2560 men·

231 2584 332 2632 donem
350 2581 434 2630 iacere
453 2577 527 2644 (Cap.
547 2581 601 2630 xli.
622 2582 667 2631 snb
685 2580 782 2641 finem),
800 2581 860 2630 libet
877 2580 917 2630 hic
937 2581 1000 2630 alias
1023 2580 1154 2628 nonnullas
1172 2580 1272 2630 addere.
1308 2583 1382 2630 Anno
1403 2577 1479 2630 16111.
1499 2583 1598 2632 stellam

233 2655 261 2704 in
281 2665 377 2702 occasu
404 2654 552 2702 existentem
570 2667 619 2701 non
639 2654 707 2716 potui
735 2653 844 2702 conierre
864 2666 919 2701 cum
947 2651 1025 2701 stellis
1043 2651 1112 2706 tiris;
1140 2665 1200 2700 nam
1227 2660 1326 2715 propter
1352 2654 1406 2714 ejus
1433 2653 1597 2702 humilitatem

232 2723 328 2776 saltem
348 2737 379 2772 ex
397 2725 506 2772 tutione
524 2722 657 2772 sublimiori
676 2739 693 2773 a
710 2739 749 2772 rne
768 2723 877 2786 conspici
903 2723 997 2784 potuit,
1023 2722 1065 2772 ubi
1087 2731 1229 2784 prospectus
1251 2723 1357 2772 dabatur
1384 2723 1495 2787 obliquus
1514 2725 1597 2773 obser-

232 2795 332 2846 vationi
351 2809 402 2842 non
422 2801 513 2857 aptus;
541 2794 631 2843 deinde
659 2795 747 2844 stellae
766 2794 829 2842 irae
857 2793 949 2843 exilia
971 2801 1043 2856 parte
1062 2792 1092 2841 oh
1111 2793 1246 2856 crepusculi
1265 2794 1396 2856 vespertini
1413 2793 1496 2844 lucem
1512 2795 1597 2845 nullae

235 2866 403 2932 apparebant
442 2863 540 2913 Contuli
569 2867 644 2930 igitur
671 2880 726 2914 eam
752 2873 849 2913 tanturn
868 2879 924 2914 cum
942 2865 1021 2919 iore.
1048 2871 1077 2911 ut
1094 2863 1184 2912 saltem
1206 2854 1243 2919 οἷς
1261 2859 1292 2913 ἓν
1310 2861 1406 2913 uiaret
1435 2868 1489 2927 ejus
1516 2865 1597 2916 locum

232 2937 423 3000 msestigarem.
443 2945 469 2984 et
488 2932 513 2984 9.
533 2933 595 2985 llos.
615 2937 758 2985 distantiam
777 2951 860 2984 eorum
878 2936 949 2984 radio
967 2935 1119 2999 exploratam
1138 2935 1286 2998 deprehendi
1305 2935 1336 2980 7·
1348 2934 1400 2983 35·.
1432 2935 1597 3000 Sequentibus

232 3023 291 3060 cero
320 3008 408 3056 dicbus
435 3015 534 3070 propter
561 3008 738 3056 observationis
766 3007 939 3056 difficultatem
967 3007 991 3056 id
1012 3007 1093 3070 potius
1112 3007 1161 3070 egi.
1188 3014 1217 3057 ut
1236 3007 1381 3055 namnam
1405 3009 1477 3069 juxta
1503 3017 1597 3057 motum

233 3079 305 3130 iovis
326 3078 440 3127 diurnum
461 3087 562 3126 auctam
581 3080 716 3127 conierrem
736 3093 791 3126 cum
810 3078 893 3133 coelo,
913 3091 987 3141 quam
1005 3087 1033 3125 ut
1050 3076 1120 3125 illam
1138 3091 1168 3125 er
1187 3078 1256 3127 coelo
1280 3087 1449 3141 reportareme
1468 3080 1524 3129 ideo
1540 3079 1597 3129 illas

233 3151 333 3201 emico.
371 3149 420 3199 Die
441 3145 483 3197 16.
502 3147 565 3198 ttov.
586 3148 741 3199 altitudinem
765 3147 858 3198 Stellae
882 3151 936 3211 cepi
955 3145 986 3196 5·
1004 3146 1056 3206 50·,
1081 3146 1106 3195 h.
1127 3147 1151 3195 ⁵.
1173 3147 1216 3196 id‘
1234 3164 1256 3212 p.
1276 3165 1309 3197 m.
1328 3151 1354 3198 in
1377 3151 1504 3206 asimuth,
1533 3150 1598 3215 quod

235 3221 297 3272 mihi
317 3221 414 3286 lingula
432 3222 577 3286 magnetica
602 3223 756 3269 monstrabat
775 3234 791 3268 a
809 3219 945 3268 meridiano
972 3233 1055 3267 versus
1083 3230 1199 3267 occasum
1224 3218 1411 3278 declinareli,
1430 3217 1597 3271 16ιο119·.

234 3291 348 3344 Lubrica
366 3298 393 3342 et
410 3294 509 3342 incerta
525 3290 584 3340 mihi
612 3292 739 3340 videbatur
756 3290 819 3340 haec
838 3291 991 3345 observatio,
1019 3290 1077 3352 quia
1103 3290 1213 3338 asimuth
1230 3301 1286 3340 erat
1304 3291 1406 3349 dubius,
1434 3306 1482 3340 nec
1499 3299 1597 3356 tempus

234 3364 387 3430 exquisitsrm
407 3377 436 3412 ea
449 3362 575 3428 horologio
593 3363 740 3419 desumtum,
759 3362 823 3426 qnod
842 3361 967 3410 debuisset
985 3375 1014 3408 ea
1028 3359 1159 3409 altitudine
1177 3361 1265 3410 sanae
1285 3362 1389 3423 aiicujus
1407 3362 1472 3412 lixae
1490 3365 1546 3427 capi
1565 3366 1597 3412 ab

233 3435 367 3490 adstante.
386 3435 427 3498 qui
446 3434 506 3484 mihi
525 3435 606 3482 nuilus
625 3433 720 3484 aderat.
754 3433 839 3497 ltaque
858 3445 909 3480 rem
929 3445 995 3480 anno
1013 3431 1125 3493 sequenti
1145 3432 1217 3480 aliter
1235 3446 1368 3498 aggressus
1386 3447 1448 3484 sum.
1467 3443 1598 3497 postquam

232 3507 310 3558 steila
330 3519 347 3555 a
366 3505 423 3555 Sole
448 3513 566 3569 separata
595 3508 648 3567 ejus
673 3505 755 3553 radios
784 3503 867 3570 egredi
894 3504 984 3566 coepit
1020 3501 1138 3550 Primos
1155 3517 1194 3551 me
1222 3503 1353 3553 observata
1370 3503 1417 3552 luit
1435 3503 1475 3553 die
1494 3502 1515 3552 7.
1537 3504 1596 3554 ian.

231 3591 310 3628 manc
331 3575 356 3626 h.
376 3573 401 3625 7.
418 3580 492 3638 Juxta
508 3576 660 3640 horologium
679 3585 798 3640 quantum
817 3575 869 3623 fieri
888 3575 968 3636 potuit
986 3587 1003 3623 a
1020 3586 1059 3622 mc
1078 3573 1256 3633 rectificatum,
1283 3575 1387 3623 altitudo
1406 3574 1499 3623 Stellae
1518 3589 1597 3625 norae

233 3647 284 3697 11·
304 3643 350 3696 33·
371 3647 544 3702 marimuth,
570 3661 642 3711 quem
670 3661 773 3712 magnes
800 3646 957 3694 monstrabat
975 3641 1023 3692 39·
1048 3657 1071 3692 c.
1098 3642 1221 3694 declinare
1241 3659 1257 3695 a
1274 3646 1410 3694 meridiano
1438 3645 1471 3694 ad
1498 3657 1596 3702 ortunae

234 3717 362 3770 distanth
378 3715 466 3768 liovac
485 3733 502 3766 a
519 3717 618 3768 Venere
642 3719 685 3767 15·
704 3716 755 3767 ’261
781 3718 879 3767 Deinde
899 3731 920 3767 c.
940 3716 964 3765 h.
984 3713 1010 3763 9.
1028 3721 1089 3763 mat
1110 3715 1152 3763 Sol
1170 3716 1356 3780 ingrediebatur
1374 3716 1483 3765 azimuth
1501 3715 1596 3768 Stellae

232 3805 316 3842 sesae
336 3789 383 3839 sub
401 3789 533 3838 altitudine
552 3786 583 3837 9·
602 3786 663 3844 56·;
692 3790 757 3838 idem
775 3797 862 3853 postea
881 3791 905 3838 in
926 3787 1036 3839 azimuth
1055 3787 1159 3835 l'eneris
1182 3783 1227 3835 19·
1245 3802 1267 3836 c.
1287 3789 1434 3838 constitutus
1457 3791 1524 3837 altus
1542 3796 1598 3838 erat

235 3859 284 3912 17·
297 3860 335 3910 2·.
361 3860 416 3925 Ego
435 3861 527 3909 omissa
539 3859 638 3910 Venere
651 3871 676 3909 et
690 3864 743 3923 ejus
757 3861 866 3910 azimuth
879 3860 968 3909 saltem
987 3858 1131 3908 altitudines
1144 3857 1208 3907 Solis
1221 3865 1247 3908 et
1258 3858 1346 3907 Novas
1357 3859 1382 3907 in
1396 3859 1474 3908 altero
1487 3859 1597 3910 asimuth

234 3931 406 3998 deprehensas
434 3930 531 3980 cuculo
556 3932 657 3993 subjeci,
678 3939 702 3981 et
720 3933 798 3996 primo
826 3932 982 3980 altitudinem
1001 3930 1064 3979 Solis
1083 3931 1114 3978 ob
1133 3933 1186 3992 ejus
1210 3929 1348 3994 paraliaxin
1371 3932 1428 3979 auxi
1448 3928 1472 3978 3·
1492 3945 1597 3996 eamque

233 4005 315 4055 mmai
334 3999 367 4050 9·
385 3999 439 4050 59·.
477 4001 539 4050 Erat
558 4015 616 4051 tunc
636 4004 775 4064 ejus-iocus
791 4007 864 4066 juxta
882 4002 1025 4065 Tychonem
1046 3997 1093 4047 17·
1112 3999 1153 4049 tt·
1173 3999 1215 4067 ῖφ,
1234 4015 1290 4050 cnm
1309 4015 1361 4050 asc.
1379 4010 1451 4051 recta
1468 3999 1535 4052 269·
1555 4003 1597 4051 15·

233 4081 261 4128 at
278 4073 347 4124 daci.
366 4081 444 4122 auctr.
465 4070 515 4120 22ΙΙ
532 4071 583 4122 25·.
608 4072 693 4122 inveni
713 4075 835 4139 igiturex
854 4074 985 4123 altitudine
1004 4072 1067 4122 Solis
1086 4071 1227 4135 (supposita
1244 4072 1292 4122 loci
1309 4072 1375 4122 tatio
1395 4070 1444 4119 17·
1462 4073 1518 4131 51·)
1536 4081 1597 4122 tuuc

235 4145 433 4196 declinationem
462 4144 573 4194 uimnth
590 4157 607 4192 a
630 4145 766 4194 meridiano
794 4147 818 4193 in
846 4153 927 4194 ortum
946 4139 995 4192 39·
1013 4140 1055 4191 31·
1084 4151 1109 4193 et
1136 4143 1281 4193 distantiam
1305 4143 1404 4193 Solita
1426 4144 1507 4193 medio
1534 4145 1597 4192 coeii

234 4211 286 4266 12·
305 4211 360 4272 11·,
379 4227 445 4282 quaa
463 4215 618 4264 monstrabat
645 4229 695 4264 asc.
724 4225 818 4265 rectam
842 4216 916 4265 medii
945 4215 1008 4265 coeli
1027 4211 1095 4263 216·
1113 4211 1155 4264 31·
1175 4214 1252 4265 adh.
1271 4212 1295 4263 9.
1315 4212 1340 4262 9·
1359 4216 1522 4270 matutinam.
1547 4228 1597 4278 qua

234 4287 278 4339 aot
296 4287 398 4336 tranallt
415 4299 461 4350 per
479 4286 597 4335 azimuth.
634 4285 742 4352 ideoque
760 4287 783 4336 h.
804 4285 828 4333 t.
848 4301 932 4342 mane,
950 4286 1049 4351 quando
1067 4286 1141 4335 stella
1158 4287 1191 4335 ibi
1209 4287 1344 4343 existebat.
1363 4300 1414 4335 asc.
1433 4293 1504 4334 recta
1521 4285 1596 4334 medii

235 4357 301 4410 eccll
320 4359 366 4407 init
384 4353 453 4405 211·
472 4353 523 4405 19·.
560 4355 658 4406 Deinde
677 4373 720 4420 per
738 4357 893 4407 altitudinem
912 4357 1006 4407 Stellae
1025 4363 1051 4406 et
1069 4357 1187 4420 anguium
1207 4358 1382 4406 asimuthalem
1398 4359 1451 4419 jam
1468 4358 1596 4405 incentum

237 4429 349 4496 quaesiti
367 4435 422 4478 tum
442 4425 634 4478 declinationem
647 4427 733 4478 Novae
746 4427 849 4487 Stellae,
867 4443 932 4492 quae
951 4428 1057 4478 dabatur
1075 4423 1125 4476 21·
1140 4425 1196 4488 1“,·,·
1210 4437 1297 4486 auctr..
1315 4437 1368 4477 tum
1381 4431 1434 4491 ejus
1452 4427 1595 4476 distanffim

239 4499 355 4551 amedic
373 4499 439 4550 coeli
457 4497 487 4546 11
495 4497 506 4522 ·
525 4496 578 4556 61·,
597 4514 628 4548 ex
645 4513 695 4564 qua
713 4501 873 4563 proveniebat
891 4504 944 4562 ejus
963 4514 1014 4549 asc.
1033 4506 1104 4549 recta
1122 4497 1189 4546 266·
1207 4497 1258 4547 13·.

328 4587 400 4640 Haec
419 4588 504 4638 omnis
522 4599 626 4638 venatus
644 4603 698 4637 sum
716 4604 760 4652 per
779 4584 820 4638 32.
841 4597 867 4638 et
886 4587 929 4638 33.
948 4590 1136 4652 propositionem
1154 4587 1208 4636 libri
1220 4586 1288 4635 m.
1317 4586 1473 4635 Geometriae
1486 4585 1596 4634 Rotundi

244 4657 381 4710 'ihomas
400 4659 546 4716 Fiuchii,
564 4660 707 4723 professoris
720 4659 890 4710 mathematici
903 4660 1056 4715 listiniensis,
1076 4659 1166 4708 medici
1178 4669 1203 4706 et
1216 4658 1351 4721 philosophi
1364 4657 1503 4713 clarissimi,
1521 4657 1596 4706 amici

247 4729 295 4778 mal
312 4730 469 4798 integerrimi.
488 4729 545 4780 clim
563 4733 587 4778 iu
607 4730 680 4780 italia
700 4740 725 4780 et
743 4730 859 4781 Basileae
879 4733 1022 4781 convictoris
1051 4732 1099 4779 mei
1126 4729 1272 4777 suavissimi.
1311 4727 1360 4788 Qui
1378 4742 1411 4776 an
1430 4728 1511 4777 adhuc
1529 4729 1596 4776 sivat

253 4811 285 4848 an
297 4800 358 4850 dam
375 4802 471 4862 obierit,
489 4801 582 4860 dubito,
602 4816 658 4851 cum
674 4805 727 4863 jam
746 4817 789 4866 per
807 4804 949 4852 octennium
968 4802 1109 4865 etamplius
1127 4800 1186 4848 nihil
1206 4798 1239 4848 ad
1251 4815 1290 4847 me
1303 4801 1478 4862 perscripserit,
1497 4799 1595 4861 saepius

253 4867 342 4920 iuterim
360 4887 376 4922 s
393 4887 434 4922 me
452 4887 496 4936 per
513 4874 598 4921 literas
615 4875 731 4922 monitus.
757 4871 838 4936 (Opus
856 4874 921 4937 quod
940 4873 999 4922 dicit
1011 4875 1041 4924 B.
1061 4872 1150 4935 prodiit
1167 4870 1226 4919 Bas.
1243 4867 1327 4927 15o3;
1347 4877 1468 4919 mortuum
1481 4869 1596 4919 Finlrium

256 4937 324 4991 tdat
337 4941 452 4994 asuerus
471 4937 599 5007 [Cymbria
616 4938 728 5007 literato]
749 4959 814 4993 anno
837 4943 911 4993 1656.
931 4946 1022 4994 aetatis
1041 4941 1084 4993 95.
1104 4939 1243 5003 annorum)

337 5011 371 5066 ila
387 5017 542 5080 praucnpta
565 5015 640 5082 igitur
668 5015 838 5067 observatione
862 5017 966 5067 tandem
987 5015 1126 5066 resultabat
1151 5012 1256 5062 latitudo
1275 5010 1370 5064 Stellae
1387 5013 1438 5062 bor.
1460 5007 1489 5060 1·
1507 5007 1549 5060 53·
1569 5016 1595 5062 et
