3692 5842
357 485 423 552 690
516 511 519 518 ·
836 482 877 532 ue
895 477 1234 543 missensem:

351 666 451 726 altera
474 682 512 724 ex
535 663 634 723 altera
656 666 820 738 conspecta
852 666 943 738 atque
973 675 1068 736 penes
1100 675 1156 719 uos
1180 659 1245 740 jam
1277 667 1405 740 utraqu
1435 660 1592 741 apparet?
1623 669 1710 740 'equ

352 753 547 816 inveniantur
569 749 730 811 intervalla
753 748 832 809 inter
855 756 1011 826 utramque
1034 746 1134 808 stellis
1157 767 1264 817 vacua.
1297 749 1437 829 aequalia
1464 749 1518 812 his
1545 749 1712 812 intervallis

351 843 431 905 iuter
454 860 509 901 nus
534 851 566 900 et
589 837 767 916 utramque?

439 928 612 1002 Fortassis,
636 928 775 1007 inquam,
809 945 857 987 res
880 924 938 985 hoc
960 931 1052 1001 pacto
1075 924 1211 1004 adjuvari
1233 937 1353 1004 posset,
1384 925 1412 987 si
1446 925 1530 988 dnae
1554 927 1643 988 solae
1665 941 1712 988 aat

351 1038 466 1101 paucae
490 1018 600 1079 stellae
624 1023 736 1088 essent,
762 1015 787 1074 si
812 1034 870 1075 non
894 1013 923 1072 iu
948 1013 1051 1074 orbem
1065 1014 1275 1093 circumjectae
1288 1022 1322 1076 et
1337 1015 1573 1079 disseminatae.
1620 1015 1711 1096 Equi-

352 1112 419 1170 dem
444 1115 498 1169 aut
521 1106 646 1167 alternis
670 1104 838 1182 hujusmodi
861 1100 971 1162 stellas
993 1102 1118 1163 attolles
1140 1111 1174 1164 ct
1194 1103 1358 1183 relinques,
1385 1119 1440 1167 ant
1462 1105 1640 1166 universas.
1683 1104 1713 1166 Si

353 1197 491 1272 alteruis,
516 1215 574 1256 uou
597 1204 645 1254 est
664 1193 786 1253 sublata
809 1191 958 1272 quaestio,
981 1191 1040 1251 etsi
1060 1210 1221 1272 parumper
1238 1192 1403 1254 imminuta.
1439 1192 1534 1265 Quae
1548 1195 1631 1255 enim
1647 1213 1712 1275 pro·

355 1289 484 1368 pinquae
507 1291 691 1356 manserunt,
716 1282 753 1342 de
776 1282 814 1343 iis
838 1288 941 1341 manet
963 1279 1126 1341 etiamnum
1148 1282 1254 1342 eadem
1276 1281 1457 1344 affirmatio:
1480 1282 1648 1362 propiores
1668 1283 1712 1344 ia·

354 1378 448 1437 vicem
474 1393 541 1436 esse
565 1372 653 1434 binas
676 1371 900 1449 comparatione
932 1368 1073 1430 instituta
1104 1369 1316 1432 distantiarum
1345 1371 1384 1431 ad
1416 1373 1592 1434 diametros
1624 1371 1713 1452 adque

353 1463 530 1525 distantiam
555 1480 656 1522 earum
679 1481 698 1520 a
713 1459 797 1522 Sole.
836 1457 923 1529 Quae
946 1477 1019 1519 vero
1033 1468 1105 1521 sunt
1125 1458 1217 1522 altius
1230 1459 1389 1534 sublatae,
1413 1461 1579 1522 distabunt
1603 1461 1714 1541 quiden

354 1553 481 1631 longius,
506 1552 559 1612 sed
585 1550 613 1611 in
638 1569 750 1628 magna
772 1546 963 1609 nihilominus
984 1549 1177 1627 proportione
1199 1559 1296 1611 eruut.
1341 1549 1445 1631 Atque
1474 1551 1538 1612 hoc
1570 1568 1632 1630 epo
1653 1551 1713 1630 qai-

355 1644 421 1704 dem
445 1642 523 1702 citra
546 1657 657 1701 causae
682 1638 892 1699 detrimentum
917 1637 1006 1697 lacile
1029 1638 1246 1700 concesserim:
1276 1638 1371 1699 allisa
1391 1638 1497 1701 omnia
1520 1639 1633 1700 eadem
1655 1658 1715 1699 esse

354 1729 578 1808 magnitudine:
602 1746 725 1807 quorum
749 1745 825 1806 quae
840 1745 952 1805 magua
969 1725 1056 1787 nobis
1074 1737 1231 1806 apparent,
1253 1727 1422 1807 propinqua
1439 1727 1505 1790 sint
1521 1727 1624 1800 nohis,
1648 1747 1716 1808 qnae

354 1838 463 1900 parva,
488 1827 574 1878 tanto
598 1816 775 1878 remotiora:
812 1826 891 1889 ,Non
911 1826 983 1895 quod
1004 1826 1084 1879 clara
1102 1825 1200 1890 minas,
1221 1828 1269 1880 sed
1282 1829 1355 1898 quad
1369 1829 1461 1901 magis
1474 1829 1544 1882 alta
1558 1827 1717 1884 neem

356 1918 390 1970 ut
411 1906 495 1970 canit
517 1906 672 1967 Manilius.

444 1994 653 2059 Concesserim
677 1994 808 2072 inquam,
833 2010 891 2052 non
911 1990 1133 2053 affirmaverim.
1168 1991 1247 2054 Nam
1262 2011 1357 2071 seque
1372 1993 1463 2055 facile
1476 1996 1566 2057 credi
1584 2005 1718 2075 ponuat,

357 2095 391 2148 ut
415 2086 566 2158 claritate,
591 2093 625 2145 ut
647 2081 808 2152 coloribus,
832 2081 876 2141 sic
900 2078 992 2141 etiam
1015 2081 1221 2158 magnitudine
1242 2100 1367 2144 revera
1389 2082 1525 2145 differre.
1574 2089 1625 2147 Ae
1648 2085 1719 2145 tone

356 2189 513 2255 utrumque
537 2191 638 2234 verum
662 2181 723 2245 est,
758 2170 795 2230 ad
829 2169 998 2246 exemplum
1030 2169 1234 2248 planetarum,
1267 2189 1390 2250 quorum
1423 2173 1476 2234 alii
1503 2173 1576 2235 aliis
1600 2193 1636 2236 re
1654 2192 1720 2233 vera

358 2264 505 2342 majores,
530 2261 582 2323 alii
605 2261 697 2322 etiam
721 2269 869 2339 apparent
888 2258 1032 2337 majores.
1064 2260 1122 2321 etsi
1150 2277 1204 2338 per
1226 2278 1295 2320 sese
1317 2261 1464 2334 minores,
1500 2264 1575 2342 quia
1608 2263 1719 2326 seilicet

356 2352 444 2414 nohis
467 2358 539 2412 sunt
561 2350 726 2429 propiores.

445 2439 506 2502 Sed
531 2457 691 2518 pergamus
714 2436 753 2498 ad
773 2435 900 2495 altemm
920 2435 1093 2508 membrum,
1117 2436 1263 2511 dieentes,
1278 2436 1349 2517 qnid
1367 2438 1555 2514 obtineatur,
1579 2439 1608 2500 si
1623 2459 1719 2501 omnes

356 2531 395 2592 ad
419 2548 507 2590 uuum
531 2529 640 2591 stellae
673 2526 712 2587 ah
740 2524 868 2587 invicem
903 2542 958 2584 suo
990 2524 1143 2606 quaelibet
1169 2525 1349 2587 diastemate
1380 2527 1585 2590 divellantur:
1620 2529 1666 2590 sie
1692 2539 1720 2589 ut

357 2638 434 2700 quae
459 2617 545 2680 nohis
569 2617 707 2698 proxima
729 2615 861 2677 retincat
889 2611 967 2673 hauc
995 2614 1264 2693 propinquitatem,
1294 2636 1383 2696 quam
1415 2616 1506 2678 modo
1539 2617 1720 2678 astronomia

357 2717 467 2770 metam
490 2709 558 2787 figit
580 2705 738 2780 universis,
763 2704 874 2766 nullam
899 2701 1022 2781 propius
1046 2702 1225 2777 admittens,
1250 2704 1289 2764 ab
1303 2725 1340 2766 ea
1354 2705 1488 2785 reliquae
1505 2725 1615 2767 omnes
1631 2707 1719 2768 attol-

357 2799 469 2869 lantur,
492 2796 645 2876 quaelibet
666 2795 766 2856 vicina
789 2799 875 2853 tauto
898 2792 992 2853 altius
1015 2799 1129 2871 quauta
1151 2800 1201 2853 est
1222 2793 1403 2856 humillimae
1418 2815 1438 2853 a
1459 2794 1551 2856 nohis
1566 2795 1720 2857 distantia

356 2886 441 2950 h'ihil
466 2905 503 2947 ue
526 2886 570 2946 sic
594 2884 713 2964 quidem
738 2881 874 2943 efficitur.
912 2879 1072 2959 Nunquam
1093 2899 1143 2941 res
1164 2899 1200 2941 eo
1219 2882 1372 2960 redigitur,
1397 2893 1432 2943 ut
1446 2882 1564 2944 similia
1578 2884 1629 2956 iis,
1653 2903 1721 2964 qaae

359 2975 446 3036 nohis
470 2983 627 3054 apparent,
652 2981 819 3053 appareant
843 2968 934 3028 etiam
958 2969 1016 3043 hie,
1041 2969 1090 3048 qui
1115 2971 1143 3030 iu
1158 2969 1219 3032 illis
1237 2971 1335 3032 stellis
1350 2972 1433 3033 verli
1448 2991 1547 3033 causa
1564 2974 1721 3034 ohservare

359 3067 525 3134 ineuntur:
550 3082 586 3122 ea
611 3080 667 3141 quo
691 3059 851 3139 colligitur,
876 3056 954 3118 huuc
978 3059 1083 3131 locum,
1109 3059 1211 3140 inquo
1230 3079 1410 3129 uossnmm,
1435 3080 1560 3139 semper
1575 3062 1721 3142 peculiare

359 3153 430 3232 quid
454 3152 649 3229 orrrnihusque
673 3169 728 3230 per
751 3158 844 3209 totam
866 3144 1043 3207 intinitatem
1063 3147 1145 3209 illam
1166 3148 1442 3211 incommunicabile
1458 3149 1613 3212 obtinere.
1651 3153 1721 3212 h'am

359 3242 385 3302 si
410 3240 454 3301 sic
479 3259 526 3302 res
552 3240 679 3313 lrabeat,
709 3239 753 3300 uti
782 3238 908 3309 dictum,
940 3247 1036 3310 certe,
1068 3245 1102 3297 ut
1132 3238 1284 3316 quaelibet
1307 3238 1410 3315 duplo,
1440 3239 1551 3317 triplo,
1587 3242 1722 3319 centuplo

360 3330 466 3403 altior,
501 3328 544 3389 ita
575 3329 680 3407 duplo,
715 3327 821 3406 triplo,
857 3325 996 3403 centuplo
1024 3327 1083 3386 erit
1113 3337 1144 3387 et
1168 3328 1271 3406 major.
1319 3325 1437 3407 Quippe
1462 3338 1722 3409 quantumcunque

360 3419 446 3479 dicas
470 3418 631 3489 elevatam,
657 3435 806 3495 nunquam
831 3414 954 3484 efficies,
979 3424 1011 3475 ut
1026 3434 1083 3475 non
1099 3415 1237 3479 videatur
1250 3415 1360 3477 hahere
1380 3417 1502 3477 anobis
1523 3417 1618 3478 duum
1634 3419 1722 3478 minu·

360 3518 456 3571 terum
480 3507 669 3567 diametrum.
718 3504 844 3582 Semper
867 3503 960 3581 igitur
983 3503 1130 3566 diameter
1152 3505 1314 3567 distantiae
1339 3527 1357 3565 a
1382 3506 1468 3566 nobis
1493 3508 1557 3567 erit
1581 3509 1656 3586 pa'rs
1685 3507 1724 3566 bis

359 3597 519 3658 millesima
543 3603 596 3655 aut
618 3594 778 3655 millesima
801 3601 854 3652 aut
877 3593 939 3652 tale
964 3592 1131 3671 quippiam:
1163 3594 1326 3655 distantiae
1354 3613 1425 3655 vero
1450 3595 1582 3657 duarum
1608 3597 1724 3657 liramm

360 3707 380 3747 a
402 3706 435 3746 se
451 3695 552 3746 mutuo
568 3684 688 3761 (utpote
709 3681 811 3744 multis
826 3680 962 3759 partibus
977 3681 1110 3756 minoris,
1135 3702 1222 3762 quam
1237 3692 1286 3744 est
1304 3703 1405 3744 earum
1420 3706 1439 3743 a
1455 3685 1547 3744 nobis
1567 3685 1725 3746 distantia)

361 3776 418 3836 erit
441 3775 501 3835 ista
525 3774 671 3834 diameter
693 3791 765 3851 pars
788 3772 881 3831 multo
905 3769 1011 3848 major.
1049 3769 1118 3832 Etsi
1133 3772 1225 3848 igitur
1247 3792 1284 3833 ex
1298 3792 1357 3833 una
1372 3773 1466 3833 stella
1484 3774 1579 3836 nobis
1594 3774 1726 3855 proxima

361 3864 466 3924 eadem
490 3880 565 3940 pene
591 3862 684 3921 facies
709 3859 785 3921 coeli
809 3859 977 3939 apparebit,
1001 3877 1077 3938 quae
1101 3879 1194 3940 penes
1213 3881 1283 3922 uos:
1309 3872 1341 3922 at
1355 3880 1392 3923 ex
1407 3862 1534 3936 ceteris,
1560 3885 1622 3944 qun
1638 3885 1725 3944 quae·

362 3952 435 4013 libet
459 3961 507 4011 est
530 3950 680 4021 remotior,
705 3950 761 4010 hoc
785 3948 881 4027 tnagis
906 3967 943 4008 ex
967 3967 1004 4008 ea
1027 3949 1192 4012 variabitur
1211 3958 1353 4030 aspectus
1368 3951 1481 4013 mundi.
1532 3953 1727 4014 Manentibus

361 4041 470 4120 quippe
495 4039 661 4099 intervallis
680 4039 815 4099 binarum
831 4037 986 4098 stellarum
1007 4039 1098 4117 (quae
1114 4039 1199 4100 nohis
1214 4039 1353 4101 videntur
1372 4038 1611 4114 vicinissimae),
1638 4063 1726 4122 aupe-

362 4130 440 4189 bitur
463 4130 617 4207 proportio
642 4136 794 4206 aspectus.
842 4128 948 4206 ltaque
972 4145 1030 4206 quo
1054 4128 1150 4206 magis
1166 4129 1232 4208 quis
1247 4129 1356 4190 stellas
1375 4129 1404 4189 in
1421 4129 1576 4193 infinitam
1592 4133 1728 4194 subvehit

362 4218 560 4290 altitudinem,
587 4217 642 4277 huc
666 4216 896 4278 monstrosiores
920 4215 982 4276 illic
1005 4215 1092 4294 tingit
1114 4218 1217 4290 moles,
1243 4218 1347 4297 quales
1362 4237 1400 4280 ex
1421 4218 1479 4279 hoc
1496 4231 1609 4284 nostro
1634 4221 1728 4283 mandi

364 4309 427 4367 loco
452 4327 509 4366 non
533 4315 703 4367 cemuutur.
751 4304 802 4367 Sic
826 4304 917 4365 etiam
941 4304 1098 4366 dicendum
1122 4306 1158 4365 de
1183 4307 1297 4385 spatio,
1329 4309 1407 4387 quod
1439 4308 1618 4386 hujusmodi
1643 4329 1728 4390 pere·

363 4394 497 4474 grinator
520 4395 627 4474 aliquis
651 4414 769 4473 semper
792 4415 852 4455 una
866 4403 967 4474 auget,
992 4394 1109 4475 quoties
1128 4396 1236 4456 stellas
1250 4415 1288 4457 ea
1303 4416 1361 4457 uno
1375 4397 1482 4456 ordine
1501 4418 1613 4461 omnes
1628 4411 1729 4481 poste·

363 4483 471 4543 riorem
494 4502 640 4562 quamque
665 4484 756 4545 altius
780 4484 890 4544 evehit.
938 4483 1063 4545 Diceres
1078 4483 1160 4545 illum
1176 4485 1342 4546 aediculam
1360 4486 1460 4547 limaci
1479 4499 1656 4558 exstruere,
1679 4507 1731 4568 qno

365 4572 461 4649 magis
485 4583 653 4633 extrorsum
677 4572 868 4635 continuatur
892 4573 948 4634 hoc
972 4571 1067 4650 magis
1092 4572 1234 4635 hiantem.
1282 4574 1431 4635 Deorsum
1457 4575 1541 4636 enim
1571 4580 1694 4639 stellam
1714 4596 1731 4634 a

365 4661 457 4720 stella
481 4660 650 4722 distrahere
673 4680 730 4722 nou
755 4672 866 4739 potest,
891 4662 969 4741 quod
984 4681 1041 4722 non
1059 4663 1117 4722 fert
1131 4662 1267 4724 doctrina
1282 4664 1492 4741 parallarium,
1519 4685 1600 4746 qnae
1620 4681 1728 4728 certam

365 4749 662 4828 appropinquationis
687 4757 796 4810 metam
821 4752 900 4813 hait:
926 4753 954 4812 in
980 4752 1058 4812 latus
1082 4770 1139 4811 aon
1165 4760 1266 4831 potest
1281 4752 1349 4814 illas
1368 4753 1554 4827 distrahere,
1581 4757 1650 4835 quia
1669 4758 1726 4834 jam

365 4838 521 4913 possident
544 4858 599 4899 sua
622 4837 756 4899 dimensa
781 4840 847 4901 loca
869 4841 935 4900 visu
959 4842 1071 4901 indice:
1097 4840 1273 4920 relinquitur
1287 4841 1378 4920 igitur
1393 4852 1426 4902 ut
1442 4862 1566 4905 sursum
1583 4845 1725 4906 distrahat

367 4925 483 5000 stellas,
509 4933 599 5005 atque
623 4927 665 4987 sic
689 4946 748 4988 una
771 4940 862 5005 auget
885 4930 940 4989 hoc
966 4930 1052 4989 nohis
1075 4929 1297 5010 circumjectum
1323 4933 1463 5010 spatium,
1490 4933 1519 4991 in
1547 4955 1605 5012 qun
1624 4936 1722 4993 stella«
