3692 5842
852 458 995 525 capusum
1537 459 1601 528 ³55

241 639 304 701 lere
328 645 380 700 est
400 635 527 701 inutilis.
565 634 616 701 Sit
639 633 716 699 GHl
738 637 841 700 radius
866 638 1017 710 deficiens,
1041 640 1118 702 huuc
1141 638 1258 702 bisecet
1279 657 1334 718 ρετ
1357 658 1443 701 snam
1465 639 1602 701 umbram

239 728 321 790 latus
344 723 403 789 Ac
437 726 612 809 quadrantis
640 723 726 790 Aoo
760 736 792 788 ει
824 726 865 790 εἰι
891 730 949 791 AF
978 730 1238 809 perpendiculum:
1274 728 1331 790 erit
1359 727 1442 791 Fac
1476 728 1524 789 vel
1547 726 1599 791 FC

239 816 457 898 propemodum
484 816 614 895 angulus
647 815 811 896 quaesitus.
857 818 936 879 Nam
960 819 1017 880 AF
1040 819 1069 881 in
1093 817 1230 880 verticali
1264 836 1331 878 esse
1360 826 1448 879 extra
1475 824 1599 880 contro-

239 905 372 968 versiam
395 912 453 968 εει
500 904 556 968 ΛΟ
589 924 660 966 vero
691 906 804 968 transit
833 926 887 986 per
919 916 1025 970 centra
1047 908 1090 981 D,
1113 908 1151 968 Ε.
1197 907 1278 969 Nam
1310 905 1430 987 ponitur
1463 906 1599 968 bisecare

239 1014 353 1057 cornua
369 992 425 1068 GI,
449 994 505 1057 hoc
529 1003 578 1058 εει
601 1002 715 1056 rectam
733 992 779 1057 GI
799 995 828 1056 in
853 996 969 1059 duobus
994 997 1113 1059 circulis
1138 996 1330 1075 descriptam,
1355 1015 1422 1057 cum
1445 996 1599 1075 utriusque

239 1103 343 1147 mcum
367 1084 492 1146 bisecet.
539 1084 673 1146 Necesse
698 1091 747 1145 est
776 1085 867 1165 igitur
889 1105 943 1165 per
971 1094 1075 1149 centra
1099 1086 1181 1148 illam
1214 1086 1354 1148 transire.
1402 1081 1544 1147 Ceterum
1569 1084 1599 1146 in

239 1173 378 1254 exemplo
402 1172 524 1252 eclipsis
548 1172 616 1235 anni
636 1168 729 1236 1590.
754 1172 806 1237 21.
822 1175 903 1247 Julii,
929 1175 958 1236 in
975 1176 1059 1255 cujus
1080 1176 1227 1254 eclipseos
1251 1172 1462 1248 observatione
1476 1174 1598 1237 Maest-

239 1262 318 1325 linus
336 1262 416 1324 hunc
434 1263 555 1324 modum
578 1262 744 1342 usurpavit,
758 1261 812 1326 Sol
836 1263 957 1326 humilis
973 1273 1039 1327 erat
1054 1272 1085 1327 et
1108 1264 1310 1326 inclinationis
1330 1263 1378 1324 vel
1395 1282 1472 1344 pene
1496 1271 1598 1325 rectus

239 1352 286 1413 vel
310 1370 388 1431 pene
411 1351 511 1413 nullus
535 1351 671 1432 angulus.
720 1352 825 1432 ltaque
849 1362 911 1416 tum
937 1354 1056 1433 quidem
1082 1354 1179 1415 valuit
1209 1354 1314 1415 modus
1338 1351 1396 1414 istc
1421 1359 1453 1413 et
1475 1352 1597 1414 subtili-

238 1440 296 1503 tati
321 1460 466 1503 sensuum
497 1440 636 1503 suffecit:
670 1449 704 1503 at
726 1441 753 1503 si
776 1440 830 1504 Sol
854 1442 956 1518 altior,
990 1443 1201 1505 inclinationes
1233 1440 1428 1504 intermediae
1459 1441 1597 1512 fuissent,

240 1529 364 1592 dubium
387 1548 445 1592 non
469 1538 519 1593 est
542 1530 610 1612 quin
632 1531 827 1593 aMaestlino
851 1532 976 1595 fuissem
996 1533 1032 1595 de
1057 1532 1194 1595 cantione
1218 1532 1397 1594 admonitus.
1435 1531 1514 1593 Nam
1538 1530 1596 1591 etsi

238 1619 295 1682 AF
326 1626 540 1699 repraesentat
568 1619 762 1690 verticalem,
793 1618 850 1683 Ac
883 1621 1024 1685 circulum
1055 1641 1110 1701 per
1142 1628 1265 1683 centra:
1299 1641 1358 1684 non
1389 1628 1490 1682 tamen
1513 1616 1596 1682 FAO

238 1707 363 1771 metitur
386 1709 528 1788 angulum
551 1708 669 1771 illorum
691 1708 884 1785 circulorum,
914 1711 970 1773 sed
993 1712 1088 1775 minor
1111 1720 1168 1774 est.
1217 1709 1306 1782 Quod
1331 1709 1418 1772 facile
1442 1715 1543 1789 patet,
1569 1708 1596 1770 si

238 1797 436 1877 Apnnctum
464 1798 505 1860 sit
531 1798 560 1859 in
594 1797 660 1877 ipsa
695 1798 909 1862 intersectione
934 1801 1110 1863 circulorum
1133 1803 1237 1861 horum
1266 1800 1295 1861 in
1326 1799 1473 1879 sphaera,
1503 1806 1596 1859 etex

238 1887 345 1948 eodem
369 1894 481 1965 puncto
505 1895 615 1949 exeant
634 1888 719 1963 duae,
745 1888 843 1950 altera
865 1890 1049 1965 verticalem,
1076 1892 1173 1951 altera
1195 1890 1337 1951 circulum
1360 1906 1415 1968 per
1437 1894 1542 1949 centra
1567 1887 1595 1947 in

239 1975 347 2038 eodem
370 1983 480 2055 puncto
505 1983 677 2056 tangentes.
726 1977 802 2038 Illae
827 1979 904 2040 enim
933 1980 1186 2059 comprehendent
1216 1979 1356 2057 angulum
1380 1995 1446 2038 cum
1475 1976 1595 2038 circulis

237 2065 374 2139 eundem,
399 2064 456 2127 hae
480 2084 551 2128 vero
575 2065 736 2128 manifeste
760 2066 913 2131 minorem.
952 2068 1249 2131 Demonstrationem
1274 2075 1305 2128 et
1328 2066 1451 2129 schema
1474 2072 1504 2128 et
1528 2066 1594 2127 cal-

238 2154 336 2216 oulnm
361 2155 508 2216 cautionis
532 2155 722 2217 necessariae
745 2155 879 2218 invenies
903 2157 982 2220 infra
1004 2159 1100 2238 probl.
1126 2153 1178 2221 29.

328 2242 525 2306 Problema
547 2244 619 2305 XV.
666 2245 939 2308 Inclinationes
970 2266 1032 2327 per
1062 2247 1344 2308 instrumentum
1377 2241 1595 2323 eclipticum

239 2332 424 2412 excipere.
470 2334 579 2395 Modus
604 2341 653 2396 est
676 2334 791 2409 facilis,
816 2355 870 2396 nec
894 2344 928 2398 ut
949 2337 1031 2416 prior
1055 2335 1233 2398 titubatione
1267 2334 1426 2396 liberarum
1455 2351 1596 2394 manuum

238 2422 411 2502 impeditus,
435 2429 468 2485 ει
490 2423 755 2486 demonstrativus.
793 2424 919 2486 Direota
943 2426 1020 2487 enirn
1045 2426 1150 2506 regula
1173 2425 1202 2485 in
1227 2432 1362 2486 centrum
1378 2421 1470 2496 Solis,
1494 2422 1595 2484 rotula

239 2530 308 2573 cum
341 2510 439 2574 indice
471 2513 657 2575 convertitur
688 2514 786 2594 quoad
819 2516 1032 2577 transversalis
1065 2516 1170 2595 regula
1197 2513 1245 2575 vel
1277 2513 1376 2593 tangit
1408 2531 1519 2574 cornua
1546 2510 1596 2573 vel

239 2600 380 2680 tangenti
409 2602 573 2681 parallelos
606 2610 671 2675 est,
706 2611 738 2663 et
769 2604 951 2667 monstrabit
980 2606 1071 2667 index
1103 2605 1133 2666 in
1166 2602 1308 2665 exteriori
1340 2602 1450 2663 circulo
1483 2600 1595 2680 gradus

239 2689 444 2752 inclinationis
468 2710 535 2753 curn
558 2691 708 2764 verticali,
735 2693 898 2773 statimque
922 2695 1011 2756 datur
1034 2702 1066 2755 et
1094 2694 1222 2755 altitudo
1247 2691 1328 2754 Solis
1352 2710 1406 2771 per
1429 2690 1594 2752 sectionem

238 2779 362 2859 regulae
387 2799 453 2841 cum
477 2788 620 2854 transtro,
646 2781 732 2860 signo
758 2782 899 2844 distincto
926 2785 1007 2846 lacto
1031 2784 1137 2845 eodem
1156 2785 1184 2844 in
1210 2782 1314 2861 regula
1338 2790 1370 2842 et
1394 2787 1538 2852 transtro,
1561 2788 1596 2841 ut

237 2876 310 2948 post
334 2868 575 2932 observationem
609 2871 708 2932 metiri
739 2872 852 2949 possis,
885 2873 910 2933 si
935 2881 1026 2935 antea
1049 2893 1106 2934 non
1131 2880 1180 2934 est
1212 2871 1341 2932 divisum
1374 2876 1540 2932 transtrum
1564 2877 1596 2932 ει

239 2957 360 3037 regula,
384 2959 547 3021 secundum
575 2960 687 3041 gradus
721 2960 889 3022 altitudinis
921 2961 1013 3023 Solis.
1061 2960 1178 3032 Quodsi
1207 2961 1272 3022 loco
1305 2960 1519 3022 transversalis
1551 2960 1596 3020 uti

237 3048 341 3126 placet
373 3047 498 3124 lunulis,
532 3056 567 3111 nt
589 3057 637 3110 εει
659 3049 688 3111 in
721 3050 865 3129 problem.
895 3048 952 3125 13,
987 3053 1086 3113 rotula
1115 3070 1232 3113 rursum
1266 3049 1466 3120 convertitur,
1501 3049 1594 3111 donec

237 3137 341 3198 radius
367 3137 508 3199 deficiens
531 3139 670 3200 cornibus
695 3138 757 3200 suis
782 3140 915 3201 lunulam
938 3140 1076 3220 utrinqne
1102 3159 1257 3221 exaequo
1286 3139 1490 3218 amplectitur,
1517 3138 1595 3217 quod

239 3235 270 3287 et
293 3226 394 3287 divisa
417 3227 580 3289 diametros
605 3236 637 3288 ει
660 3228 813 3290 brachiola
836 3230 967 3290 lunulam
992 3230 1164 3302 retinentia,
1188 3249 1263 3308 quae
1287 3237 1415 3309 possunt
1438 3248 1505 3290 esse
1529 3228 1594 3289 loco

239 3316 464 3389 transversalis,
492 3316 578 3377 facile
602 3317 746 3380 indicant.

327 3405 558 3467 Demonstratio
582 3407 611 3467 in
635 3407 692 3468 hoc
716 3415 771 3478 est,
798 3407 876 3487 quod
900 3407 1024 3468 fissurae
1054 3407 1129 3467 duee
1154 3416 1185 3467 et
1216 3405 1341 3467 transtri
1364 3412 1396 3467 et
1417 3405 1594 3468 columellae

239 3495 373 3574 regulam
398 3496 427 3556 in
451 3496 542 3575 plano
566 3495 668 3557 circuli
691 3495 845 3557 verticalis
873 3497 1037 3569 collocant,
1064 3515 1150 3575 quarn
1176 3497 1279 3556 eodem
1303 3494 1436 3574 sequitur
1460 3503 1491 3555 et
1514 3494 1593 3554 linea

238 3582 433 3664 longitudinis
449 3584 477 3645 ln
494 3586 616 3656 tabella,
640 3604 732 3665 aqua
755 3586 835 3646 linea
858 3584 964 3665 incipit
985 3584 1091 3647 divisio
1114 3585 1216 3647 circuli
1236 3585 1265 3645 in
1285 3584 1401 3645 tabella
1423 3582 1591 3645 exterioris.

327 3672 445 3744 Quodsi
470 3693 529 3736 non
552 3693 670 3754 semper
692 3684 788 3736 toturn
813 3674 1041 3736 instrumentum
1065 3674 1106 3735 sit
1132 3676 1171 3735 ad
1194 3693 1309 3742 manns,
1336 3682 1370 3733 ut
1393 3672 1418 3733 si
1447 3671 1488 3732 nil
1512 3673 1594 3733 adsit

237 3761 296 3824 nisi
320 3763 427 3841 regula
451 3781 517 3824 cum
542 3764 673 3836 tabellis,
697 3765 831 3841 regulam
847 3764 890 3825 sic
906 3765 935 3825 in
959 3766 1080 3843 planum
1103 3763 1257 3826 verticalis
1281 3762 1402 3840 diriges,
1428 3761 1453 3822 si
1473 3763 1594 3839 regulae

236 3851 266 3912 in
291 3852 395 3913 radice
420 3871 543 3914 coasses
568 3854 771 3914 transversale
801 3854 890 3914 duum
914 3855 1023 3932 pedum
1054 3853 1238 3932 longitndine
1262 3851 1310 3912 vel
1335 3871 1370 3912 eo
1395 3851 1538 3931 amplius,
1564 3859 1597 3913 et
1629 3909 1631 3912 ,

237 3941 276 4002 ad
299 3941 430 4020 angulos
461 3951 561 4004 rectos
593 3944 732 4020 regulae,
766 3952 874 4021 postea
907 3944 1040 4022 regulam
1071 3962 1136 4004 cum
1169 3941 1366 4004 transversali
1399 3942 1595 4020 procumbere

236 4030 366 4110 patiaris
390 4030 420 4091 in
443 4031 647 4110 pavimentum
671 4032 828 4111 aequabile
849 4040 880 4092 et
899 4032 1047 4094 horizonti
1070 4031 1247 4110 parallelon.
1284 4031 1364 4093 Nam
1390 4032 1595 4092 transversale

235 4120 372 4198 regulam
396 4120 426 4181 iu
451 4121 572 4182 dorsum
596 4122 700 4200 eriget,
725 4121 807 4182 utin
832 4122 974 4183 verticale
998 4122 1121 4200 planum
1145 4128 1306 4200 competat,
1333 4122 1422 4199 plane
1447 4129 1480 4180 nt
1503 4128 1596 4180 antea

234 4226 291 4288 ρετ
314 4209 440 4271 fissuras
464 4211 590 4271 transtri
616 4219 646 4271 et
670 4211 845 4272 columellae
869 4210 948 4272 idem
972 4211 1028 4272 fnit
1052 4211 1216 4272 obtentum.

324 4298 524 4361 Problema
537 4299 626 4362 XVI.
664 4300 934 4363 Inclinationes
959 4301 991 4360 in
1016 4300 1227 4378 pavimento
1251 4298 1360 4359 etiarn
1385 4294 1591 4375 designare.

234 4385 359 4449 Dictum
382 4395 431 4448 est
463 4389 564 4468 capite
597 4391 743 4461 secundo,
777 4389 893 4451 radium
924 4390 1094 4469 hujusmodi
1118 4390 1147 4451 in
1175 4389 1303 4450 obscura
1334 4405 1454 4446 camera
1486 4405 1593 4448 conum

234 4495 303 4539 esse
326 4483 450 4551 rectum,
476 4478 502 4539 si
527 4478 661 4540 foramen
687 4480 830 4541 circulare
856 4488 886 4541 et
908 4479 1153 4559 perpendiculare
1179 4478 1235 4550 sit,
1265 4476 1349 4554 cujus
1373 4484 1479 4537 vertex
1501 4494 1595 4555 supra

233 4566 379 4639 foramen,
405 4567 489 4629 basis
513 4568 542 4628 in
567 4569 721 4630 illustrata
749 4569 915 4648 superficie.
970 4567 1085 4638 Quodsi
1116 4566 1287 4646 superficies
1316 4566 1391 4625 haec
1424 4572 1507 4627 recte
1535 4565 1592 4625 ob-

228 4654 336 4734 jicitur
360 4657 529 4731 fenestrae,
559 4657 640 4720 basis
664 4659 730 4719 coni
755 4660 802 4720 vel
831 4660 929 4737 portio
958 4657 1110 4718 illustrata
1141 4657 1268 4717 circulus
1294 4654 1351 4716 erit
1376 4654 1431 4730 (ΙΙ,
1456 4652 1503 4729 8).
1549 4653 1595 4715 At

233 4745 259 4807 si
283 4746 459 4824 superficies
484 4746 602 4827 oblique
631 4748 788 4827 objiciatur
812 4747 914 4820 radio,
939 4747 1021 4807 basis
1045 4746 1131 4824 hujus
1155 4746 1235 4819 coni,
1261 4744 1308 4804 vel
1332 4744 1430 4822 portio
1455 4743 1591 4825 obliquae

232 4835 403 4914 superficiei
426 4836 582 4898 illustrata
604 4838 699 4899 sectio
724 4839 780 4899 erit
804 4837 918 4912 conica,
944 4843 976 4897 et
1000 4836 1116 4915 ellipsis
1140 4836 1272 4916 quidem,
1306 4834 1332 4895 si
1357 4842 1453 4895 totum
1474 4835 1591 4898 radium

232 4924 408 5003 superficies
431 4925 604 5005 intercipiat
629 4927 744 5005 (Apoll.
771 4928 793 5001 l,
821 4925 887 5000 13).
936 4922 1011 4989 Cnrn
1042 4945 1113 5005 ergo
1138 4927 1165 4986 in
1192 4935 1294 4988 nostro
1323 4925 1445 4987 climate
1468 4925 1591 5007 planum

232 5011 400 5077 horizontis
424 5035 478 5079 seu
501 5016 676 5097 pavimenta
700 5036 817 5097 semper
849 5015 1000 5098 obliquum
1026 5015 1178 5095 excipiant
1207 5014 1323 5079 radium
1347 5014 1441 5092 Solis,
1473 5038 1603 5099 semper.

1324 5117 1379 5172 2³·
