3692 5842
739 449 770 499 ds
782 447 855 523 ¹lovis
874 445 1028 500 satellitibus
1046 444 1089 502 &a
1525 450 1588 527 481

234 643 328 707 quam
351 643 389 685 ex
412 626 642 689 conversatione
675 627 820 688 bonorum
854 628 960 689 eodem
993 628 1172 707 cognitionis
1204 629 1353 692 desiderio
1386 632 1589 712 flagrantium,

230 734 294 777 non
319 713 424 775 minori
448 716 491 777 tui
518 717 564 776 rel
587 716 707 776 videndi
732 717 779 776 vel
811 716 951 777 audiendi
983 726 1014 778 et
1047 718 1173 798 denique
1207 719 1323 780 fruendi
1352 720 1500 783 desiderio
1524 742 1589 785 snm

230 803 386 864 incensus.
433 805 512 866 Nam
535 806 638 885 nequit
662 805 783 865 exulare
817 805 912 865 virtus
947 825 983 865 ex
1016 826 1051 866 eo
1086 806 1203 881 animo,
1241 808 1269 868 in
1303 827 1359 888 quo
1392 811 1495 871 sedem
1525 811 1590 874 urit

230 911 318 954 amor
342 891 496 954 doctrinae
521 913 700 973 operumque
723 894 780 953 Dei
810 894 979 955 admiratio.
1028 893 1062 956 Si
1091 895 1228 956 collibuit
1255 896 1371 972 animo,
1407 918 1483 979 quac
1507 900 1590 961 Deus

231 980 311 1043 facit
333 983 548 1061 contemplari,
579 981 715 1043 collibuit
739 989 770 1041 et
794 1002 870 1062 quae
896 985 975 1044 idem
999 983 1081 1044 Deus
1105 986 1261 1065 praecepit
1293 986 1402 1048 facere.
1451 986 1539 1057 Quod
1563 987 1590 1049 si

230 1069 272 1133 ab
297 1068 433 1131 omuibus
458 1081 520 1131 tam
543 1080 648 1149 posset
681 1071 850 1149 impetrari,
890 1092 979 1152 quam
1013 1082 1045 1133 tu
1078 1073 1155 1133 ultro
1188 1082 1347 1151 praestaS,
1386 1076 1460 1138 nihil
1493 1077 1590 1157 magis

230 1160 363 1221 liumauo
387 1160 489 1237 generi
514 1160 603 1220 fuerit
627 1161 797 1238 optandum,
825 1179 913 1239 quam
939 1169 971 1220 nt
995 1182 1097 1222 onmes
1120 1180 1173 1239 per
1193 1171 1290 1223 totum
1305 1164 1463 1225 Terrarum
1488 1166 1590 1227 orbem

232 1266 324 1309 unam
350 1248 453 1309 urbem
477 1249 651 1310 habitarent
675 1249 860 1327 invicemque
884 1250 975 1309 etiam
1000 1251 1027 1311 in
1053 1250 1109 1310 hoc
1134 1251 1234 1311 seculo
1259 1251 1302 1312 sic
1328 1252 1496 1314 fruerentur
1510 1254 1589 1315 omui

231 1336 286 1397 lite
312 1345 444 1409 remota,
470 1338 512 1397 nti
535 1338 665 1399 futurum
689 1357 844 1416 speremus
869 1338 897 1399 iu
923 1339 1032 1398 futuro.
1080 1339 1187 1418 Itaque
1212 1339 1345 1401 vicissim
1374 1360 1428 1420 ego
1453 1341 1508 1402 tibi
1531 1363 1589 1404 non

233 1426 468 1487 instrumentum
493 1427 611 1505 porrigo
636 1427 809 1506 pervidendi
834 1426 925 1488 animi
950 1427 1007 1487 mei
1030 1447 1129 1502 sensa,
1155 1428 1208 1488 sed
1233 1429 1381 1491 trilemma
1404 1431 1460 1491 hoc
1485 1432 1590 1492 eodem

230 1514 380 1589 tendens,
406 1534 462 1595 quo
487 1535 630 1594 expresso
655 1524 707 1576 aut
730 1525 812 1576 tuam
840 1516 895 1577 tibi
925 1534 1082 1594 personam
1106 1518 1243 1595 pervim
1271 1519 1444 1595 detraham,
1477 1527 1530 1581 aut
1552 1540 1590 1581 ex

229 1601 372 1665 manibus
396 1614 587 1682 personatum
613 1604 772 1672 dimittam,
797 1624 854 1665 non
880 1605 1042 1666 rediturum
1067 1605 1123 1665 nisi
1147 1624 1276 1684 persona
1300 1607 1427 1687 abjecta.

323 1693 387 1752 Aut
412 1694 488 1753 euim
512 1713 620 1773 genere
644 1694 741 1772 polles
766 1704 798 1754 et
827 1695 949 1773 opibus3
983 1704 1035 1754 aut
1059 1695 1198 1755 mediocri
1222 1702 1303 1755 sorte
1329 1715 1399 1757 usus
1423 1698 1461 1757 ad
1486 1696 1588 1759 erudi-

229 1780 324 1842 tionis
349 1782 459 1842 samam
483 1791 514 1842 et
541 1783 669 1842 honores
693 1782 815 1843 meritos
840 1784 990 1844 eluctatus
1023 1803 1071 1856 es;
1111 1793 1163 1844 aut
1191 1784 1328 1844 desertus
1358 1785 1395 1846 ab
1425 1785 1477 1858 tis,
1512 1804 1587 1866 quae

231 1877 305 1931 sunt
329 1870 486 1939 fortunae,
521 1872 617 1932 solam
641 1871 795 1932 doetrinae
820 1872 982 1932 anchoram
1013 1871 1184 1951 arripuisti,
1219 1892 1278 1953 qua
1306 1874 1405 1933 navim
1437 1874 1465 1934 ln
1498 1882 1589 1957 portu

231 1968 352 2030 teneas,
378 1960 473 2038 quoad
499 1960 552 2020 tihi
577 1960 772 2021 subveniatur
796 1960 924 2022 aliunde.
964 1960 997 2021 Si
1022 1960 1047 2021 is
1067 1981 1109 2035 es,
1135 1980 1220 2039 quem
1236 1960 1332 2021 medio
1349 1962 1414 2021 loco
1430 1962 1588 2041 descripsi,

231 2055 297 2109 tere
322 2047 381 2108 iter
406 2049 460 2108 hoc
485 2050 646 2109 literarium
672 2049 886 2129 apropinquo:
914 2050 958 2109 sin
983 2049 1115 2122 ultimus,
1141 2049 1170 2108 in
1195 2068 1292 2110 meam
1316 2049 1472 2111 concedito
1498 2051 1588 2111 lami-

231 2134 305 2197 liam
330 2137 369 2196 ad
394 2137 525 2199 futurum
548 2137 668 2198 Pascha
692 2158 815 2217 meaque
842 2139 1016 2216 frugalitate
1041 2146 1200 2200 contentus
1231 2139 1357 2199 eandem
1385 2158 1500 2201 mecum
1525 2139 1587 2199 lor-

232 2232 338 2287 tnnam
364 2226 534 2305 experiare:
573 2227 618 2287 sin
644 2227 769 2305 denique
801 2228 931 2305 primus,
971 2229 1048 2307 quod
1080 2235 1150 2305 opto
1180 2235 1211 2286 et
1239 2228 1336 2307 magis
1369 2235 1459 2307 atque
1491 2220 1587 2307 magis

231 2314 359 2394 conjicio
390 2315 461 2387 (etsi
486 2335 612 2394 magnus
637 2336 682 2376 me
709 2324 791 2376 tenet
815 2325 927 2391 metus,
953 2336 989 2376 ne
1015 2317 1070 2376 hoc
1094 2315 1285 2394 opprobrium
1310 2315 1337 2377 in
1362 2316 1413 2377 illo
1437 2316 1588 2378 hominum

231 2422 344 2483 genere
368 2404 393 2463 si
418 2405 588 2483 suspicatus
614 2406 715 2480 fuero,
750 2407 827 2464 male
852 2405 889 2465 ab
920 2405 978 2466 illis
1009 2406 1118 2466 multer
1142 2405 1179 2464 ob
1204 2404 1368 2466 ominosam
1393 2425 1489 2466 meam
1514 2425 1587 2467 cou-

228 2492 413 2573 J'ecturam),
447 2513 517 2572 ergo
543 2494 567 2553 si
592 2495 691 2572 placet
716 2495 753 2553 ad
778 2503 807 2557 te
833 2495 966 2555 transibo
992 2494 1140 2555 Dresdam
1164 2513 1230 2554 cum
1256 2494 1369 2554 familia
1393 2502 1477 2569 tota,
1512 2513 1589 2575 quae

232 2588 357 2643 constat
372 2601 408 2641 ex
425 2601 525 2651 uxore,
550 2583 646 2642 tribus
670 2583 782 2656 liberis,
808 2583 918 2644 ancilla
943 2592 973 2643 et
992 2584 1017 2643 si
1032 2584 1133 2662 placet
1152 2582 1272 2654 famulo,
1299 2591 1455 2662 tecumque
1479 2584 1527 2643 vel
1548 2582 1588 2643 ibi

232 2671 280 2731 rel
314 2671 525 2733 commodioris
556 2672 654 2731 rictus
688 2692 780 2732 causa
802 2673 966 2751 Fribergao
997 2674 1025 2733 id
1051 2672 1194 2748 temporis
1223 2671 1360 2750 exigam,
1397 2673 1474 2752 quod
1498 2691 1586 2751 spero

231 2778 278 2820 ne
298 2781 317 2819 a
332 2757 422 2819 Caes.
440 2761 605 2838 hlajestate
631 2761 856 2838 impetraturum
881 2762 1037 2823 absentiae
1058 2780 1152 2833 meae,
1178 2760 1296 2821 interim
1321 2761 1390 2824 dum
1414 2759 1586 2822 melioribus

231 2849 333 2909 sentis
359 2849 543 2926 spirantibus
568 2869 604 2909 ex
630 2851 698 2910 aula
721 2850 793 2909 mihi
817 2870 906 2930 super
929 2860 1020 2929 pacta
1039 2851 1104 2930 jam
1128 2847 1236 2909 nierita
1259 2851 1395 2911 mercede
1420 2849 1559 2911 satisfiat.

320 2936 425 2996 Ilabes
459 2938 548 2998 animi
582 2938 639 2999 mei
672 2938 844 3017 speculum3
882 2950 914 2999 tu
949 2940 1017 3019 quid
1050 2939 1187 2999 videatur
1220 2947 1252 2997 et
1285 2938 1350 3018 quis
1381 2939 1424 2999 sis
1448 2938 1587 3018 deposita

228 3044 361 3109 persona
385 3025 515 3087 rescribe
540 3028 787 3106 quamprimum,
814 3037 845 3088 et
869 3029 958 3089 Vale.
998 3030 1114 3106 l'ragae
1142 3025 1190 3089 18.
1216 3027 1289 3089 Dec.
1320 3022 1413 3090 1610.
1455 3026 1587 3089 Virtutis

228 3124 262 3179 st
284 3113 474 3177 Eruditionis
499 3117 580 3177 Tuae
606 3117 829 3178 amantissimus

1234 3203 1287 3266 J0.
1312 3203 1478 3288 Keplerua.

320 3360 489 3426 Manuscripto
517 3367 668 3427 praemissae
696 3364 814 3427 epistolae
842 3365 972 3428 adscripsit
990 3364 1148 3412 Hanschins:
1179 3363 1222 3419 ,Pa
1248 3363 1353 3413 hlullor“
1383 3378 1438 3413 eam
1467 3363 1529 3412 lorte
1556 3365 1587 3414 ob

225 3446 342 3491 mam,
362 3435 420 3497 quia
439 3436 544 3483 amicum
563 3437 712 3500 singularem
732 3436 796 3484 hunc
815 3436 890 3485 fuisse
908 3436 948 3484 Jo.
969 3435 1070 3490 Seussii3
1089 3450 1161 3497 quem
1181 3435 1241 3483 dicit
1259 3435 1381 3498 Keplerus
1400 3436 1425 3484 in
1444 3434 1481 3483 his
1500 3435 1585 3491 literis,

225 3505 372 3557 numurus
396 3508 545 3569 nescioquo
570 3510 624 3568 jure
650 3515 729 3569 putat.
767 3507 880 3555 Seussius
906 3523 1007 3555 munere
1035 3507 1184 3569 fungebatur
1210 3509 1336 3556 secretarii
1359 3507 1425 3569 apud
1448 3506 1586 3555 Electorem

225 3577 371 3632 huniae,
391 3575 502 3627 Dresdae
528 3579 634 3641 degens,
663 3580 761 3641 saepius
779 3578 886 3642 Pragam
910 3582 1020 3627 renitet
1045 3579 1123 3625 multa
1149 3593 1204 3626 cum
1223 3578 1331 3641 Keplero
1356 3580 1407 3642 egit
1430 3577 1585 3637 amicissime,

225 3652 263 3699 ita
282 3656 312 3696 nt
331 3650 409 3696 verius
434 3650 527 3697 diceret
546 3650 700 3701 Hanschius.
726 3651 746 3697 si
765 3649 872 3711 Keplero
892 3664 965 3713 quam
985 3652 1004 3697 si
1025 3649 1127 3698 hliillero
1150 3652 1262 3710 junctum
1285 3649 1441 3713 praedicaret
1460 3647 1585 3696 Ssussium

225 3720 382 3784 „singulari”
412 3721 538 3776 amicitia,
563 3735 711 3784 quamquam
739 3720 856 3768 hliillerus
883 3721 1008 3770 Seussium
1037 3720 1104 3768 dicat
1133 3735 1303 3776 „communem
1333 3728 1442 3769 nostrum
1468 3720 1583 3777 amicum,

225 3798 388 3857 patronorum
401 3806 509 3839 meorum
523 3792 706 3854 praecipuum.“
734 3792 852 3839 hllillerus
865 3793 1002 3854 Lipsiae
1021 3791 1142 3840 mathesin
1157 3792 1317 3853 profitebatur
1333 3800 1388 3854 post
1400 3790 1461 3840 illud
1479 3796 1584 3853 tempus,

225 3876 276 3929 quo
294 3862 420 3924 Keplerus
445 3863 529 3911 literas
548 3864 706 3912 Dresdam
724 3865 792 3911 misit
809 3866 972 3925 praemissas,
997 3872 1048 3912 tum
1072 3864 1187 3925 temporis
1211 3877 1331 3912 annorum
1359 3861 1392 3910 25
1412 3863 1473 3911 torta
1501 3863 1588 3912 studiis

225 3947 329 4001 msam
356 3934 434 3982 dabat
461 3936 520 3983 item
548 3935 656 3997 Lipsiae.
695 3936 777 3993 Quare
805 3938 944 3997 opinionem
969 3935 1103 3990 Hanschii,
1131 3935 1233 3996 abipso
1257 3943 1339 3985 antem
1362 3942 1450 3997 postea
1476 3935 1587 3991 missam.

225 4006 286 4057 dnm
305 4006 332 4053 in
352 4004 497 4054 collectione
509 4020 555 4055 sua
568 4022 657 4055 nomen
670 4005 767 4055 hli'rllen'
787 4007 876 4062 omisit,
896 4022 945 4054 non
959 4007 1098 4070 probantes.
1118 4006 1249 4060 nescimus.
1269 4022 1340 4070 quem
1360 4006 1435 4054 alium
1448 4006 1520 4068 hujus
1532 4005 1586 4055 loco

225 4076 415 4131 substituamus,
434 4083 515 4123 utrum
530 4077 635 4125 nobilem
648 4079 673 4124 in
687 4077 745 4125 aula
763 4086 902 4126 versantem
915 4078 1059 4132 Drasdensi,
1079 4077 1198 4126 analium
1217 4079 1337 4125 minomm
1356 4077 1474 4140 gentium.
1506 4078 1587 4141 Aegre

225 4154 312 4199 utam
340 4147 480 4202 terendum,
510 4148 594 4197 literas
622 4148 676 4196 illas
703 4149 804 4204 deesse,
833 4150 865 4197 ad
888 4163 949 4211 quas
975 4149 1096 4212 Keplems
1119 4155 1190 4196 tanto
1214 4149 1294 4197 studio
1322 4156 1442 4211 tantaque
1464 4150 1587 4198 suavitate

225 4218 361 4283 mandit.
384 4242 417 4252 —

317 4289 414 4338 Similia
432 4291 572 4352 praemissis
591 4291 642 4353 egit
660 4291 784 4353 Koplerus
804 4306 859 4340 cum
878 4292 943 4339 ltulo
964 4291 1102 4340 Octavio
1121 4291 1250 4345 Pisani,
1274 4291 1315 4354 qui
1337 4290 1461 4347 ,vacabat
1485 4291 1586 4353 privatis

225 4362 316 4415 studiis
336 4361 518 4409 mathematicis
537 4363 711 4424 Antwerpiae‚
732 4363 819 4424 quibus
838 4363 992 4411 delectatus“
1014 4364 1156 4425 Antwerpia
1174 4361 1309 4425 Keplerurn
1334 4362 1411 4410 literis
1430 4361 1504 4418 adiit,
1526 4363 1586 4419 ,tibi

225 4434 342 4499 ignotus.
370 4433 415 4481 sed
434 4439 460 4479 tu
484 4432 542 4479 mihi
571 4433 720 4480 notissimus.
758 4434 813 4481 Tua
841 4436 905 4481 enim
934 4448 1009 4496 opera
1033 4434 1062 4481 de
1082 4433 1151 4482 Motu
1172 4432 1258 4482 Martis
1278 4442 1303 4482 et
1323 4432 1414 4496 Optica
1440 4447 1586 4497 quocunque

225 4510 405 4571 pervagantur.
426 4518 597 4566 quemcunque
618 4504 714 4552 doctum
739 4506 879 4553 sortiuntur.
918 4504 960 4552 Mo
980 4514 1151 4553 coacervatum
1174 4505 1239 4552 scias
1258 4507 1306 4552 tuis
1327 4506 1426 4560 amicis,
1454 4506 1586 4567 praecipua

225 4590 284 4627 m
303 4582 330 4623 te
349 4576 457 4622 amicum
476 4576 551 4622 nostri
573 4575 696 4623 Galilei
716 4590 859 4637 apnoscam,
879 4591 895 4624 a
914 4591 961 4639 quo
981 4576 1020 4626 dic
1039 4576 1152 4624 hesterno
1173 4578 1256 4624 literas
1276 4577 1370 4639 accepi.
1398 4576 1461 4625 Vere
1475 4576 1586 4624 Galliena

225 4654 266 4699 ut
284 4646 402 4695 coelestis
422 4647 564 4701 americus,
593 4649 633 4709 qui
654 4649 678 4694 in
698 4647 766 4694 coelo
785 4662 850 4695 nova
868 4648 950 4697 sidera
969 4655 994 4695 et
1012 4650 1143 4710 praecipue
1163 4647 1278 4696 Medicea
1301 4648 1406 4703 invenit.
1435 4662 1481 4712 ego
1500 4654 1585 4698 autem

225 4718 361 4771 thoricam
388 4723 467 4765 motus
491 4718 596 4765 siderum
620 4717 786 4766 hlediceomm
811 4719 905 4766 delineo
933 4721 1000 4767 circa
1022 4719 1088 4767 Jovis
1112 4719 1195 4784 regale
1222 4719 1296 4781 jubar
1320 4719 1431 4768 satellitii
1456 4721 1535 4767 instar
1559 4720 1584 4769 in

225 4788 335 4857 apicyelo
348 4786 431 4837 lovis
447 4786 491 4835 dec.
521 4786 554 4848 (E
568 4790 644 4837 liten's
658 4789 681 4837 cl.
698 4792 777 4836 hntw.
793 4789 816 4837 d.
832 4787 855 4836 5.
872 4789 927 4837 Oct.
944 4787 1031 4849 1613).
1062 4790 1139 4839 Biduo
1158 4797 1213 4852 post
1232 4790 1301 4838 addit
1314 4790 1435 4839 Pisanus:
1455 4788 1540 4839 Multis
1558 4797 1584 4840 te

225 4860 281 4911 velo
314 4861 383 4908 circa
410 4858 557 4921 hypotheses
586 4862 763 4908 astronomicas
782 4868 808 4910 et
826 4863 957 4923 praecipue
985 4864 1051 4910 cirea
1078 4862 1250 4924 phaenomena
1274 4863 1329 4909 nori
1353 4861 1493 4924 persplcilli.
1530 4864 1585 4912 Alio

226 4940 313 4983 mam
331 4930 406 4979 modo
424 4931 590 4993 perspicillurn
609 4940 749 4980 constmerc
763 4931 857 4987 molior,
875 4946 964 4994 nempe
977 4933 1071 4981 duobus
1090 4933 1165 4982 oculis
1183 4940 1304 4995 aptatum.
1329 4932 1421 4982 nula·
1440 4934 1505 4985 enim
1524 4936 1584 4993 acio,

227 5004 270 5070 pi
287 5016 345 5051 curn
364 5002 456 5051 diutius
474 5018 523 5051 uno
542 5003 613 5053 oculo
631 5004 753 5067 inspicere
779 5011 973 5065 commorantur,
992 5004 1058 5061 iere,
1077 5005 1128 5054 iere
1146 5005 1259 5068 inquam,
1279 5003 1357 5053 altero
1376 5005 1446 5056 ocnlo
1465 5005 1583 5083 caligant

295 5087 386 5138 aaran
400 5089 470 5137 0901·
488 5088 515 5130 n
1339 5088 1370 5147 ³1
