3692 5842
259 473 270 493 a
313 427 379 493 214
785 433 974 496 Paralipomena
995 435 1020 481 in
1042 431 1206 482 Vitellionern.

315 628 381 670 cum
403 609 490 670 Luna
507 612 572 689 jam
598 618 668 670 ωηο
692 608 844 687 coepisset
869 609 985 686 ingredi
1009 608 1157 682 umbram,
1182 607 1282 668 soleat
1305 624 1376 666 vero
1400 602 1518 681 ingredi
1541 624 1562 664 a
1584 609 1675 682 parte

315 696 480 760 occidentis
538 700 593 761 tuit
632 717 704 777 ergo
738 706 872 759 centrum
904 701 1008 761 Lunae
1049 696 1266 759 occidentalius
1297 694 1421 755 umbrae
1457 698 1584 758 cenmo.
1616 709 1676 770 quo

316 748 593 849 occidentehunae
617 798 752 848 centrum
771 786 837 865 jam
861 789 1024 849 occiderat.
1062 786 1104 848 m
1119 796 1221 848 tamen
1237 783 1353 845 duobus
1376 780 1521 861 gradibus
1544 779 1674 842 attolle·

315 876 403 936 batur
427 876 464 936 ad
489 876 596 938 visum.
635 876 707 936 Plus
732 875 823 954 igitur
846 876 963 939 duobus
988 876 1131 955 gradibus
1150 884 1217 935 erat
1237 873 1265 933 in
1290 878 1457 951 aggregato
1480 867 1677 932 retractionis

316 962 469 1043 utriusque
493 962 575 1026 Solis
599 974 630 1025 et
653 965 772 1039 Lunae,
797 974 830 1026 ut
854 975 982 1039 taceam,
1008 966 1086 1045 quod
1114 963 1236 1026 horizon
1260 959 1461 1039 Tubingensis
1484 977 1545 1020 non
1569 965 1678 1018 careat

317 1053 480 1127 montibus,
505 1072 630 1131 quorum
655 1054 808 1132 fastigium
835 1054 1012 1116 libramento
1037 1073 1133 1133 aquae
1156 1052 1246 1132 paulo
1270 1057 1319 1110 est
1342 1048 1453 1121 altius;
1479 1048 1583 1127 itaque
1606 1045 1676 1107 dum

317 1140 371 1202 Sol
396 1140 537 1203 dimidius
561 1151 655 1210 extat,
681 1142 706 1203 si
730 1152 848 1203 montes
873 1144 1016 1204 abessent
1042 1151 1123 1204 totus
1147 1147 1276 1202 extaret.
1318 1138 1419 1217 Major
1441 1136 1533 1215 igitur
1555 1135 1677 1212 integro

317 1230 412 1308 gradu
437 1230 493 1290 tuit
517 1230 658 1292 retractio
683 1232 768 1292 utrius
792 1233 910 1294 sideris.
950 1232 1008 1292 Est
1032 1240 1133 1293 autem
1152 1230 1205 1291 illa
1219 1229 1348 1290 Sueviae
1372 1244 1444 1304 pars
1467 1243 1527 1287 non
1551 1223 1678 1286 inultum

317 1326 435 1379 remota
458 1340 477 1378 a
500 1319 632 1380 lbutibus
651 1320 734 1381 Nicri
760 1329 791 1380 et
804 1321 956 1382 Danubii:
982 1340 1124 1400 monsque
1149 1318 1289 1395 lloeberg
1311 1334 1405 1395 prope
1420 1303 1557 1376 llorbarn
1581 1330 1676 1373 vene-

317 1406 393 1468 ticiis
417 1417 449 1468 et
472 1418 621 1469 conventu
651 1428 793 1486 sagarum
818 1419 866 1470 est
889 1410 1024 1482 intamis,
1048 1409 1131 1487 vulgi
1159 1406 1338 1470 credulitate
1367 1412 1494 1464 naturae
1523 1400 1677 1482 ingenium

319 1503 351 1558 et
374 1495 495 1557 crebras
520 1505 734 1575 tempestatum
758 1498 961 1559 eructationes
985 1497 1166 1576 praestigias
1191 1495 1418 1572 interpretante.

407 1582 495 1653 Quod
521 1604 589 1646 vero
614 1586 741 1646 diversis
766 1586 950 1665 temporibus
974 1586 1112 1648 diversae
1137 1586 1198 1645 sint
1221 1583 1326 1644 eodem
1351 1581 1443 1642 etiam
1469 1579 1536 1640 loco
1560 1577 1678 1638 retrac-

318 1673 433 1747 tiones,
463 1672 615 1735 obstinate
644 1675 799 1736 contendit
823 1676 1032 1736 ltotlrmannus
1061 1676 1112 1735 tol.
1137 1670 1190 1735 85.
1216 1666 1269 1734 86.
1293 1670 1499 1751 Epistolarum
1524 1665 1679 1746 Tychonis

320 1760 603 1836 astronomicarum,
628 1782 682 1823 nee
707 1763 866 1824 ditticulter
890 1764 1017 1841 largitur
1040 1774 1072 1824 et
1094 1764 1119 1822 T
1121 1763 1195 1843 yeho
1219 1760 1319 1821 Brahe
1343 1759 1371 1820 in
1398 1754 1681 1837 Progymnssrnatis

323 1849 374 1912 iol.
400 1847 454 1913 79.
479 1860 511 1910 et
534 1846 612 1924 280,
638 1861 670 1912 et
699 1860 779 1912 tomo
805 1853 827 1913 l.
854 1853 1057 1931 llpistolarum
1083 1852 1134 1911 tol.
1160 1847 1211 1912 61.
1246 1846 1371 1927 requirit
1393 1853 1494 1908 aerem
1518 1843 1681 1906 admodum

319 1956 424 2018 purum
449 1947 481 1999 et
503 1957 651 2013 serenum,
676 1941 795 2019 quando
819 1941 982 2020 periculum
1012 1939 1224 2002 retractionem
1253 1937 1336 1998 tacit.
1385 1938 1491 2015 ltaque
1515 1933 1546 1994 in
1570 1933 1681 1994 obaer-

256 2029 261 2044 '
319 2026 492 2088 nationibus
521 2027 559 2087 ad
595 2047 703 2089 annum
731 2026 784 2091 87.
820 2050 923 2090 mense
948 2028 1093 2090 Jarruario
1127 2036 1304 2088 annotatum
1337 2024 1452 2092 inveni.
1492 2031 1681 2088 nauatam

319 2125 394 2180 cuna
413 2125 543 2181 solstitia
562 2125 648 2180 rideri
669 2127 797 2197 majores.
845 2117 991 2188 Quamvis
1023 2137 1090 2178 mea
1122 2116 1274 2177 sententia
1302 2133 1396 2175 causa
1424 2121 1533 2175 auctae
1563 2111 1682 2173 retrac-

322 2203 413 2266 tionis
437 2205 476 2265 ad
501 2204 579 2265 diem
606 2205 672 2283 jam
702 2207 813 2267 dictum
842 2226 900 2267 nou
926 2207 953 2266 in
984 2208 1105 2268 brumae
1134 2205 1297 2266 solstitium
1326 2202 1597 2274 conterendam,
1628 2198 1683 2261 sed

319 2293 350 2354 in
375 2293 552 2373 tepidiorem
577 2300 678 2354 adrem
710 2296 822 2356 tactum
846 2296 884 2354 ob
913 2296 1092 2374 quadratum
1115 2294 1202 2356 Jovis
1226 2301 1257 2353 et
1279 2291 1401 2365 Martis,
1426 2290 1476 2370 qui
1504 2299 1578 2351 tunc
1601 2297 1681 2350 erat.

321 2381 400 2443 Nam
424 2381 503 2461 quod
525 2381 556 2443 iu
582 2382 647 2443 lixis
672 2383 794 2444 inventa
817 2393 867 2444 est
886 2384 1018 2464 Tychoni
1044 2384 1139 2445 minor
1163 2381 1304 2445 retractio
1328 2399 1417 2460 quam
1437 2379 1466 2439 in
1480 2377 1565 2450 Sole,
1588 2396 1684 2440 eausa

320 2469 405 2531 nulla
437 2469 498 2530 alia
527 2469 661 2543 videtur,
692 2490 781 2550 quam
812 2472 904 2546 haec,
940 2473 1018 2552 quod
1050 2472 1247 2534 retractiones
1271 2468 1355 2531 Solis
1385 2475 1523 2540 aestate,
1555 2469 1684 2528 titanum

321 2558 428 2638 hyeme
457 2557 623 2619 rectissime
652 2560 867 2634 observantur,
897 2570 1017 2623 aestate
1047 2580 1116 2622 vero
1141 2579 1231 2640 quam
1260 2560 1365 2639 hyeme
1395 2555 1535 2636 rapidior
1556 2565 1608 2616 est
1631 2561 1685 2616 adr

286 2669 291 2674 ·
321 2656 353 2708 et
376 2646 476 2709 altior.
516 2646 595 2708 Nam
620 2644 739 2710 10161.
764 2649 970 2728 Epistolarmn
994 2650 1061 2711 libri
1083 2652 1107 2711 l.
1133 2657 1262 2727 apparet
1284 2657 1317 2707 et
1339 2646 1368 2706 in
1393 2646 1535 2726 Progym.
1562 2639 1684 2706 10199.

321 2743 426 2815 aperte
450 2735 649 2815 praecipitur,
675 2746 745 2798 tunc
769 2739 959 2816 potissimum
987 2738 1195 2799 observandas
1219 2736 1431 2806 retractiones,
1454 2752 1523 2794 curn
1547 2732 1576 2794 ia
1599 2731 1685 2793 etin

321 2823 445 2886 meridie
470 2822 547 2884 satis
571 2824 632 2884 alte
657 2827 795 2902 pervadit
818 2836 849 2887 et
873 2827 1105 2888 declinationem
1131 2828 1211 2887 intra
1234 2825 1361 2886 eundem
1390 2823 1470 2884 diem
1495 2820 1535 2884 ad
1560 2840 1685 2883 sensum

322 2911 396 2974 nibil
419 2920 531 2984 mutat,
561 2913 640 2990 quod
664 2914 697 2973 tit
720 2914 749 2975 in
780 2915 912 2976 solstitio
940 2915 1066 2976 aestivo.
1113 2916 1192 2977 Nam
1220 2924 1354 2991 tempore
1384 2912 1520 2992 hyberno
1545 2908 1601 2972 Sol
1626 2929 1685 2970 non

323 3007 448 3079 superat
471 3000 685 3061 retractionum
710 3002 911 3064 altitudinem.
952 3003 1066 3065 Contra
1086 3005 1209 3064 lixarum
1233 3002 1431 3065 retractiones
1454 3007 1579 3060 aestate
1603 2999 1685 3060 (11111-

322 3088 420 3150 culter
444 3087 658 3162 observantur,
683 3092 793 3170 partim
817 3093 855 3152 ob
879 3102 1052 3171 pernoctem
1076 3093 1155 3153 a'eris
1183 3092 1353 3152 claritatem
1377 3090 1406 3150 in
1431 3088 1549 3162 Dania,
1574 3086 1687 3166 partim

324 3176 395 3257 quia
419 3195 540 3237 crassus
564 3184 617 3238 aer
645 3178 726 3240 circa
754 3180 937 3242 horizontem
967 3190 1158 3260 conspectum
1190 3180 1345 3240 stellarum
1374 3177 1547 3256 intercipit3
1579 3176 1687 3257 hyeme

325 3283 397 3343 ergo
417 3273 449 3325 et
468 3265 663 3327 serenissima
682 3279 779 3341 nocte,
805 3269 854 3329 ubi
874 3277 927 3330 adr
946 3271 1125 3348 depressior.
1168 3269 1210 3329 Et
1233 3269 1335 3345 quidni
1364 3266 1531 3329 orientibus
1562 3265 1689 3328 flatibus

325 3353 524 3415 retractiones
554 3354 769 3430 increscerent,
799 3376 866 3418 cum
890 3358 1100 3419 Rothmanous
1126 3359 1175 3419 tol.
1206 3355 1275 3420 122.
1301 3356 1506 3435 Epistularum
1530 3353 1688 3435 Tychoni·

323 3461 425 3503 carum
450 3442 598 3517 affirmet,
623 3463 641 3502 a
665 3464 698 3503 se
726 3446 862 3524 saepius,
888 3447 1008 3507 cumin
1039 3447 1136 3506 medio
1168 3454 1266 3506 staret
1300 3444 1500 3505 observatorii
1532 3443 1689 3514 calefacti,

324 3530 406 3593 risas
430 3550 498 3591 esse
523 3532 630 3592 stellas
655 3534 786 3593 retracte
810 3554 863 3612 per
888 3554 1027 3612 vaporem
1052 3534 1255 3614 lrypocausti?

414 3621 521 3700 ltaque
546 3629 579 3682 ut
611 3620 689 3682 hunc
721 3622 817 3683 locum
850 3623 1045 3696 concludam,
1081 3633 1194 3683 certum
1219 3624 1275 3683 hoc
1305 3620 1362 3693 sit,
1396 3618 1526 3682 diversis
1557 3620 1637 3682 locis
1660 3631 1694 3681 et

325 3707 511 3787 temporibus
545 3709 682 3769 diver'sas
715 3729 783 3770 esse
816 3711 1012 3772 retractiones
1041 3718 1072 3771 et
1102 3710 1233 3771 insolitis
1266 3709 1416 3771 insolitas.
1463 3710 1507 3772 Ut
1529 3709 1557 3769 si
1582 3709 1694 3788 ingens

324 3796 366 3856 sit
389 3797 446 3857 loci
471 3796 614 3869 altitudo,
647 3797 789 3859 retractio
813 3799 894 3859 nulla
918 3800 995 3870 erit;
1024 3800 1050 3859 si
1074 3799 1235 3878 praecipua
1260 3797 1404 3859 resolutio
1427 3816 1590 3878 vaporum,
1615 3815 1692 3877 pro·

323 3884 441 3961 digiosa
472 3884 529 3945 erit
569 3886 720 3947 retractio.
785 3884 840 3948 Sin
877 3887 946 3948 loca
977 3898 1007 3949 et
1044 3895 1178 3966 tempora
1215 3886 1408 3948 mediocriter
1440 3907 1473 3947 se
1514 3886 1693 3955 habuerint.

324 3973 522 4033 retractiones
547 3985 633 4035 erunt
656 3975 870 4054 propemodum
893 3977 1028 4037 eaedem.

392 4110 423 4177 9.
462 4115 512 4175 Ι)ο
536 4116 803 4176 observatione
826 4115 1090 4176 llollandorum
1114 4115 1148 4175 in
1173 4116 1254 4176 alto
1278 4115 1559 4196 septentrione.
1578 4111 1623 4190 ”J

414 4237 529 4298 Tritum
563 4248 613 4298 est
648 4238 778 4300 omnium
814 4238 951 4300 manibus
991 4237 1173 4300 itinerarium
1205 4238 1391 4302 Batavomm
1430 4259 1483 4302 seu
1523 4239 1696 4319 descriptio

325 4325 528 4403 navigationis
552 4345 606 4405 per
629 4346 773 4388 oceanum
797 4327 1065 4406 septentrionalem
1089 4327 1117 4386 in
1138 4327 1277 4387 desertas
1298 4329 1438 4406 regiones
1458 4328 1549 4390 Nova
1563 4329 1696 4391 Zenbla

326 4414 439 4478 dictas.
473 4414 511 4473 ad
536 4415 736 4492 quaerendum
769 4416 891 4487 tretum,
924 4435 982 4494 spuo
1006 4416 1034 4475 in
1068 4433 1211 4475 oceanum
1236 4414 1412 4497 Scythicum
1442 4425 1474 4477 et
1507 4418 1695 4480 orientalem

328 4511 411 4560 esset
438 4503 595 4563 transitus.
643 4502 710 4571 tluo
742 4504 843 4564 libello
872 4504 952 4563 inter
979 4503 1039 4564 alia
1067 4502 1275 4564 memorabilia
1298 4513 1330 4565 et
1353 4505 1410 4566 hoc
1439 4506 1591 4581 referunt,
1623 4525 1694 4568 cnm

328 4587 488 4648 haerentes
512 4590 540 4648 in
564 4590 662 4668 glacie
687 4609 743 4649 nox
768 4591 981 4670 oppressisset,
1006 4601 1037 4651 et
1061 4610 1139 4651 anno
1164 4587 1255 4655 1596.
1282 4592 1330 4653 die
1351 4590 1383 4656 3.
1399 4594 1586 4657 Novembris
1605 4605 1648 4658 st.
1664 4615 1694 4657 n.

328 4673 430 4735 Solem
454 4676 558 4736 ultimo
590 4676 753 4751 vidissent,
777 4698 815 4738 ex
845 4678 1003 4739 altitudine
1028 4698 1098 4739 vero
1121 4681 1196 4758 poli,
1227 4698 1316 4764 quarn
1347 4690 1493 4763 putamnt
1523 4703 1594 4746 esse
1619 4679 1693 4754 76⁶.

324 4761 389 4838 jam
413 4775 527 4823 certum
552 4764 697 4826 baberent
721 4785 757 4826 ex
787 4765 997 4826 astronomicis
1021 4767 1190 4846 principiis,
1215 4789 1273 4830 non
1298 4771 1464 4834 rediturum
1487 4770 1595 4835 Solem
1618 4783 1694 4834 ante

335 4847 383 4910 11.
409 4850 562 4913 Februarii
593 4853 662 4912 anui
693 4850 788 4926 1597,
819 4854 930 4914 tactum
953 4863 1070 4927 tamen,
1100 4864 1133 4917 ut
1160 4853 1214 4920 21.
1242 4856 1381 4922 Januarii
1409 4857 1449 4921 17
1479 4860 1588 4926 diebus
1619 4871 1694 4923 ante

331 4933 496 5013 legitimum
520 4950 639 5019 ternpus
659 4938 761 5001 Solem
786 4959 901 5003 rursum
924 4941 1061 5005 viderent
1084 4962 1223 5022 supremo
1247 4948 1383 5027 margine
1408 4949 1437 5010 in
1462 4949 1529 5029 ipso
1554 4949 1695 5014 meridiei
