3692 5842
748 468 830 534 Caput
847 468 890 521 IX.
912 469 936 520 l.
1009 481 1013 488 ·
1454 470 1520 540 323

158 648 295 713 umbras.
327 646 470 713 Getarum
493 650 573 728 quod
594 648 788 730 praecipuum
811 648 841 711 in
864 648 912 711 his
936 649 1110 730 corporibus
1129 650 1310 730 quaerimus,
1334 661 1405 715 sunt
1419 671 1520 717 eorum

159 747 262 802 motus
284 744 349 802 tam
373 736 577 800 admirabiles.
623 738 668 801 Ut
690 758 762 801 vero
784 739 840 800 hos
867 739 1061 818 geometricis
1084 737 1391 803 demonstrationibus
1414 742 1519 823 expia·

159 826 223 890 cari
252 826 352 908 possit
380 836 586 903 astronomus,
617 827 707 890 sitnm
730 846 832 890 eorum
854 828 938 907 prins
961 828 1168 892 instrumentis
1196 827 1371 892 dimetiatur
1393 833 1518 893 necesse

159 925 218 980 eat.
260 915 343 981 Nam
364 923 398 980 ut
420 914 451 978 in
474 916 657 995 geometria,
685 935 751 978 oum
774 917 916 997 spiralem
940 926 995 981 ant
1016 919 1151 982 coulcam
1173 918 1340 982 sectionem
1363 939 1422 983 nno
1446 928 1518 983 actu

158 1004 331 1070 describere
362 1004 533 1087 nequimus,
566 1014 680 1086 puncta
713 1007 815 1087 aliqua
855 1026 909 1088 per
948 1027 1024 1089 qnae
1062 1008 1143 1069 linea
1177 1007 1288 1070 transit
1316 1008 1448 1089 figimus,
1480 1027 1519 1072 ex

158 1093 267 1177 qmbua
291 1094 408 1174 integer
429 1093 528 1157 lineae
551 1104 668 1157 tractus
691 1096 900 1171 dignoscatur.
929 1095 974 1159 ita
997 1097 1027 1158 in
1051 1098 1252 1173 astronomia,
1283 1098 1362 1178 quod
1385 1097 1515 1162 rudiori·

157 1184 215 1248 bus
230 1182 311 1255 dico,
328 1192 427 1248 motus
440 1183 524 1264 ipsos
542 1184 673 1248 siderum
688 1184 809 1247 minime
829 1184 977 1249 cernimus
996 1187 1105 1248 oculis:
1131 1188 1231 1249 uarius
1250 1205 1322 1248 uero
1342 1187 1419 1249 situs
1435 1188 1516 1250 inri-

157 1291 223 1336 cem
246 1291 457 1353 comparamus
470 1272 607 1355 -indeqne
635 1274 761 1337 formam
791 1282 890 1337 motus
923 1275 1108 1357 quaerimus,
1141 1295 1199 1356 qna
1227 1294 1330 1337 omnes
1358 1276 1410 1338 isti
1438 1276 1516 1340 situs'

158 1370 230 1426 ants
254 1361 355 1426 notati
378 1361 620 1444 consimilesque'
640 1364 734 1427 futuri
761 1364 864 1427 ordine
894 1364 1079 1427 efficiantur:
1110 1384 1167 1445 qno
1196 1365 1322 1426 obtento
1350 1364 1517 1427 astronomi

157 1470 284 1515 munere
303 1451 393 1533 plens
416 1451 549 1515 defuncti
572 1471 684 1516 snmus.
731 1452 815 1516 Situs
838 1453 942 1534 itaque
966 1455 1122 1517 stellarum
1145 1453 1222 1515 varii
1250 1453 1341 1516 o'ertis
1368 1453 1517 1539 tempori-

157 1540 214 1605 bns
238 1549 312 1606 sunt
333 1539 482 1622 quasdam
505 1542 591 1623 qnasi
615 1543 767 1605 elementa
786 1562 840 1606 seu
863 1545 963 1624 potius
987 1542 1211 1624 apotelesmata
1233 1549 1375 1605 motuum.

246 1629 292 1693 Et
318 1630 396 1694 situs
424 1630 550 1712 quidem·
571 1652 609 1694 ex
645 1633 809 1695 relatorum
845 1653 955 1714 genere
989 1640 1053 1709 est,
1097 1633 1293 1714 respicimus,
1332 1640 1421 1712 prout
1448 1649 1516 1694 enm

157 1739 238 1784 nunc
259 1719 498 1796 consideramus,
521 1722 677 1784 stellarum
697 1721 772 1783 loca.
802 1720 918 1785 Eodem
944 1722 1023 1784 enim
1044 1740 1112 1784 oum
1131 1720 1229 1784 stellis
1248 1721 1385 1784 omnibns
1403 1721 1516 1784 extimo

157 1807 260 1872 mundi
275 1808 348 1872 orbe
362 1807 548 1871 includimur.
571 1810 676 1891 Atque
701 1829 767 1872 cum
792 1810 878 1892 hujus
901 1810 1031 1873 aedificii
1045 1809 1187 1873 mundani
1209 1818 1272 1873 tres
1296 1811 1359 1873 siut
1376 1810 1516 1890 regiones

157 1917 194 1961 ax
223 1906 336 1961 natura
361 1898 475 1979 figurae
509 1898 700 1978 sphaericae,
730 1918 817 1979 quam
846 1901 989 1980 adeptum
1014 1907 1076 1975 est,
1106 1908 1257 1974 centrum,
1286 1899 1461 1981 superficies
1484 1907 1517 1962 et

157 1986 387 2063 intermedium
415 1995 551 2052 oentmm
573 2006 645 2050 vero
668 2007 722 2050 een
744 2007 815 2050 vere
838 2009 892 2052 seu
915 1991 1099 2051 adsensum
1120 2008 1176 2050 nos
1195 2006 1390 2068 occupemus:
1420 1988 1512 2049 relin-

156 2084 289 2157 quuntur
311 2094 384 2156 ergo
407 2076 507 2140 stellis
531 2077 608 2139 dnae
632 2077 770 2157 regiones
794 2078 937 2159 reliquae,
962 2079 1125 2140 secundnm
1149 2097 1223 2159 quas
1243 2077 1360 2157 gemino
1376 2084 1516 2158 respectu

155 2165 232 2230 situs
257 2185 360 2229 sarum
382 2165 600 2241 consideratur,
624 2186 729 2247 nempe
753 2175 806 2229 aut
827 2176 967 2248 respectu
981 2167 1150 2230 intermedii
1173 2186 1227 2229 seu
1241 2165 1381 2228 diametri
1403 2164 1513 2243 mundi,

156 2264 210 2319 aut
232 2262 377 2337 respectu
399 2256 568 2337 superficiei
593 2265 756 2318 extremae.

252 2394 282 2462 1.
319 2396 372 2459 Ds
395 2397 472 2461 situ
495 2416 560 2459 sou
583 2398 667 2461 looo
690 2398 854 2549 sideqpqq
876 2395 1108 2501 aspectabili
1131 2415 1194 2460 seu
1217 2395 1415 2460 aestimato

735 2507 776 2550 sn
846 2507 927 2550 uxrs.

244 2612 293 2674 Ao
316 2610 395 2673 situs
418 2608 538 2691 quidem
560 2608 669 2673 sideris
700 2619 839 2691 respectu
870 2611 1009 2674 diametri
1038 2610 1139 2672 mundi
1172 2626 1235 2671 rem
1265 2609 1363 2690 ipsam
1390 2610 1514 2690 propius

155 2700 279 2777 attinet,
302 2700 379 2763 situs
402 2718 474 2761 vero
497 2709 638 2779 respectu
661 2700 827 2780 superficiei
850 2702 947 2763 solam
972 2701 1034 2762 fere
1057 2699 1212 2761 visionem.

245 2787 323 2853 Cum
347 2788 426 2851 enirn
449 2807 536 2851 omne
561 2789 638 2869 quod
662 2790 782 2851 videtur
814 2796 896 2852 certo
925 2790 1034 2869 angulo
1064 2789 1216 2851 radiorum
1239 2787 1404 2850 lucidorum
1429 2808 1512 2851 mar·

154 2879 276 2961 ginibns
299 2878 344 2941 rei
366 2878 452 2940 visae
475 2878 515 2940 ad
537 2887 671 2941 centrum
691 2878 768 2941 oculi
787 2880 999 2941 confluentium
1018 2878 1291 2958 comprehendatur
1314 2878 1512 2953 striduntur,

154 2978 217 3033 tnm
242 2968 362 3031 demum
385 2967 469 3030 sidus
492 2975 575 3029 reete
600 2987 654 3029 uos
677 2968 800 3042 vidisse,
824 2969 880 3030 hoc
904 2978 953 3030 est
976 2968 1167 3042 observasse,
1191 2975 1342 3047 putamus,
1366 2987 1432 3030 cum
1455 2987 1513 3028 an-

153 3059 257 3140 gulum
280 3056 408 3120 visionis
437 3065 578 3119 accurate
606 3056 748 3120 fuerimus
779 3057 915 3120 dimensi.
964 3057 1101 3137 Angulos
1128 3077 1200 3119 vero
1233 3056 1357 3118 metitur
1383 3055 1513 3119 circulus

153 3168 193 3210 ax
220 3146 327 3226 anguli
357 3153 469 3227 puncto
497 3146 677 3227 descriptus.
722 3146 766 3209 Et
794 3155 843 3210 est
875 3145 924 3209 ille
961 3146 1068 3226 ingens
1103 3146 1232 3209 circulus
1264 3164 1318 3206 seu
1352 3145 1513 3224 sphaerica

153 3237 330 3318 superficies
354 3234 459 3297 extimi
482 3235 583 3296 mundi
603 3236 755 3316 descripta
778 3255 816 3299 ex
835 3236 891 3298 hoc
909 3246 1022 3318 puncto
1041 3243 1211 3299 nostrorum
1229 3234 1403 3314 angulorum
1426 3236 1512 3298 viso·

152 3326 281 3402 riorum,
316 3326 373 3388 boc
405 3330 455 3388 est
477 3344 516 3386 ex
538 3325 647 3399 Terra;
677 3327 747 3406 quia
779 3326 955 3407 spatiolum,
984 3345 1041 3405 qno
1070 3325 1160 3386 abest
1189 3324 1378 3404 superficies,
1408 3334 1514 3388 nostra

153 3417 295 3486 alumna,
325 3414 376 3477 ab*
391 3412 542 3495 ipsissimo
580 3416 680 3477 mundi
715 3425 818 3477 centro
853 3415 883 3476 in
917 3421 1006 3476 tanta
1037 3414 1184 3476 vastitate
1219 3413 1309 3492 plane
1346 3415 1511 3478 evanescit

154 3504 324 3570 Conficitur
347 3521 434 3583 crgo,
457 3511 491 3565 ut
513 3504 671 3584 sphaerica
694 3505 865 3585 superficies
890 3502 994 3565 extimi
1018 3502 1094 3566 coeli
1118 3500 1298 3564 adhibeatur
1319 3521 1340 3562 a
1361 3502 1449 3564 nobis
1471 3504 1511 3566 ad

155 3593 359 3659 dimetiendos
383 3592 510 3673 angulos
537 3593 683 3669 visorios,
718 3592 747 3655 in
772 3603 875 3656 nostro
899 3593 986 3655 oculo
1009 3592 1231 3655 conformatos:
1265 3598 1297 3652 et
1325 3598 1446 3668 contra,
1477 3601 1512 3655 nt

154 3683 260 3766 anguli
290 3682 387 3745 nostri
414 3682 518 3744 visorii
546 3683 639 3745 situm
661 3683 818 3745 stellarum
851 3690 992 3763 respectu
1014 3680 1180 3760 superficiei
1204 3679 1305 3742 muudi
1329 3680 1514 3745 sufficienter

153 3783 296 3856 arguant
319 3770 380 3835 Est
402 3772 481 3834 euim
504 3772 633 3835 ethaeo
656 3773 857 3835 consideratio
880 3771 1008 3852 gemina.
1032 3770 1163 3833 Primum
1186 3768 1303 3833 dicetur
1325 3770 1356 3832 in
1380 3788 1511 3852 sequen-

153 3865 245 3941 tibus,
270 3862 380 3925 stellas
403 3879 470 3923 cnm
493 3870 579 3924 certa
602 3883 657 3923 sua
680 3883 698 3923 a
722 3861 808 3924 nobis
832 3861 979 3923 distantia
1002 3880 1060 3923 non
1084 3878 1174 3941 posse
1199 3860 1280 3922 cerni
1304 3859 1410 3923 oculis.
1446 3862 1511 3923 lta·

154 3973 211 4036 que
245 3951 327 4015 inter
359 3950 461 4013 sidera
493 3951 579 4013 nobis
607 3952 696 4013 valde
724 3952 892 4032 propinqua
919 3958 951 4013 et
977 3950 1031 4014 illa
1060 3950 1089 4012 in
1121 3949 1321 4012 remotissimo
1351 3949 1422 4012 orbe
1450 3950 1512 4012 fixa

154 4062 250 4107 causa
282 4039 341 4104 loci
370 4058 427 4101 nou
456 4039 683 4120 distinguimus,
711 4040 769 4103 nisi
797 4041 926 4104 alterum
956 4040 994 4101 ab
1018 4040 1115 4102 altero
1146 4045 1278 4121 tegatur.
1325 4039 1432 4122 Itaque
1455 4039 1512 4101 hoc

153 4141 245 4214 pactu
269 4128 495 4211 conjunctiones
519 4129 682 4192 errantium
705 4150 772 4193 cum
794 4129 861 4192 fixis
885 4137 1026 4192 notamus
1049 4128 1154 4192 oculis.
1193 4128 1261 4201 Quo
1285 4128 1377 4207 igitur
1400 4129 1510 4206 angulo

152 4228 315 4285 cernuntur
338 4220 416 4281 duae
445 4220 522 4281 fixae
555 4220 709 4282 erronibns
742 4219 821 4284 binis
848 4221 1041 4301 conjunctae,
1075 4220 1180 4282 eodem
1209 4219 1318 4298 angulo
1347 4218 1510 4297 eodemque

151 4330 224 4374 aron
249 4309 353 4372 circuli
382 4308 521 4382 maximi,
552 4309 654 4389 auguli
687 4309 791 4373 visorii
820 4328 975 4384 mensore,
1004 4307 1130 4372 dicimus
1155 4317 1185 4370 et
1208 4308 1290 4388 ipsus
1314 4324 1435 4368 errones
1458 4323 1510 4367 re·

151 4404 260 4482 spectu
284 4397 451 4478 superficiei
475 4398 597 4461 distare.
630 4400 680 4460 Ita
702 4418 760 4479 quo
783 4399 893 4478 angulo
917 4399 1079 4462 cernuntur
1102 4396 1229 4460 extremi
1252 4395 1403 4474 margines
1427 4392 1510 4457 Solis

153 4491 202 4552 vel
226 4489 332 4551 Lunae
356 4487 487 4563 distare,
517 4487 592 4549 haec
616 4507 684 4550 esse
714 4488 824 4551 dicitur
852 4488 1029 4569 magnitudo
1053 4486 1135 4550 Solis
1159 4486 1206 4547 vel
1235 4485 1349 4546 Lunae.
1401 4482 1509 4544 Adeo·

153 4598 211 4661 que
244 4577 314 4639 hino
343 4574 397 4640 Sol
435 4584 466 4637 et
493 4577 581 4638 Luna
611 4580 752 4660 aequales
781 4586 940 4658 putantur,
982 4576 1117 4659 quamvis
1153 4574 1207 4638 Sol
1238 4571 1339 4635 multis
1377 4570 1509 4634 millibus

153 4667 263 4730 vicium
286 4665 404 4729 Lunam
427 4674 564 4746 superet,
589 4673 706 4730 tantum
730 4667 800 4747 quia
822 4667 1036 4748 propemodum
1060 4663 1178 4747 aequali
1203 4663 1312 4742 angulo
1335 4668 1504 4725 cernuntur.

152 4756 234 4821 Vide
261 4751 312 4820 19.
338 4755 437 4837 quarti
461 4755 645 4820 Vitellionis.
691 4757 756 4819 llas
785 4766 847 4819 tam
876 4758 1001 4820 fixarum
1030 4775 1118 4838 quam
1149 4771 1284 4815 erronum
1313 4751 1447 4831 adeoque
1476 4757 1508 4810 et

152 4846 322 4929 marginum
345 4843 427 4908 Solia
449 4846 499 4908 vel
522 4846 627 4908 Lunae
651 4846 815 4909 distantias
841 4846 929 4909 nnius
958 4847 996 4909 ab
1025 4847 1120 4908 altero
1150 4839 1315 4903 astronomi
1345 4837 1508 4927 metiuntur

151 4934 373 5011 instrumentis,
395 4943 471 5016 puta
492 4936 587 4999 radiis
610 4955 664 4999 seu
685 4935 802 4999 baculis
821 4935 1041 5009 astronomicis,
1065 4930 1255 4995 sextantibus
1279 4940 1312 4992 et
1332 4926 1401 4991 aliis
1421 4943 1506 4990 com·

152 5026 344 5107 parationem
366 5024 561 5089 instituentes
584 5045 672 5089 arcus
694 5026 774 5089 inter
795 5025 883 5089 binas
905 5026 1015 5088 stellas
1035 5019 1187 5102 interjecti
1211 5017 1250 5081 ad
1272 5020 1423 5101 integrum
1444 5016 1505 5080 cir·

1235 5123 1267 5178 21
1279 5127 1296 5159 ⁴*
