<?xml version="1.0" encoding="UTF-8"?>
<!DOCTYPE html PUBLIC "-//W3C//DTD XHTML 1.0 Transitional//EN"
    "http://www.w3.org/TR/xhtml1/DTD/xhtml1-transitional.dtd">
<html xmlns="http://www.w3.org/1999/xhtml" xml:lang="en" lang="en">
 <head>
  <title>
</title>
<meta http-equiv="Content-Type" content="text/html;charset=utf-8" />
  <meta name='ocr-system' content='tesseract 3.04.00' />
  <meta name='ocr-capabilities' content='ocr_page ocr_carea ocr_par ocr_line ocrx_word'/>
</head>
<body>
  <div class='ocr_page' id='page_1' title='image "./joanniskepleria01frisgoog/joanniskepleria01frisgoog_0068.png"; bbox 0 0 3692 5842; ppageno 0'>
   <div class='ocr_carea' id='block_1_1' title="bbox 331 400 1259 470">
    <p class='ocr_par' dir='ltr' id='par_1_1' title="bbox 331 400 1259 470">
     <span class='ocr_line' id='line_1_1' title="bbox 331 400 1259 470; baseline 0.005 -18"><span class='ocrx_word' id='word_1_1' title='bbox 331 400 374 468; x_wconf 79' lang='grc'><strong>56</strong></span> <span class='ocrx_word' id='word_1_2' title='bbox 748 405 848 456; x_wconf 78' lang='lat' dir='ltr'><strong>literas</strong></span> <span class='ocrx_word' id='word_1_3' title='bbox 867 406 968 470; x_wconf 81' lang='lat' dir='ltr'><strong>Kaplsri</strong></span> <span class='ocrx_word' id='word_1_4' title='bbox 988 407 1139 470; x_wconf 81' lang='lat' dir='ltr'><strong>aliorumque</strong></span> <span class='ocrx_word' id='word_1_5' title='bbox 1158 413 1259 457; x_wconf 80' lang='lat' dir='ltr'><strong>mutuae</strong></span> 
     </span>
    </p>
   </div>
   <div class='ocr_carea' id='block_1_2' title="bbox 267 583 1697 3334">
    <p class='ocr_par' dir='ltr' id='par_1_2' title="bbox 267 583 1697 3334">
     <span class='ocr_line' id='line_1_2' title="bbox 332 583 1691 659; baseline -0.001 -9"><span class='ocrx_word' id='word_1_6' title='bbox 332 595 381 650; x_wconf 91' lang='lat' dir='ltr'><strong>tur</strong></span> <span class='ocrx_word' id='word_1_7' title='bbox 405 587 433 648; x_wconf 93' lang='lat' dir='ltr'><strong>in</strong></span> <span class='ocrx_word' id='word_1_8' title='bbox 458 583 513 648; x_wconf 82' lang='lat' dir='ltr'><strong>cl)</strong></span> <span class='ocrx_word' id='word_1_9' title='bbox 538 593 568 647; x_wconf 90' lang='lat' dir='ltr'><strong>et</strong></span> <span class='ocrx_word' id='word_1_10' title='bbox 585 584 656 659; x_wconf 86' lang='lat' dir='ltr'><strong>EF,</strong></span> <span class='ocrx_word' id='word_1_11' title='bbox 680 592 891 647; x_wconf 80' lang='lat' dir='ltr'><strong>concurrentes</strong></span> <span class='ocrx_word' id='word_1_12' title='bbox 914 584 944 645; x_wconf 92' lang='lat' dir='ltr'><strong>in</strong></span> <span class='ocrx_word' id='word_1_13' title='bbox 970 583 1009 647; x_wconf 91' lang='lat' dir='ltr'><strong>G.</strong></span> <span class='ocrx_word' id='word_1_14' title='bbox 1047 584 1118 647; x_wconf 89' lang='lat' dir='ltr'><strong>Jam</strong></span> <span class='ocrx_word' id='word_1_15' title='bbox 1142 585 1219 647; x_wconf 93' lang='lat' dir='ltr'><strong>oculi</strong></span> <span class='ocrx_word' id='word_1_16' title='bbox 1244 586 1291 648; x_wconf 88' lang='lat' dir='ltr'><strong>vel</strong></span> <span class='ocrx_word' id='word_1_17' title='bbox 1315 592 1387 648; x_wconf 91' lang='lat' dir='ltr'><strong>sunt</strong></span> <span class='ocrx_word' id='word_1_18' title='bbox 1409 585 1488 649; x_wconf 84' lang='lat' dir='ltr'><strong>infra</strong></span> <span class='ocrx_word' id='word_1_19' title='bbox 1511 603 1691 648; x_wconf 88' lang='lat' dir='ltr'><strong>concursum</strong></span> 
     </span>
     <span class='ocr_line' id='line_1_3' title="bbox 333 673 1693 755; baseline -0.001 -18"><span class='ocrx_word' id='word_1_20' title='bbox 333 674 376 750; x_wconf 86' lang='lat' dir='ltr'><strong>G,</strong></span> <span class='ocrx_word' id='word_1_21' title='bbox 403 675 487 737; x_wconf 87' lang='lat' dir='ltr'><strong>utin</strong></span> <span class='ocrx_word' id='word_1_22' title='bbox 510 676 549 745; x_wconf 89' lang='lat' dir='ltr'><strong>K,</strong></span> <span class='ocrx_word' id='word_1_23' title='bbox 573 675 616 749; x_wconf 93' lang='lat' dir='ltr'><strong>L,</strong></span> <span class='ocrx_word' id='word_1_24' title='bbox 640 673 689 735; x_wconf 85' lang='lat' dir='ltr'><strong>vel</strong></span> <span class='ocrx_word' id='word_1_25' title='bbox 714 692 804 752; x_wconf 90' lang='lat' dir='ltr'><strong>supra</strong></span> <span class='ocrx_word' id='word_1_26' title='bbox 826 693 1015 749; x_wconf 89' lang='lat' dir='ltr'><strong>concursum,</strong></span> <span class='ocrx_word' id='word_1_27' title='bbox 1040 683 1074 736; x_wconf 89' lang='lat' dir='ltr'><strong>ut</strong></span> <span class='ocrx_word' id='word_1_28' title='bbox 1097 674 1126 734; x_wconf 93' lang='lat' dir='ltr'><strong>in</strong></span> <span class='ocrx_word' id='word_1_29' title='bbox 1148 676 1175 748; x_wconf 91' lang='lat' dir='ltr'><strong>l,</strong></span> <span class='ocrx_word' id='word_1_30' title='bbox 1202 676 1239 736; x_wconf 87' lang='grc' dir='ltr'><strong>Η.</strong></span> <span class='ocrx_word' id='word_1_31' title='bbox 1286 676 1373 738; x_wconf 89' lang='lat' dir='ltr'><strong>Duae</strong></span> <span class='ocrx_word' id='word_1_32' title='bbox 1398 674 1495 737; x_wconf 86' lang='lat' dir='ltr'><strong>lineae</strong></span> <span class='ocrx_word' id='word_1_33' title='bbox 1519 674 1693 755; x_wconf 84' lang='lat' dir='ltr'><strong>significent</strong></span> 
     </span>
     <span class='ocr_line' id='line_1_4' title="bbox 333 761 1691 844; baseline -0.001 -17"><span class='ocrx_word' id='word_1_34' title='bbox 333 765 507 827; x_wconf 80' lang='lat' dir='ltr'><strong>distantiam</strong></span> <span class='ocrx_word' id='word_1_35' title='bbox 539 763 700 825; x_wconf 91' lang='lat' dir='ltr'><strong>oculorum.</strong></span> <span class='ocrx_word' id='word_1_36' title='bbox 747 762 780 824; x_wconf 90' lang='lat' dir='ltr'><strong>Si</strong></span> <span class='ocrx_word' id='word_1_37' title='bbox 809 762 927 837; x_wconf 84' lang='lat' dir='ltr'><strong>iufra,</strong></span> <span class='ocrx_word' id='word_1_38' title='bbox 965 772 1034 824; x_wconf 87' lang='lat' dir='ltr'><strong>tunc</strong></span> <span class='ocrx_word' id='word_1_39' title='bbox 1066 762 1211 825; x_wconf 85' lang='lat' dir='ltr'><strong>deberent</strong></span> <span class='ocrx_word' id='word_1_40' title='bbox 1243 764 1436 844; x_wconf 82' lang='lat' dir='ltr'>distorqueri,</span> <span class='ocrx_word' id='word_1_41' title='bbox 1469 773 1503 824; x_wconf 90' lang='lat' dir='ltr'><strong>ut</strong></span> <span class='ocrx_word' id='word_1_42' title='bbox 1527 761 1601 836; x_wconf 82' lang='lat' dir='ltr'><strong>Kc,</strong></span> <span class='ocrx_word' id='word_1_43' title='bbox 1625 762 1691 838; x_wconf 84' lang='lat' dir='ltr'><strong>LE,</strong></span> 
     </span>
     <span class='ocr_line' id='line_1_5' title="bbox 333 851 1691 935; baseline -0.001 -19"><span class='ocrx_word' id='word_1_44' title='bbox 333 855 411 935; x_wconf 90' lang='lat' dir='ltr'><strong>quod</strong></span> <span class='ocrx_word' id='word_1_45' title='bbox 435 862 480 915; x_wconf 91' lang='lat' dir='ltr'><strong>est</strong></span> <span class='ocrx_word' id='word_1_46' title='bbox 504 853 580 932; x_wconf 89' lang='lat' dir='ltr'><strong>ipsis</strong></span> <span class='ocrx_word' id='word_1_47' title='bbox 604 851 804 931; x_wconf 88' lang='lat' dir='ltr'><strong>impossibile;</strong></span> <span class='ocrx_word' id='word_1_48' title='bbox 829 852 944 913; x_wconf 90' lang='lat' dir='ltr'><strong>duobus</strong></span> <span class='ocrx_word' id='word_1_49' title='bbox 968 852 1059 931; x_wconf 86' lang='lat' dir='ltr'><strong>igitur</strong></span> <span class='ocrx_word' id='word_1_50' title='bbox 1074 853 1190 914; x_wconf 89' lang='lat' dir='ltr'><strong>actibus</strong></span> <span class='ocrx_word' id='word_1_51' title='bbox 1206 853 1281 914; x_wconf 83' lang='lat' dir='ltr'><strong>diras</strong></span> <span class='ocrx_word' id='word_1_52' title='bbox 1296 854 1400 914; x_wconf 79' lang='lat' dir='ltr'><strong>rident</strong></span> <span class='ocrx_word' id='word_1_53' title='bbox 1423 852 1580 932; x_wconf 79' lang='lat' dir='ltr'><strong>imagines.</strong></span> <span class='ocrx_word' id='word_1_54' title='bbox 1609 851 1691 914; x_wconf 80' lang='lat' dir='ltr'><strong>Nam</strong></span> 
     </span>
     <span class='ocr_line' id='line_1_6' title="bbox 331 939 1690 1014; baseline 0.001 -11"><span class='ocrx_word' id='word_1_55' title='bbox 331 943 412 1004; x_wconf 90' lang='lat' dir='ltr'><strong>Kin</strong></span> <span class='ocrx_word' id='word_1_56' title='bbox 437 940 462 1004; x_wconf 86' lang='lat' dir='ltr'>C</span> <span class='ocrx_word' id='word_1_57' title='bbox 487 961 650 1003; x_wconf 84' lang='lat' dir='ltr'><strong>conversus</strong></span> <span class='ocrx_word' id='word_1_58' title='bbox 673 940 758 1003; x_wconf 86' lang='lat' dir='ltr'><strong>videt</strong></span> <span class='ocrx_word' id='word_1_59' title='bbox 780 943 824 1014; x_wconf 84' lang='lat' dir='ltr'><strong>A;</strong></span> <span class='ocrx_word' id='word_1_60' title='bbox 858 942 914 1002; x_wconf 90' lang='lat' dir='ltr'><strong>hoc</strong></span> <span class='ocrx_word' id='word_1_61' title='bbox 947 941 1036 1001; x_wconf 82' lang='lat' dir='ltr'><strong>flente</strong></span> <span class='ocrx_word' id='word_1_62' title='bbox 1060 942 1152 1002; x_wconf 90' lang='lat' dir='ltr'><strong>etiam</strong></span> <span class='ocrx_word' id='word_1_63' title='bbox 1175 943 1202 1002; x_wconf 91' lang='lat' dir='ltr'>L</span> <span class='ocrx_word' id='word_1_64' title='bbox 1225 942 1253 1002; x_wconf 92' lang='lat' dir='ltr'><strong>iu</strong></span> <span class='ocrx_word' id='word_1_65' title='bbox 1278 940 1305 1004; x_wconf 81' lang='lat' dir='ltr'>C</span> <span class='ocrx_word' id='word_1_66' title='bbox 1331 942 1517 1004; x_wconf 85' lang='lat' dir='ltr'><strong>convertitur·</strong></span> <span class='ocrx_word' id='word_1_67' title='bbox 1540 953 1573 1002; x_wconf 90' lang='lat' dir='ltr'><strong>et</strong></span> <span class='ocrx_word' id='word_1_68' title='bbox 1595 939 1690 1004; x_wconf 82' lang='lat' dir='ltr'><strong>aicC</strong></span> 
     </span>
     <span class='ocr_line' id='line_1_7' title="bbox 330 1027 1691 1110; baseline -0.002 -16"><span class='ocrx_word' id='word_1_69' title='bbox 330 1033 364 1094; x_wconf 84' lang='lat' dir='ltr'><strong>rit</strong></span> <span class='ocrx_word' id='word_1_70' title='bbox 387 1034 470 1094; x_wconf 91' lang='lat' dir='ltr'><strong>locus</strong></span> <span class='ocrx_word' id='word_1_71' title='bbox 494 1030 647 1110; x_wconf 87' lang='lat' dir='ltr'><strong>imaginis,</strong></span> <span class='ocrx_word' id='word_1_72' title='bbox 672 1030 726 1091; x_wconf 89' lang='lat' dir='ltr'><strong>sed</strong></span> <span class='ocrx_word' id='word_1_73' title='bbox 750 1031 799 1091; x_wconf 92' lang='lat' dir='ltr'><strong>uni</strong></span> <span class='ocrx_word' id='word_1_74' title='bbox 824 1030 919 1092; x_wconf 78' lang='lat' dir='ltr'><strong>ceculo.</strong></span> <span class='ocrx_word' id='word_1_75' title='bbox 957 1029 1015 1091; x_wconf 93' lang='lat' dir='ltr'><strong>Hic</strong></span> <span class='ocrx_word' id='word_1_76' title='bbox 1039 1031 1122 1092; x_wconf 91' lang='lat' dir='ltr'><strong>locus</strong></span> <span class='ocrx_word' id='word_1_77' title='bbox 1138 1027 1163 1092; x_wconf 85' lang='lat' dir='ltr'>C</span> <span class='ocrx_word' id='word_1_78' title='bbox 1181 1030 1296 1092; x_wconf 90' lang='lat' dir='ltr'><strong>duobus</strong></span> <span class='ocrx_word' id='word_1_79' title='bbox 1319 1030 1414 1092; x_wconf 91' lang='lat' dir='ltr'><strong>oculis</strong></span> <span class='ocrx_word' id='word_1_80' title='bbox 1438 1030 1566 1104; x_wconf 76' lang='lat' dir='ltr'><strong>ridetur,</strong></span> <span class='ocrx_word' id='word_1_81' title='bbox 1591 1030 1691 1110; x_wconf 86' lang='lat' dir='ltr'><strong>imago</strong></span> 
     </span>
     <span class='ocr_line' id='line_1_8' title="bbox 330 1117 1690 1199; baseline -0.004 -15"><span class='ocrx_word' id='word_1_82' title='bbox 330 1124 359 1184; x_wconf 86' lang='grc' dir='ltr'><strong>Λ</strong></span> <span class='ocrx_word' id='word_1_83' title='bbox 384 1140 440 1182; x_wconf 90' lang='lat' dir='ltr'><strong>uno</strong></span> <span class='ocrx_word' id='word_1_84' title='bbox 460 1121 504 1194; x_wconf 87' lang='lat' dir='ltr'><strong>K;</strong></span> <span class='ocrx_word' id='word_1_85' title='bbox 529 1120 607 1180; x_wconf 88' lang='lat' dir='ltr'><strong>idern</strong></span> <span class='ocrx_word' id='word_1_86' title='bbox 631 1120 668 1180; x_wconf 93' lang='lat' dir='ltr'><strong>de</strong></span> <span class='ocrx_word' id='word_1_87' title='bbox 691 1118 745 1180; x_wconf 87' lang='lat' dir='ltr'><strong>LE</strong></span> <span class='ocrx_word' id='word_1_88' title='bbox 770 1119 936 1180; x_wconf 91' lang='lat' dir='ltr'><strong>dicendum.</strong></span> <span class='ocrx_word' id='word_1_89' title='bbox 973 1118 1051 1180; x_wconf 86' lang='lat' dir='ltr'><strong>Esto</strong></span> <span class='ocrx_word' id='word_1_90' title='bbox 1072 1119 1153 1180; x_wconf 82' lang='lat' dir='ltr'><strong>visus</strong></span> <span class='ocrx_word' id='word_1_91' title='bbox 1178 1138 1293 1199; x_wconf 86' lang='lat' dir='ltr'><strong>supra</strong></span> <span class='ocrx_word' id='word_1_92' title='bbox 1316 1139 1491 1181; x_wconf 89' lang='lat' dir='ltr'><strong>concursum</strong></span> <span class='ocrx_word' id='word_1_93' title='bbox 1514 1117 1564 1194; x_wconf 88' lang='lat' dir='ltr'><strong>G,</strong></span> <span class='ocrx_word' id='word_1_94' title='bbox 1590 1118 1619 1180; x_wconf 87' lang='lat' dir='ltr'><strong>in</strong></span> <span class='ocrx_word' id='word_1_95' title='bbox 1634 1118 1690 1194; x_wconf 77' lang='lat'><strong>111,</strong></span> 
     </span>
     <span class='ocr_line' id='line_1_9' title="bbox 331 1205 1691 1287; baseline -0.001 -16"><span class='ocrx_word' id='word_1_96' title='bbox 331 1220 401 1271; x_wconf 92' lang='lat' dir='ltr'><strong>tunc</strong></span> <span class='ocrx_word' id='word_1_97' title='bbox 426 1208 454 1270; x_wconf 93' lang='lat' dir='ltr'><strong>G</strong></span> <span class='ocrx_word' id='word_1_98' title='bbox 479 1217 528 1269; x_wconf 89' lang='lat' dir='ltr'><strong>est</strong></span> <span class='ocrx_word' id='word_1_99' title='bbox 552 1209 634 1271; x_wconf 92' lang='lat' dir='ltr'><strong>locus</strong></span> <span class='ocrx_word' id='word_1_100' title='bbox 667 1207 806 1287; x_wconf 86' lang='lat' dir='ltr'><strong>imaginis</strong></span> <span class='ocrx_word' id='word_1_101' title='bbox 835 1217 867 1270; x_wconf 91' lang='lat' dir='ltr'><strong>et</strong></span> <span class='ocrx_word' id='word_1_102' title='bbox 900 1208 977 1269; x_wconf 91' lang='lat' dir='ltr'><strong>oculi</strong></span> <span class='ocrx_word' id='word_1_103' title='bbox 1003 1208 1074 1269; x_wconf 86' lang='lat' dir='ltr'><strong>nilril</strong></span> <span class='ocrx_word' id='word_1_104' title='bbox 1104 1228 1139 1269; x_wconf 91' lang='lat' dir='ltr'><strong>eo</strong></span> <span class='ocrx_word' id='word_1_105' title='bbox 1163 1210 1235 1270; x_wconf 93' lang='lat' dir='ltr'><strong>moti</strong></span> <span class='ocrx_word' id='word_1_106' title='bbox 1260 1209 1439 1271; x_wconf 87' lang='lat' dir='ltr'><strong>delabuntur</strong></span> <span class='ocrx_word' id='word_1_107' title='bbox 1462 1208 1512 1270; x_wconf 91' lang='lat' dir='ltr'><strong>vel</strong></span> <span class='ocrx_word' id='word_1_108' title='bbox 1536 1209 1565 1269; x_wconf 94' lang='lat' dir='ltr'><strong>iu</strong></span> <span class='ocrx_word' id='word_1_109' title='bbox 1591 1205 1617 1271; x_wconf 84' lang='lat' dir='ltr'><strong>G</strong></span> <span class='ocrx_word' id='word_1_110' title='bbox 1643 1208 1691 1270; x_wconf 81' lang='lat' dir='ltr'><strong>rel</strong></span> 
     </span>
     <span class='ocr_line' id='line_1_10' title="bbox 331 1297 1691 1377; baseline -0.001 -18"><span class='ocrx_word' id='word_1_111' title='bbox 331 1298 402 1359; x_wconf 85' lang='grc' dir='ltr'>ιιιΕ</span> <span class='ocrx_word' id='word_1_112' title='bbox 423 1306 455 1358; x_wconf 90' lang='lat' dir='ltr'><strong>et</strong></span> <span class='ocrx_word' id='word_1_113' title='bbox 477 1298 520 1359; x_wconf 90' lang='lat' dir='ltr'><strong>sic</strong></span> <span class='ocrx_word' id='word_1_114' title='bbox 544 1299 619 1358; x_wconf 89' lang='lat' dir='ltr'><strong>duas</strong></span> <span class='ocrx_word' id='word_1_115' title='bbox 643 1297 748 1358; x_wconf 85' lang='lat' dir='ltr'><strong>vident</strong></span> <span class='ocrx_word' id='word_1_116' title='bbox 763 1298 911 1376; x_wconf 81' lang='lat' dir='ltr'><strong>imagines</strong></span> <span class='ocrx_word' id='word_1_117' title='bbox 929 1297 1027 1371; x_wconf 91' lang='lat' dir='ltr'><strong>simul,</strong></span> <span class='ocrx_word' id='word_1_118' title='bbox 1053 1316 1142 1359; x_wconf 90' lang='lat' dir='ltr'><strong>unam</strong></span> <span class='ocrx_word' id='word_1_119' title='bbox 1167 1299 1262 1359; x_wconf 90' lang='lat' dir='ltr'><strong>altero</strong></span> <span class='ocrx_word' id='word_1_120' title='bbox 1286 1299 1371 1360; x_wconf 93' lang='lat' dir='ltr'><strong>oculo</strong></span> <span class='ocrx_word' id='word_1_121' title='bbox 1396 1298 1519 1371; x_wconf 75' lang='lat' dir='ltr'><strong>directe,</strong></span> <span class='ocrx_word' id='word_1_122' title='bbox 1543 1297 1691 1377; x_wconf 89' lang='lat' dir='ltr'><strong>reliquam</strong></span> 
     </span>
     <span class='ocr_line' id='line_1_11' title="bbox 331 1383 1691 1467; baseline -0.002 -18"><span class='ocrx_word' id='word_1_123' title='bbox 331 1386 444 1466; x_wconf 91' lang='lat' dir='ltr'><strong>reliquo</strong></span> <span class='ocrx_word' id='word_1_124' title='bbox 459 1386 587 1467; x_wconf 89' lang='lat' dir='ltr'><strong>oblique,</strong></span> <span class='ocrx_word' id='word_1_125' title='bbox 613 1395 768 1466; x_wconf 90' lang='lat' dir='ltr'><strong>utramque</strong></span> <span class='ocrx_word' id='word_1_126' title='bbox 785 1387 812 1447; x_wconf 91' lang='lat' dir='ltr'><strong>in</strong></span> <span class='ocrx_word' id='word_1_127' title='bbox 829 1386 1006 1465; x_wconf 85' lang='lat' dir='ltr'><strong>superficie,</strong></span> <span class='ocrx_word' id='word_1_128' title='bbox 1032 1386 1103 1466; x_wconf 85' lang='lat' dir='ltr'><strong>qrria</strong></span> <span class='ocrx_word' id='word_1_129' title='bbox 1122 1387 1150 1446; x_wconf 90' lang='lat' dir='ltr'><strong>in</strong></span> <span class='ocrx_word' id='word_1_130' title='bbox 1170 1406 1207 1448; x_wconf 89' lang='lat' dir='ltr'><strong>ea</strong></span> <span class='ocrx_word' id='word_1_131' title='bbox 1221 1396 1345 1467; x_wconf 91' lang='lat' dir='ltr'><strong>uterque</strong></span> <span class='ocrx_word' id='word_1_132' title='bbox 1362 1387 1464 1448; x_wconf 90' lang='lat' dir='ltr'><strong>oculus</strong></span> <span class='ocrx_word' id='word_1_133' title='bbox 1479 1386 1551 1448; x_wconf 90' lang='lat' dir='ltr'><strong>coit.</strong></span> <span class='ocrx_word' id='word_1_134' title='bbox 1586 1383 1652 1448; x_wconf 86' lang='lat' dir='ltr'><strong>Sed</strong></span> <span class='ocrx_word' id='word_1_135' title='bbox 1665 1386 1691 1447; x_wconf 88' lang='lat' dir='ltr'><strong>si</strong></span> 
     </span>
     <span class='ocr_line' id='line_1_12' title="bbox 332 1471 1690 1554; baseline 0.003 -22"><span class='ocrx_word' id='word_1_136' title='bbox 332 1475 450 1538; x_wconf 81' lang='lat' dir='ltr'><strong>risibile</strong></span> <span class='ocrx_word' id='word_1_137' title='bbox 483 1476 523 1536; x_wconf 90' lang='lat' dir='ltr'><strong>sit</strong></span> <span class='ocrx_word' id='word_1_138' title='bbox 547 1476 723 1537; x_wconf 89' lang='lat' dir='ltr'><strong>luminosum</strong></span> <span class='ocrx_word' id='word_1_139' title='bbox 748 1476 850 1549; x_wconf 83' lang='lat' dir='ltr'><strong>valde,</strong></span> <span class='ocrx_word' id='word_1_140' title='bbox 887 1475 1006 1536; x_wconf 86' lang='lat' dir='ltr'><strong>videtur</strong></span> <span class='ocrx_word' id='word_1_141' title='bbox 1038 1475 1138 1554; x_wconf 86' lang='lat' dir='ltr'><strong>imago</strong></span> <span class='ocrx_word' id='word_1_142' title='bbox 1170 1484 1240 1536; x_wconf 90' lang='lat' dir='ltr'><strong>tunc</strong></span> <span class='ocrx_word' id='word_1_143' title='bbox 1265 1477 1294 1537; x_wconf 94' lang='lat' dir='ltr'><strong>in</strong></span> <span class='ocrx_word' id='word_1_144' title='bbox 1319 1483 1388 1537; x_wconf 71' lang='lat' dir='ltr'><strong>aire</strong></span> <span class='ocrx_word' id='word_1_145' title='bbox 1413 1485 1445 1537; x_wconf 89' lang='lat' dir='ltr'><strong>et</strong></span> <span class='ocrx_word' id='word_1_146' title='bbox 1469 1476 1533 1536; x_wconf 89' lang='lat' dir='ltr'><strong>leco</strong></span> <span class='ocrx_word' id='word_1_147' title='bbox 1559 1471 1591 1536; x_wconf 91' lang='lat' dir='ltr'>G</span> <span class='ocrx_word' id='word_1_148' title='bbox 1614 1493 1690 1538; x_wconf 90' lang='lat' dir='ltr'><strong>con-</strong></span> 
     </span>
     <span class='ocr_line' id='line_1_13' title="bbox 331 1563 1690 1644; baseline -0.001 -17"><span class='ocrx_word' id='word_1_149' title='bbox 331 1584 445 1627; x_wconf 86' lang='lat' dir='ltr'><strong>cursus.</strong></span> <span class='ocrx_word' id='word_1_150' title='bbox 493 1563 544 1626; x_wconf 89' lang='lat' dir='ltr'><strong>Sic</strong></span> <span class='ocrx_word' id='word_1_151' title='bbox 569 1566 602 1625; x_wconf 89' lang='lat' dir='ltr'><strong>iit</strong></span> <span class='ocrx_word' id='word_1_152' title='bbox 625 1565 653 1625; x_wconf 93' lang='lat' dir='ltr'><strong>in</strong></span> <span class='ocrx_word' id='word_1_153' title='bbox 677 1563 882 1643; x_wconf 80' lang='lat' dir='ltr'><strong>pinguioribus</strong></span> <span class='ocrx_word' id='word_1_154' title='bbox 902 1563 1040 1642; x_wconf 72' lang='lat' dir='ltr'><strong>jacentis,</strong></span> <span class='ocrx_word' id='word_1_155' title='bbox 1066 1584 1132 1625; x_wconf 82' lang='lat' dir='ltr'><strong>crim</strong></span> <span class='ocrx_word' id='word_1_156' title='bbox 1157 1566 1278 1626; x_wconf 89' lang='lat' dir='ltr'><strong>oleosae</strong></span> <span class='ocrx_word' id='word_1_157' title='bbox 1298 1574 1403 1644; x_wconf 84' lang='lat' dir='ltr'><strong>guttae</strong></span> <span class='ocrx_word' id='word_1_158' title='bbox 1420 1565 1560 1626; x_wconf 86' lang='lat' dir='ltr'><strong>innatant</strong></span> <span class='ocrx_word' id='word_1_159' title='bbox 1583 1581 1690 1644; x_wconf 64' lang='lat' dir='ltr'><strong>aqum,</strong></span> 
     </span>
     <span class='ocr_line' id='line_1_14' title="bbox 333 1652 1691 1732; baseline 0 -17"><span class='ocrx_word' id='word_1_160' title='bbox 333 1655 519 1715; x_wconf 87' lang='lat' dir='ltr'><strong>lucernarum</strong></span> <span class='ocrx_word' id='word_1_161' title='bbox 544 1654 664 1732; x_wconf 84' lang='lat' dir='ltr'><strong>species</strong></span> <span class='ocrx_word' id='word_1_162' title='bbox 688 1653 725 1714; x_wconf 91' lang='lat' dir='ltr'><strong>ab</strong></span> <span class='ocrx_word' id='word_1_163' title='bbox 750 1652 890 1715; x_wconf 90' lang='lat' dir='ltr'><strong>interiere</strong></span> <span class='ocrx_word' id='word_1_164' title='bbox 926 1671 1058 1713; x_wconf 79' lang='lat' dir='ltr'><strong>concava</strong></span> <span class='ocrx_word' id='word_1_165' title='bbox 1087 1654 1254 1715; x_wconf 88' lang='lat' dir='ltr'><strong>oleosarum</strong></span> <span class='ocrx_word' id='word_1_166' title='bbox 1282 1663 1434 1732; x_wconf 84' lang='lat' dir='ltr'><strong>guttarum</strong></span> <span class='ocrx_word' id='word_1_167' title='bbox 1458 1652 1616 1732; x_wconf 86' lang='lat' dir='ltr'><strong>superficie</strong></span> <span class='ocrx_word' id='word_1_168' title='bbox 1639 1671 1691 1715; x_wconf 86' lang='lat' dir='ltr'><strong>re·</strong></span> 
     </span>
     <span class='ocr_line' id='line_1_15' title="bbox 332 1741 1693 1823; baseline -0.001 -20"><span class='ocrx_word' id='word_1_169' title='bbox 332 1762 504 1821; x_wconf 79' lang='lat' dir='ltr'><strong>percussae,</strong></span> <span class='ocrx_word' id='word_1_170' title='bbox 538 1742 756 1821; x_wconf 79' lang='lat' dir='ltr'><strong>supervolitare</strong></span> <span class='ocrx_word' id='word_1_171' title='bbox 780 1742 854 1821; x_wconf 90' lang='lat' dir='ltr'><strong>ipsis</strong></span> <span class='ocrx_word' id='word_1_172' title='bbox 880 1741 1019 1803; x_wconf 90' lang='lat' dir='ltr'><strong>videntur</strong></span> <span class='ocrx_word' id='word_1_173' title='bbox 1042 1742 1071 1802; x_wconf 93' lang='lat' dir='ltr'><strong>in</strong></span> <span class='ocrx_word' id='word_1_174' title='bbox 1097 1748 1176 1803; x_wconf 72' lang='lat' dir='ltr'><strong>aire.</strong></span> <span class='ocrx_word' id='word_1_175' title='bbox 1224 1744 1328 1804; x_wconf 88' lang='lat' dir='ltr'><strong>Habes</strong></span> <span class='ocrx_word' id='word_1_176' title='bbox 1351 1743 1457 1823; x_wconf 89' lang='lat' dir='ltr'><strong>igitur,</strong></span> <span class='ocrx_word' id='word_1_177' title='bbox 1482 1742 1554 1822; x_wconf 91' lang='lat' dir='ltr'><strong>quid</strong></span> <span class='ocrx_word' id='word_1_178' title='bbox 1577 1742 1634 1804; x_wconf 87' lang='lat' dir='ltr'><strong>liat</strong></span> <span class='ocrx_word' id='word_1_179' title='bbox 1656 1741 1693 1803; x_wconf 88' lang='lat' dir='ltr'><strong>da</strong></span> 
     </span>
     <span class='ocr_line' id='line_1_16' title="bbox 267 1829 1695 1911; baseline 0.001 -21"><span class='ocrx_word' id='word_1_180' title='bbox 267 1857 275 1871; x_wconf 89' lang='lat'><strong>·</strong></span> <span class='ocrx_word' id='word_1_181' title='bbox 333 1831 512 1910; x_wconf 88' lang='lat' dir='ltr'><strong>imaginibus</strong></span> <span class='ocrx_word' id='word_1_182' title='bbox 536 1831 689 1903; x_wconf 90' lang='lat' dir='ltr'><strong>uuoculis,</strong></span> <span class='ocrx_word' id='word_1_183' title='bbox 721 1831 799 1911; x_wconf 90' lang='lat' dir='ltr'><strong>quod</strong></span> <span class='ocrx_word' id='word_1_184' title='bbox 823 1831 940 1892; x_wconf 88' lang='lat' dir='ltr'><strong>scilicet</strong></span> <span class='ocrx_word' id='word_1_185' title='bbox 963 1829 1034 1891; x_wconf 89' lang='lat' dir='ltr'><strong>illae</strong></span> <span class='ocrx_word' id='word_1_186' title='bbox 1057 1831 1119 1892; x_wconf 87' lang='lat' dir='ltr'><strong>sint</strong></span> <span class='ocrx_word' id='word_1_187' title='bbox 1142 1833 1259 1892; x_wconf 89' lang='lat' dir='ltr'><strong>locatae</strong></span> <span class='ocrx_word' id='word_1_188' title='bbox 1284 1832 1312 1893; x_wconf 92' lang='lat' dir='ltr'><strong>in</strong></span> <span class='ocrx_word' id='word_1_189' title='bbox 1328 1831 1498 1911; x_wconf 88' lang='lat' dir='ltr'><strong>superficie,</strong></span> <span class='ocrx_word' id='word_1_190' title='bbox 1525 1830 1642 1892; x_wconf 86' lang='lat' dir='ltr'><strong>duobus</strong></span> <span class='ocrx_word' id='word_1_191' title='bbox 1666 1831 1695 1892; x_wconf 94' lang='lat' dir='ltr'><strong>in</strong></span> 
     </span>
     <span class='ocr_line' id='line_1_17' title="bbox 332 1919 1696 1999; baseline 0.001 -19"><span class='ocrx_word' id='word_1_192' title='bbox 332 1940 400 1982; x_wconf 84' lang='lat' dir='ltr'><strong>earn</strong></span> <span class='ocrx_word' id='word_1_193' title='bbox 425 1920 548 1981; x_wconf 89' lang='lat' dir='ltr'><strong>directis</strong></span> <span class='ocrx_word' id='word_1_194' title='bbox 572 1919 682 1991; x_wconf 72' lang='lat' dir='ltr'><strong>oculis:</strong></span> <span class='ocrx_word' id='word_1_195' title='bbox 707 1938 763 1981; x_wconf 94' lang='lat' dir='ltr'><strong>uno</strong></span> <span class='ocrx_word' id='word_1_196' title='bbox 789 1938 860 1981; x_wconf 91' lang='lat' dir='ltr'><strong>vero</strong></span> <span class='ocrx_word' id='word_1_197' title='bbox 885 1920 950 1980; x_wconf 92' lang='lat' dir='ltr'><strong>solo</strong></span> <span class='ocrx_word' id='word_1_198' title='bbox 975 1919 1099 1981; x_wconf 89' lang='lat' dir='ltr'><strong>sedibus</strong></span> <span class='ocrx_word' id='word_1_199' title='bbox 1124 1921 1247 1981; x_wconf 88' lang='lat' dir='ltr'><strong>incertis</strong></span> <span class='ocrx_word' id='word_1_200' title='bbox 1263 1929 1410 1999; x_wconf 84' lang='lat' dir='ltr'><strong>vagentur</strong></span> <span class='ocrx_word' id='word_1_201' title='bbox 1434 1928 1466 1980; x_wconf 90' lang='lat' dir='ltr'><strong>et</strong></span> <span class='ocrx_word' id='word_1_202' title='bbox 1489 1919 1579 1981; x_wconf 83' lang='lat' dir='ltr'><strong>facilc</strong></span> <span class='ocrx_word' id='word_1_203' title='bbox 1604 1920 1696 1982; x_wconf 89' lang='lat' dir='ltr'><strong>alium</strong></span> 
     </span>
     <span class='ocr_line' id='line_1_18' title="bbox 333 2007 1697 2089; baseline 0 -19"><span class='ocrx_word' id='word_1_204' title='bbox 333 2019 423 2089; x_wconf 89' lang='lat' dir='ltr'><strong>atque</strong></span> <span class='ocrx_word' id='word_1_205' title='bbox 448 2009 537 2070; x_wconf 90' lang='lat' dir='ltr'><strong>alium</strong></span> <span class='ocrx_word' id='word_1_206' title='bbox 562 2008 659 2070; x_wconf 91' lang='lat' dir='ltr'><strong>lecum</strong></span> <span class='ocrx_word' id='word_1_207' title='bbox 684 2007 794 2069; x_wconf 90' lang='lat' dir='ltr'><strong>habere</strong></span> <span class='ocrx_word' id='word_1_208' title='bbox 820 2009 994 2084; x_wconf 79' lang='lat' dir='ltr'><strong>rideantur,</strong></span> <span class='ocrx_word' id='word_1_209' title='bbox 1020 2016 1112 2087; x_wconf 90' lang='lat' dir='ltr'><strong>prout</strong></span> <span class='ocrx_word' id='word_1_210' title='bbox 1137 2009 1218 2069; x_wconf 75' lang='lat' dir='ltr'><strong>risus</strong></span> <span class='ocrx_word' id='word_1_211' title='bbox 1235 2009 1273 2070; x_wconf 87' lang='lat' dir='ltr'><strong>ab</strong></span> <span class='ocrx_word' id='word_1_212' title='bbox 1288 2009 1349 2071; x_wconf 89' lang='lat' dir='ltr'><strong>alia</strong></span> <span class='ocrx_word' id='word_1_213' title='bbox 1364 2008 1471 2070; x_wconf 86' lang='lat' dir='ltr'><strong>etalia</strong></span> <span class='ocrx_word' id='word_1_214' title='bbox 1487 2028 1582 2070; x_wconf 86' lang='lat' dir='ltr'><strong>causa</strong></span> <span class='ocrx_word' id='word_1_215' title='bbox 1606 2008 1697 2070; x_wconf 81' lang='lat' dir='ltr'><strong>inerit</strong></span> 
     </span>
     <span class='ocr_line' id='line_1_19' title="bbox 332 2097 1694 2174; baseline 0 -16"><span class='ocrx_word' id='word_1_216' title='bbox 332 2107 440 2158; x_wconf 91' lang='lat' dir='ltr'><strong>motus.</strong></span> <span class='ocrx_word' id='word_1_217' title='bbox 488 2098 646 2174; x_wconf 88' lang='lat' dir='ltr'><strong>Derogant</strong></span> <span class='ocrx_word' id='word_1_218' title='bbox 669 2097 746 2158; x_wconf 90' lang='lat' dir='ltr'><strong>enirn</strong></span> <span class='ocrx_word' id='word_1_219' title='bbox 771 2097 827 2159; x_wconf 90' lang='lat' dir='ltr'><strong>sibi</strong></span> <span class='ocrx_word' id='word_1_220' title='bbox 853 2107 955 2158; x_wconf 89' lang='lat' dir='ltr'><strong>mutuo</strong></span> <span class='ocrx_word' id='word_1_221' title='bbox 980 2117 1092 2159; x_wconf 91' lang='lat' dir='ltr'><strong>causae</strong></span> <span class='ocrx_word' id='word_1_222' title='bbox 1118 2099 1173 2158; x_wconf 83' lang='lat' dir='ltr'><strong>luae</strong></span> <span class='ocrx_word' id='word_1_223' title='bbox 1198 2107 1230 2159; x_wconf 89' lang='lat' dir='ltr'><strong>et</strong></span> <span class='ocrx_word' id='word_1_224' title='bbox 1253 2099 1311 2160; x_wconf 87' lang='lat' dir='ltr'><strong>alia</strong></span> <span class='ocrx_word' id='word_1_225' title='bbox 1336 2098 1428 2160; x_wconf 88' lang='lat' dir='ltr'><strong>aliam</strong></span> <span class='ocrx_word' id='word_1_226' title='bbox 1447 2097 1557 2171; x_wconf 77' lang='lat' dir='ltr'><strong>vincit,</strong></span> <span class='ocrx_word' id='word_1_227' title='bbox 1589 2104 1624 2159; x_wconf 89' lang='lat' dir='ltr'><strong>ut</strong></span> <span class='ocrx_word' id='word_1_228' title='bbox 1646 2098 1694 2158; x_wconf 83' lang='lat' dir='ltr'><strong>ui·</strong></span> 
     </span>
     <span class='ocr_line' id='line_1_20' title="bbox 332 2185 1697 2272; baseline -0.001 -24"><span class='ocrx_word' id='word_1_229' title='bbox 332 2187 417 2260; x_wconf 90' lang='lat' dir='ltr'><strong>disti,</strong></span> <span class='ocrx_word' id='word_1_230' title='bbox 452 2205 490 2247; x_wconf 80' lang='lat' dir='ltr'><strong>ex</strong></span> <span class='ocrx_word' id='word_1_231' title='bbox 513 2187 629 2248; x_wconf 88' lang='lat' dir='ltr'><strong>duabus</strong></span> <span class='ocrx_word' id='word_1_232' title='bbox 663 2186 843 2272; x_wconf 79' lang='lat' dir='ltr'><strong>imaginibus</strong></span> <span class='ocrx_word' id='word_1_233' title='bbox 868 2206 958 2247; x_wconf 90' lang='lat' dir='ltr'><strong>unam</strong></span> <span class='ocrx_word' id='word_1_234' title='bbox 983 2196 1074 2247; x_wconf 85' lang='lat' dir='ltr'><strong>etex</strong></span> <span class='ocrx_word' id='word_1_235' title='bbox 1098 2206 1208 2266; x_wconf 82' lang='lat' dir='ltr'><strong>magna</strong></span> <span class='ocrx_word' id='word_1_236' title='bbox 1231 2205 1356 2265; x_wconf 85' lang='lat' dir='ltr'><strong>parram</strong></span> <span class='ocrx_word' id='word_1_237' title='bbox 1380 2188 1457 2262; x_wconf 88' lang='lat' dir='ltr'><strong>fieri,</strong></span> <span class='ocrx_word' id='word_1_238' title='bbox 1491 2186 1529 2247; x_wconf 92' lang='lat' dir='ltr'><strong>ob</strong></span> <span class='ocrx_word' id='word_1_239' title='bbox 1563 2185 1641 2247; x_wconf 87' lang='lat' dir='ltr'><strong>alias</strong></span> <span class='ocrx_word' id='word_1_240' title='bbox 1665 2193 1697 2247; x_wconf 91' lang='lat' dir='ltr'><strong>et</strong></span> 
     </span>
     <span class='ocr_line' id='line_1_21' title="bbox 331 2273 1695 2350; baseline 0 -14"><span class='ocrx_word' id='word_1_241' title='bbox 331 2273 409 2338; x_wconf 88' lang='lat' dir='ltr'><strong>alias</strong></span> <span class='ocrx_word' id='word_1_242' title='bbox 434 2294 553 2337; x_wconf 88' lang='lat' dir='ltr'><strong>causas.</strong></span> <span class='ocrx_word' id='word_1_243' title='bbox 602 2276 649 2337; x_wconf 90' lang='grc' dir='ltr'><strong>Τιι</strong></span> <span class='ocrx_word' id='word_1_244' title='bbox 679 2293 751 2336; x_wconf 83' lang='lat' dir='ltr'><strong>vero</strong></span> <span class='ocrx_word' id='word_1_245' title='bbox 782 2275 936 2337; x_wconf 83' lang='lat' dir='ltr'><strong>reflexioni</strong></span> <span class='ocrx_word' id='word_1_246' title='bbox 961 2275 1067 2337; x_wconf 86' lang='lat' dir='ltr'><strong>tribuis</strong></span> <span class='ocrx_word' id='word_1_247' title='bbox 1091 2276 1249 2338; x_wconf 89' lang='lat' dir='ltr'><strong>locationis</strong></span> <span class='ocrx_word' id='word_1_248' title='bbox 1278 2277 1423 2350; x_wconf 87' lang='lat' dir='ltr'><strong>officium,</strong></span> <span class='ocrx_word' id='word_1_249' title='bbox 1457 2274 1536 2349; x_wconf 90' lang='lat' dir='ltr'><strong>scio,</strong></span> <span class='ocrx_word' id='word_1_250' title='bbox 1570 2293 1695 2337; x_wconf 85' lang='lat' dir='ltr'><strong>causam</strong></span> 
     </span>
     <span class='ocr_line' id='line_1_22' title="bbox 334 2364 1696 2445; baseline 0 -19"><span class='ocrx_word' id='word_1_251' title='bbox 334 2384 401 2426; x_wconf 88' lang='lat' dir='ltr'><strong>esse</strong></span> <span class='ocrx_word' id='word_1_252' title='bbox 426 2365 490 2426; x_wconf 90' lang='lat' dir='ltr'><strong>sine</strong></span> <span class='ocrx_word' id='word_1_253' title='bbox 515 2384 573 2444; x_wconf 89' lang='lat' dir='ltr'><strong>qua</strong></span> <span class='ocrx_word' id='word_1_254' title='bbox 597 2382 674 2439; x_wconf 92' lang='lat' dir='ltr'><strong>n0n;</strong></span> <span class='ocrx_word' id='word_1_255' title='bbox 697 2364 796 2442; x_wconf 83' lang='lat' dir='ltr'><strong>imago</strong></span> <span class='ocrx_word' id='word_1_256' title='bbox 822 2364 930 2444; x_wconf 91' lang='lat' dir='ltr'><strong>quippe</strong></span> <span class='ocrx_word' id='word_1_257' title='bbox 954 2374 1001 2425; x_wconf 88' lang='lat' dir='ltr'><strong>est</strong></span> <span class='ocrx_word' id='word_1_258' title='bbox 1025 2375 1150 2445; x_wconf 89' lang='lat' dir='ltr'><strong>propter</strong></span> <span class='ocrx_word' id='word_1_259' title='bbox 1172 2366 1380 2439; x_wconf 82' lang='lat' dir='ltr'><strong>reflexionem,</strong></span> <span class='ocrx_word' id='word_1_260' title='bbox 1404 2366 1469 2427; x_wconf 89' lang='lat' dir='ltr'><strong>sine</strong></span> <span class='ocrx_word' id='word_1_261' title='bbox 1494 2385 1531 2426; x_wconf 89' lang='lat' dir='ltr'><strong>ea</strong></span> <span class='ocrx_word' id='word_1_262' title='bbox 1554 2384 1606 2430; x_wconf 86' lang='lat' dir='ltr'><strong>res</strong></span> <span class='ocrx_word' id='word_1_263' title='bbox 1629 2364 1696 2444; x_wconf 82' lang='lat' dir='ltr'><strong>ipsa</strong></span> 
     </span>
     <span class='ocr_line' id='line_1_23' title="bbox 332 2452 1695 2534; baseline -0.001 -20"><span class='ocrx_word' id='word_1_264' title='bbox 332 2462 423 2514; x_wconf 90' lang='lat' dir='ltr'><strong>esset.</strong></span> <span class='ocrx_word' id='word_1_265' title='bbox 471 2452 533 2515; x_wconf 87' lang='lat' dir='ltr'><strong>Sed</strong></span> <span class='ocrx_word' id='word_1_266' title='bbox 557 2453 715 2514; x_wconf 87' lang='lat' dir='ltr'><strong>locationis</strong></span> <span class='ocrx_word' id='word_1_267' title='bbox 740 2454 768 2514; x_wconf 93' lang='lat' dir='ltr'><strong>iu</strong></span> <span class='ocrx_word' id='word_1_268' title='bbox 792 2455 892 2532; x_wconf 85' lang='lat' dir='ltr'><strong>specie</strong></span> <span class='ocrx_word' id='word_1_269' title='bbox 915 2473 1009 2514; x_wconf 87' lang='lat' dir='ltr'><strong>causa</strong></span> <span class='ocrx_word' id='word_1_270' title='bbox 1033 2473 1090 2515; x_wconf 94' lang='lat' dir='ltr'><strong>non</strong></span> <span class='ocrx_word' id='word_1_271' title='bbox 1116 2464 1162 2515; x_wconf 85' lang='lat' dir='ltr'><strong>est</strong></span> <span class='ocrx_word' id='word_1_272' title='bbox 1187 2454 1319 2515; x_wconf 84' lang='lat' dir='ltr'><strong>reflexio.</strong></span> <span class='ocrx_word' id='word_1_273' title='bbox 1366 2456 1471 2534; x_wconf 89' lang='lat' dir='ltr'><strong>Argue</strong></span> <span class='ocrx_word' id='word_1_274' title='bbox 1495 2452 1615 2516; x_wconf 85' lang='lat' dir='ltr'><strong>valide:</strong></span> <span class='ocrx_word' id='word_1_275' title='bbox 1644 2471 1695 2514; x_wconf 88' lang='lat' dir='ltr'><strong>re-</strong></span> 
     </span>
     <span class='ocr_line' id='line_1_24' title="bbox 332 2539 1694 2622; baseline -0.001 -18"><span class='ocrx_word' id='word_1_276' title='bbox 332 2542 402 2605; x_wconf 79' lang='lat' dir='ltr'><strong>flexi</strong></span> <span class='ocrx_word' id='word_1_277' title='bbox 427 2542 503 2603; x_wconf 87' lang='lat' dir='ltr'><strong>radii</strong></span> <span class='ocrx_word' id='word_1_278' title='bbox 527 2542 654 2603; x_wconf 92' lang='lat' dir='ltr'><strong>tendunt</strong></span> <span class='ocrx_word' id='word_1_279' title='bbox 679 2542 717 2602; x_wconf 92' lang='lat' dir='ltr'><strong>ad</strong></span> <span class='ocrx_word' id='word_1_280' title='bbox 742 2561 814 2615; x_wconf 84' lang='lat' dir='ltr'><strong>rem,</strong></span> <span class='ocrx_word' id='word_1_281' title='bbox 840 2561 897 2603; x_wconf 93' lang='lat' dir='ltr'><strong>non</strong></span> <span class='ocrx_word' id='word_1_282' title='bbox 923 2544 986 2621; x_wconf 84' lang='lat' dir='ltr'><strong>ejus</strong></span> <span class='ocrx_word' id='word_1_283' title='bbox 1010 2539 1149 2622; x_wconf 83' lang='lat' dir='ltr'><strong>imaginis</strong></span> <span class='ocrx_word' id='word_1_284' title='bbox 1175 2544 1278 2604; x_wconf 90' lang='lat' dir='ltr'><strong>locum.</strong></span> <span class='ocrx_word' id='word_1_285' title='bbox 1324 2541 1378 2604; x_wconf 90' lang='lat' dir='ltr'><strong>Sin</strong></span> <span class='ocrx_word' id='word_1_286' title='bbox 1402 2552 1502 2606; x_wconf 91' lang='lat' dir='ltr'><strong>autem</strong></span> <span class='ocrx_word' id='word_1_287' title='bbox 1519 2543 1557 2604; x_wconf 88' lang='lat' dir='ltr'><strong>de</strong></span> <span class='ocrx_word' id='word_1_288' title='bbox 1582 2543 1621 2605; x_wconf 91' lang='lat' dir='ltr'><strong>iis</strong></span> <span class='ocrx_word' id='word_1_289' title='bbox 1643 2561 1694 2604; x_wconf 89' lang='lat' dir='ltr'><strong>re-</strong></span> 
     </span>
     <span class='ocr_line' id='line_1_25' title="bbox 336 2630 1694 2713; baseline -0.001 -20"><span class='ocrx_word' id='word_1_290' title='bbox 336 2632 424 2694; x_wconf 81' lang='lat' dir='ltr'><strong>flexis</strong></span> <span class='ocrx_word' id='word_1_291' title='bbox 448 2631 593 2712; x_wconf 88' lang='lat' dir='ltr'><strong>loqueris,</strong></span> <span class='ocrx_word' id='word_1_292' title='bbox 619 2630 669 2711; x_wconf 88' lang='lat' dir='ltr'><strong>qui</strong></span> <span class='ocrx_word' id='word_1_293' title='bbox 693 2650 763 2693; x_wconf 89' lang='lat' dir='ltr'><strong>vere</strong></span> <span class='ocrx_word' id='word_1_294' title='bbox 779 2631 881 2694; x_wconf 81' lang='lat' dir='ltr'><strong>reflexi</strong></span> <span class='ocrx_word' id='word_1_295' title='bbox 907 2640 986 2704; x_wconf 85' lang='lat' dir='ltr'><strong>sunt,</strong></span> <span class='ocrx_word' id='word_1_296' title='bbox 1012 2631 1049 2691; x_wconf 89' lang='lat' dir='ltr'><strong>ad</strong></span> <span class='ocrx_word' id='word_1_297' title='bbox 1066 2633 1183 2694; x_wconf 91' lang='lat' dir='ltr'><strong>oculum</strong></span> <span class='ocrx_word' id='word_1_298' title='bbox 1198 2632 1305 2712; x_wconf 91' lang='lat' dir='ltr'><strong>quippe</strong></span> <span class='ocrx_word' id='word_1_299' title='bbox 1329 2634 1488 2694; x_wconf 89' lang='lat' dir='ltr'><strong>tendentes</strong></span> <span class='ocrx_word' id='word_1_300' title='bbox 1504 2641 1694 2713; x_wconf 88' lang='lat' dir='ltr'><strong>pestreper·</strong></span> 
     </span>
     <span class='ocr_line' id='line_1_26' title="bbox 332 2721 1695 2803; baseline -0.001 -20"><span class='ocrx_word' id='word_1_301' title='bbox 332 2740 466 2795; x_wconf 88' lang='lat' dir='ltr'><strong>cussum,</strong></span> <span class='ocrx_word' id='word_1_302' title='bbox 501 2729 564 2781; x_wconf 93' lang='lat' dir='ltr'><strong>tum</strong></span> <span class='ocrx_word' id='word_1_303' title='bbox 588 2740 702 2781; x_wconf 86' lang='lat' dir='ltr'><strong>mecum</strong></span> <span class='ocrx_word' id='word_1_304' title='bbox 727 2740 763 2781; x_wconf 85' lang='lat' dir='ltr'><strong>ex</strong></span> <span class='ocrx_word' id='word_1_305' title='bbox 788 2728 874 2800; x_wconf 87' lang='lat' dir='ltr'><strong>parte</strong></span> <span class='ocrx_word' id='word_1_306' title='bbox 899 2721 1039 2800; x_wconf 87' lang='lat' dir='ltr'><strong>loqueris.</strong></span> <span class='ocrx_word' id='word_1_307' title='bbox 1087 2721 1256 2781; x_wconf 88' lang='lat' dir='ltr'><strong>Eorundem</strong></span> <span class='ocrx_word' id='word_1_308' title='bbox 1286 2721 1364 2782; x_wconf 87' lang='lat' dir='ltr'><strong>euim</strong></span> <span class='ocrx_word' id='word_1_309' title='bbox 1388 2722 1565 2782; x_wconf 85' lang='lat' dir='ltr'><strong>reflexorum</strong></span> <span class='ocrx_word' id='word_1_310' title='bbox 1589 2728 1695 2803; x_wconf 88' lang='lat' dir='ltr'><strong>partes</strong></span> 
     </span>
     <span class='ocr_line' id='line_1_27' title="bbox 332 2809 1692 2889; baseline -0.001 -18"><span class='ocrx_word' id='word_1_311' title='bbox 332 2819 403 2872; x_wconf 89' lang='lat' dir='ltr'><strong>sunt</strong></span> <span class='ocrx_word' id='word_1_312' title='bbox 434 2809 610 2871; x_wconf 77' lang='lat' dir='ltr'><strong>meretrices</strong></span> <span class='ocrx_word' id='word_1_313' title='bbox 644 2829 746 2882; x_wconf 83' lang='lat' dir='ltr'><strong>meae,</strong></span> <span class='ocrx_word' id='word_1_314' title='bbox 785 2810 864 2871; x_wconf 88' lang='lat' dir='ltr'><strong>sicut</strong></span> <span class='ocrx_word' id='word_1_315' title='bbox 897 2809 1081 2871; x_wconf 88' lang='lat' dir='ltr'><strong>continuatio</strong></span> <span class='ocrx_word' id='word_1_316' title='bbox 1113 2829 1184 2889; x_wconf 86' lang='lat' dir='ltr'><strong>pars</strong></span> <span class='ocrx_word' id='word_1_317' title='bbox 1218 2810 1326 2872; x_wconf 90' lang='lat' dir='ltr'><strong>dicitur</strong></span> <span class='ocrx_word' id='word_1_318' title='bbox 1360 2811 1456 2871; x_wconf 87' lang='lat' dir='ltr'><strong>lineae</strong></span> <span class='ocrx_word' id='word_1_319' title='bbox 1485 2809 1692 2874; x_wconf 78' lang='lat' dir='ltr'><strong>continuatae.</strong></span> 
     </span>
     <span class='ocr_line' id='line_1_28' title="bbox 333 2897 1694 2979; baseline 0.001 -19"><span class='ocrx_word' id='word_1_320' title='bbox 333 2897 463 2972; x_wconf 88' lang='lat' dir='ltr'><strong>Oculus,</strong></span> <span class='ocrx_word' id='word_1_321' title='bbox 489 2899 603 2970; x_wconf 87' lang='lat' dir='ltr'><strong>instas¹</strong></span> <span class='ocrx_word' id='word_1_322' title='bbox 629 2899 752 2977; x_wconf 90' lang='lat' dir='ltr'><strong>patitur,</strong></span> <span class='ocrx_word' id='word_1_323' title='bbox 778 2917 835 2958; x_wconf 91' lang='lat' dir='ltr'><strong>non</strong></span> <span class='ocrx_word' id='word_1_324' title='bbox 861 2898 951 2978; x_wconf 88' lang='lat' dir='ltr'><strong>igitur</strong></span> <span class='ocrx_word' id='word_1_325' title='bbox 975 2901 1070 2959; x_wconf 89' lang='lat' dir='ltr'><strong>locat:</strong></span> <span class='ocrx_word' id='word_1_326' title='bbox 1104 2907 1259 2978; x_wconf 88' lang='lat' dir='ltr'><strong>utrumque</strong></span> <span class='ocrx_word' id='word_1_327' title='bbox 1282 2919 1395 2962; x_wconf 84' lang='lat' dir='ltr'><strong>verum.</strong></span> <span class='ocrx_word' id='word_1_328' title='bbox 1442 2901 1487 2961; x_wconf 85' lang='lat' dir='ltr'><strong>At</strong></span> <span class='ocrx_word' id='word_1_329' title='bbox 1510 2898 1611 2979; x_wconf 85' lang='lat' dir='ltr'><strong>imago</strong></span> <span class='ocrx_word' id='word_1_330' title='bbox 1636 2918 1694 2961; x_wconf 88' lang='lat' dir='ltr'><strong>non</strong></span> 
     </span>
     <span class='ocr_line' id='line_1_29' title="bbox 335 2987 1693 3068; baseline 0 -19"><span class='ocrx_word' id='word_1_331' title='bbox 335 2997 385 3049; x_wconf 90' lang='lat' dir='ltr'><strong>est</strong></span> <span class='ocrx_word' id='word_1_332' title='bbox 408 2988 437 3047; x_wconf 94' lang='lat' dir='ltr'><strong>iu</strong></span> <span class='ocrx_word' id='word_1_333' title='bbox 462 2988 527 3048; x_wconf 91' lang='lat' dir='ltr'><strong>solo</strong></span> <span class='ocrx_word' id='word_1_334' title='bbox 552 2987 637 3047; x_wconf 91' lang='lat' dir='ltr'><strong>oculo</strong></span> <span class='ocrx_word' id='word_1_335' title='bbox 661 2988 748 3047; x_wconf 91' lang='lat' dir='ltr'><strong>seda</strong></span> <span class='ocrx_word' id='word_1_336' title='bbox 769 3007 857 3048; x_wconf 87' lang='lat' dir='ltr'><strong>sensu</strong></span> <span class='ocrx_word' id='word_1_337' title='bbox 882 2987 1045 3060; x_wconf 91' lang='lat' dir='ltr'><strong>communi,</strong></span> <span class='ocrx_word' id='word_1_338' title='bbox 1070 2988 1118 3068; x_wconf 91' lang='lat' dir='ltr'><strong>qui</strong></span> <span class='ocrx_word' id='word_1_339' title='bbox 1139 2988 1202 3067; x_wconf 92' lang='lat' dir='ltr'><strong>jam</strong></span> <span class='ocrx_word' id='word_1_340' title='bbox 1227 2988 1304 3068; x_wconf 88' lang='lat' dir='ltr'><strong>agit,</strong></span> <span class='ocrx_word' id='word_1_341' title='bbox 1330 2988 1438 3068; x_wconf 89' lang='lat' dir='ltr'><strong>quippe</strong></span> <span class='ocrx_word' id='word_1_342' title='bbox 1462 2988 1619 3065; x_wconf 80' lang='lat' dir='ltr'><strong>discernit,</strong></span> <span class='ocrx_word' id='word_1_343' title='bbox 1644 2988 1693 3050; x_wconf 91' lang='lat' dir='ltr'><strong>di·</strong></span> 
     </span>
     <span class='ocr_line' id='line_1_30' title="bbox 332 3073 1476 3157; baseline 0.001 -20"><span class='ocrx_word' id='word_1_344' title='bbox 332 3075 453 3154; x_wconf 86' lang='lat' dir='ltr'><strong>judicat</strong></span> <span class='ocrx_word' id='word_1_345' title='bbox 476 3084 598 3154; x_wconf 85' lang='lat' dir='ltr'><strong>ergoet</strong></span> <span class='ocrx_word' id='word_1_346' title='bbox 622 3076 718 3148; x_wconf 85' lang='lat' dir='ltr'><strong>locat,</strong></span> <span class='ocrx_word' id='word_1_347' title='bbox 748 3077 801 3136; x_wconf 82' lang='lat' dir='ltr'><strong>sod</strong></span> <span class='ocrx_word' id='word_1_348' title='bbox 825 3096 878 3154; x_wconf 90' lang='lat' dir='ltr'><strong>per</strong></span> <span class='ocrx_word' id='word_1_349' title='bbox 902 3073 1077 3137; x_wconf 86' lang='lat' dir='ltr'><strong>metatriccs</strong></span> <span class='ocrx_word' id='word_1_350' title='bbox 1101 3085 1244 3157; x_wconf 90' lang='lat' dir='ltr'><strong>tanquam</strong></span> <span class='ocrx_word' id='word_1_351' title='bbox 1268 3078 1476 3139; x_wconf 89' lang='lat' dir='ltr'><strong>instrumenta.</strong></span> 
     </span>
     <span class='ocr_line' id='line_1_31' title="bbox 425 3162 1693 3246; baseline 0.002 -23"><span class='ocrx_word' id='word_1_352' title='bbox 425 3162 622 3225; x_wconf 75' lang='lat' dir='ltr'><strong>Vitelliorum</strong></span> <span class='ocrx_word' id='word_1_353' title='bbox 647 3165 787 3242; x_wconf 74' lang='lat' dir='ltr'><strong>allegasti</strong></span> <span class='ocrx_word' id='word_1_354' title='bbox 813 3185 868 3225; x_wconf 90' lang='lat' dir='ltr'><strong>nou</strong></span> <span class='ocrx_word' id='word_1_355' title='bbox 894 3165 1228 3244; x_wconf 75' lang='lat' dir='ltr'><strong>triagnoemolurucnto.</strong></span> <span class='ocrx_word' id='word_1_356' title='bbox 1266 3165 1334 3226; x_wconf 76' lang='lat' dir='ltr'><strong>Nou</strong></span> <span class='ocrx_word' id='word_1_357' title='bbox 1359 3167 1433 3227; x_wconf 90' lang='lat' dir='ltr'><strong>dicit</strong></span> <span class='ocrx_word' id='word_1_358' title='bbox 1456 3166 1520 3246; x_wconf 84' lang='lat' dir='ltr'><strong>ipse</strong></span> <span class='ocrx_word' id='word_1_359' title='bbox 1545 3164 1693 3244; x_wconf 86' lang='lat' dir='ltr'><strong>imagines</strong></span> 
     </span>
     <span class='ocr_line' id='line_1_32' title="bbox 335 3254 1693 3334; baseline -0.001 -18"><span class='ocrx_word' id='word_1_360' title='bbox 335 3273 403 3316; x_wconf 90' lang='lat' dir='ltr'><strong>esse</strong></span> <span class='ocrx_word' id='word_1_361' title='bbox 428 3262 516 3314; x_wconf 84' lang='lat' dir='ltr'><strong>extra</strong></span> <span class='ocrx_word' id='word_1_362' title='bbox 540 3254 655 3313; x_wconf 86' lang='lat' dir='ltr'><strong>oculum</strong></span> <span class='ocrx_word' id='word_1_363' title='bbox 680 3264 711 3313; x_wconf 85' lang='lat' dir='ltr'><strong>et</strong></span> <span class='ocrx_word' id='word_1_364' title='bbox 735 3273 918 3316; x_wconf 87' lang='lat' dir='ltr'><strong>communem</strong></span> <span class='ocrx_word' id='word_1_365' title='bbox 944 3274 1064 3315; x_wconf 88' lang='lat' dir='ltr'><strong>sensum</strong></span> <span class='ocrx_word' id='word_1_366' title='bbox 1088 3254 1200 3315; x_wconf 81' lang='lat' dir='ltr'><strong>reales:</strong></span> <span class='ocrx_word' id='word_1_367' title='bbox 1236 3254 1365 3334; x_wconf 83' lang='lat' dir='ltr'><strong>loquitur</strong></span> <span class='ocrx_word' id='word_1_368' title='bbox 1394 3256 1430 3315; x_wconf 88' lang='lat' dir='ltr'><strong>de</strong></span> <span class='ocrx_word' id='word_1_369' title='bbox 1454 3255 1585 3317; x_wconf 81' lang='lat' dir='ltr'><strong>veritate</strong></span> <span class='ocrx_word' id='word_1_370' title='bbox 1610 3254 1693 3316; x_wconf 88' lang='lat' dir='ltr'><strong>visus</strong></span> 
     </span>
    </p>
   </div>
   <div class='ocr_carea' id='block_1_3' title="bbox 337 3342 640 3405">
    <p class='ocr_par' dir='ltr' id='par_1_3' title="bbox 337 3342 640 3405">
     <span class='ocr_line' id='line_1_33' title="bbox 337 3342 640 3405; baseline -0.003 0"><span class='ocrx_word' id='word_1_371' title='bbox 337 3363 393 3405; x_wconf 89' lang='lat' dir='ltr'><strong>non</strong></span> <span class='ocrx_word' id='word_1_372' title='bbox 418 3344 455 3404; x_wconf 89' lang='lat' dir='ltr'><strong>de</strong></span> <span class='ocrx_word' id='word_1_373' title='bbox 480 3342 640 3404; x_wconf 82' lang='lat' dir='ltr'><strong>erroribus.</strong></span> 
     </span>
    </p>
   </div>
   <div class='ocr_carea' id='block_1_4' title="bbox 331 3430 1694 5058">
    <p class='ocr_par' dir='ltr' id='par_1_4' title="bbox 331 3430 1694 5058">
     <span class='ocr_line' id='line_1_34' title="bbox 423 3430 1693 3497; baseline 0.001 -17"><span class='ocrx_word' id='word_1_374' title='bbox 423 3431 641 3497; x_wconf 84' lang='lat' dir='ltr'><strong>lirenggerus:</strong></span> <span class='ocrx_word' id='word_1_375' title='bbox 671 3431 710 3480; x_wconf 84' lang='lat' dir='ltr'><strong>lle</strong></span> <span class='ocrx_word' id='word_1_376' title='bbox 736 3431 936 3482; x_wconf 83' lang='lat' dir='ltr'><strong>retractione</strong></span> <span class='ocrx_word' id='word_1_377' title='bbox 963 3431 1156 3480; x_wconf 82' lang='lat' dir='ltr'><strong>rudii&#39;luminosi</strong></span> <span class='ocrx_word' id='word_1_378' title='bbox 1186 3433 1209 3479; x_wconf 91' lang='lat' dir='ltr'><strong>in</strong></span> <span class='ocrx_word' id='word_1_379' title='bbox 1230 3430 1354 3494; x_wconf 83' lang='lat' dir='ltr'><strong>diophane</strong></span> <span class='ocrx_word' id='word_1_380' title='bbox 1378 3433 1424 3483; x_wconf 84' lang='lat' dir='ltr'><strong>lroc</strong></span> <span class='ocrx_word' id='word_1_381' title='bbox 1443 3432 1533 3482; x_wconf 85' lang='lat' dir='ltr'><strong>saltem</strong></span> <span class='ocrx_word' id='word_1_382' title='bbox 1553 3443 1693 3495; x_wconf 83' lang='lat' dir='ltr'><strong>apponam:</strong></span> 
     </span>
     <span class='ocr_line' id='line_1_35' title="bbox 334 3503 1694 3567; baseline -0.002 -13"><span class='ocrx_word' id='word_1_383' title='bbox 334 3518 389 3554; x_wconf 87' lang='lat' dir='ltr'><strong>curn</strong></span> <span class='ocrx_word' id='word_1_384' title='bbox 409 3507 463 3566; x_wconf 88' lang='lat' dir='ltr'><strong>ejus</strong></span> <span class='ocrx_word' id='word_1_385' title='bbox 483 3517 560 3552; x_wconf 89' lang='lat' dir='ltr'><strong>causa</strong></span> <span class='ocrx_word' id='word_1_386' title='bbox 579 3504 611 3551; x_wconf 87' lang='lat' dir='ltr'><strong>sit</strong></span> <span class='ocrx_word' id='word_1_387' title='bbox 630 3503 741 3552; x_wconf 83' lang='lat' dir='ltr'><strong>densitas</strong></span> <span class='ocrx_word' id='word_1_388' title='bbox 761 3504 902 3560; x_wconf 78' lang='lat' dir='ltr'><strong>errantes,</strong></span> <span class='ocrx_word' id='word_1_389' title='bbox 922 3516 986 3567; x_wconf 90' lang='lat' dir='ltr'><strong>quae</strong></span> <span class='ocrx_word' id='word_1_390' title='bbox 1005 3518 1047 3565; x_wconf 95' lang='lat' dir='ltr'><strong>pro</strong></span> <span class='ocrx_word' id='word_1_391' title='bbox 1067 3503 1177 3565; x_wconf 85' lang='lat' dir='ltr'><strong>subjecto</strong></span> <span class='ocrx_word' id='word_1_392' title='bbox 1196 3503 1289 3551; x_wconf 81' lang='lat' dir='ltr'><strong>liabent</strong></span> <span class='ocrx_word' id='word_1_393' title='bbox 1307 3519 1354 3551; x_wconf 91' lang='lat' dir='ltr'><strong>non</strong></span> <span class='ocrx_word' id='word_1_394' title='bbox 1374 3504 1527 3567; x_wconf 88' lang='lat' dir='ltr'><strong>superficiem</strong></span> <span class='ocrx_word' id='word_1_395' title='bbox 1551 3503 1594 3552; x_wconf 88' lang='lat' dir='ltr'><strong>sed</strong></span> <span class='ocrx_word' id='word_1_396' title='bbox 1613 3504 1694 3566; x_wconf 82' lang='lat' dir='ltr'><strong>ipsam</strong></span> 
     </span>
     <span class='ocr_line' id='line_1_36' title="bbox 334 3574 1693 3639; baseline 0.001 -17"><span class='ocrx_word' id='word_1_397' title='bbox 334 3590 429 3639; x_wconf 81' lang='lat' dir='ltr'><strong>eorpus.</strong></span> <span class='ocrx_word' id='word_1_398' title='bbox 461 3575 516 3624; x_wconf 91' lang='lat' dir='ltr'><strong>ideo</strong></span> <span class='ocrx_word' id='word_1_399' title='bbox 536 3590 639 3625; x_wconf 62' lang='lat' dir='ltr'><strong>necasse.</strong></span> <span class='ocrx_word' id='word_1_400' title='bbox 660 3583 704 3632; x_wconf 90' lang='lat' dir='ltr'><strong>est,</strong></span> <span class='ocrx_word' id='word_1_401' title='bbox 730 3580 757 3621; x_wconf 90' lang='lat' dir='ltr'><strong>ut</strong></span> <span class='ocrx_word' id='word_1_402' title='bbox 776 3575 890 3622; x_wconf 79' lang='lat' dir='ltr'><strong>retractio</strong></span> <span class='ocrx_word' id='word_1_403' title='bbox 910 3575 955 3622; x_wconf 84' lang='lat' dir='ltr'><strong>liat</strong></span> <span class='ocrx_word' id='word_1_404' title='bbox 973 3575 998 3621; x_wconf 94' lang='lat' dir='ltr'><strong>in</strong></span> <span class='ocrx_word' id='word_1_405' title='bbox 1018 3589 1117 3636; x_wconf 89' lang='lat' dir='ltr'><strong>corpore</strong></span> <span class='ocrx_word' id='word_1_406' title='bbox 1136 3589 1185 3622; x_wconf 91' lang='lat' dir='ltr'><strong>non</strong></span> <span class='ocrx_word' id='word_1_407' title='bbox 1205 3576 1229 3622; x_wconf 89' lang='lat' dir='ltr'><strong>in</strong></span> <span class='ocrx_word' id='word_1_408' title='bbox 1249 3574 1385 3636; x_wconf 83' lang='lat' dir='ltr'><strong>superficie.</strong></span> <span class='ocrx_word' id='word_1_409' title='bbox 1424 3575 1456 3623; x_wconf 82' lang='lat' dir='ltr'><strong>Et</strong></span> <span class='ocrx_word' id='word_1_410' title='bbox 1474 3576 1533 3638; x_wconf 89' lang='lat' dir='ltr'><strong>qnia</strong></span> <span class='ocrx_word' id='word_1_411' title='bbox 1552 3587 1595 3637; x_wconf 84' lang='lat' dir='ltr'><strong>per</strong></span> <span class='ocrx_word' id='word_1_412' title='bbox 1613 3581 1693 3624; x_wconf 81' lang='lat' dir='ltr'><strong>totum</strong></span> 
     </span>
     <span class='ocr_line' id='line_1_37' title="bbox 333 3643 1694 3711; baseline -0.001 -16"><span class='ocrx_word' id='word_1_413' title='bbox 333 3661 421 3711; x_wconf 91' lang='lat' dir='ltr'><strong>corpus</strong></span> <span class='ocrx_word' id='word_1_414' title='bbox 441 3645 559 3710; x_wconf 87' lang='lat' dir='ltr'><strong>diaphaui</strong></span> <span class='ocrx_word' id='word_1_415' title='bbox 578 3647 647 3696; x_wconf 88' lang='lat' dir='ltr'><strong>radio</strong></span> <span class='ocrx_word' id='word_1_416' title='bbox 667 3647 805 3696; x_wconf 87' lang='lat' dir='ltr'><strong>transeunti</strong></span> <span class='ocrx_word' id='word_1_417' title='bbox 824 3647 929 3694; x_wconf 87' lang='lat' dir='ltr'><strong>occurrit</strong></span> <span class='ocrx_word' id='word_1_418' title='bbox 948 3657 1025 3693; x_wconf 86' lang='lat' dir='ltr'><strong>causa</strong></span> <span class='ocrx_word' id='word_1_419' title='bbox 1041 3644 1203 3700; x_wconf 81' lang='lat' dir='ltr'><strong>retractionis.</strong></span> <span class='ocrx_word' id='word_1_420' title='bbox 1223 3646 1333 3694; x_wconf 86' lang='lat' dir='ltr'><strong>densitas</strong></span> <span class='ocrx_word' id='word_1_421' title='bbox 1347 3645 1441 3695; x_wconf 88' lang='lat' dir='ltr'><strong>scilicet</strong></span> <span class='ocrx_word' id='word_1_422' title='bbox 1461 3653 1504 3694; x_wconf 88' lang='lat' dir='ltr'><strong>aut</strong></span> <span class='ocrx_word' id='word_1_423' title='bbox 1518 3647 1617 3700; x_wconf 85' lang='lat' dir='ltr'><strong>raritas.</strong></span> <span class='ocrx_word' id='word_1_424' title='bbox 1636 3643 1694 3694; x_wconf 84' lang='lat' dir='ltr'><strong>idae</strong></span> 
     </span>
     <span class='ocr_line' id='line_1_38' title="bbox 333 3715 1694 3781; baseline -0.002 -14"><span class='ocrx_word' id='word_1_425' title='bbox 333 3720 396 3768; x_wconf 87' lang='lat' dir='ltr'><strong>ratio</strong></span> <span class='ocrx_word' id='word_1_426' title='bbox 416 3719 503 3770; x_wconf 87' lang='lat' dir='ltr'><strong>dictat.</strong></span> <span class='ocrx_word' id='word_1_427' title='bbox 528 3721 552 3766; x_wconf 91' lang='lat' dir='ltr'><strong>in</strong></span> <span class='ocrx_word' id='word_1_428' title='bbox 577 3728 629 3767; x_wconf 92' lang='lat' dir='ltr'><strong>toto</strong></span> <span class='ocrx_word' id='word_1_429' title='bbox 650 3732 749 3781; x_wconf 87' lang='lat' dir='ltr'><strong>corpore</strong></span> <span class='ocrx_word' id='word_1_430' title='bbox 774 3717 825 3765; x_wconf 85' lang='lat' dir='ltr'><strong>ireri</strong></span> <span class='ocrx_word' id='word_1_431' title='bbox 850 3716 1031 3765; x_wconf 83' lang='lat' dir='ltr'><strong>retractionem.</strong></span> <span class='ocrx_word' id='word_1_432' title='bbox 1069 3715 1140 3765; x_wconf 88' lang='lat' dir='ltr'><strong>llaec</strong></span> <span class='ocrx_word' id='word_1_433' title='bbox 1166 3729 1243 3765; x_wconf 88' lang='lat' dir='ltr'><strong>causa</strong></span> <span class='ocrx_word' id='word_1_434' title='bbox 1263 3725 1313 3770; x_wconf 85' lang='lat' dir='ltr'><strong>est.</strong></span> <span class='ocrx_word' id='word_1_435' title='bbox 1334 3732 1377 3765; x_wconf 89' lang='lat' dir='ltr'><strong>cur</strong></span> <span class='ocrx_word' id='word_1_436' title='bbox 1396 3731 1460 3780; x_wconf 89' lang='lat' dir='ltr'><strong>aqua</strong></span> <span class='ocrx_word' id='word_1_437' title='bbox 1479 3732 1526 3781; x_wconf 92' lang='lat' dir='ltr'><strong>qno</strong></span> <span class='ocrx_word' id='word_1_438' title='bbox 1550 3716 1694 3779; x_wconf 74' lang='lat' dir='ltr'><strong>profundior</strong></span> 
     </span>
     <span class='ocr_line' id='line_1_39' title="bbox 332 3787 1693 3852; baseline -0.002 -13"><span class='ocrx_word' id='word_1_439' title='bbox 332 3804 361 3839; x_wconf 82' lang='lat' dir='ltr'><strong>ao</strong></span> <span class='ocrx_word' id='word_1_440' title='bbox 381 3792 412 3839; x_wconf 85' lang='lat' dir='ltr'><strong>sit</strong></span> <span class='ocrx_word' id='word_1_441' title='bbox 432 3790 570 3844; x_wconf 84' lang='lat' dir='ltr'><strong>coloratior.</strong></span> <span class='ocrx_word' id='word_1_442' title='bbox 596 3790 659 3852; x_wconf 85' lang='lat' dir='ltr'><strong>quod</strong></span> <span class='ocrx_word' id='word_1_443' title='bbox 679 3805 726 3838; x_wconf 92' lang='lat' dir='ltr'><strong>non</strong></span> <span class='ocrx_word' id='word_1_444' title='bbox 747 3788 881 3840; x_wconf 81' lang='lat' dir='ltr'><strong>accideret.</strong></span> <span class='ocrx_word' id='word_1_445' title='bbox 906 3790 925 3835; x_wconf 91' lang='lat' dir='ltr'><strong>si</strong></span> <span class='ocrx_word' id='word_1_446' title='bbox 951 3787 1067 3835; x_wconf 78' lang='lat' dir='ltr'><strong>retractio</strong></span> <span class='ocrx_word' id='word_1_447' title='bbox 1091 3796 1188 3836; x_wconf 89' lang='lat' dir='ltr'><strong>tautum</strong></span> <span class='ocrx_word' id='word_1_448' title='bbox 1215 3788 1285 3836; x_wconf 86' lang='lat' dir='ltr'><strong>tieret</strong></span> <span class='ocrx_word' id='word_1_449' title='bbox 1308 3789 1332 3835; x_wconf 93' lang='lat' dir='ltr'><strong>in</strong></span> <span class='ocrx_word' id='word_1_450' title='bbox 1352 3787 1489 3851; x_wconf 87' lang='lat' dir='ltr'><strong>superficie.</strong></span> <span class='ocrx_word' id='word_1_451' title='bbox 1529 3787 1595 3836; x_wconf 82' lang='lat' dir='ltr'><strong>ilinc</strong></span> <span class='ocrx_word' id='word_1_452' title='bbox 1615 3788 1693 3836; x_wconf 68' lang='lat' dir='ltr'><strong>edam</strong></span> 
     </span>
     <span class='ocr_line' id='line_1_40' title="bbox 332 3853 1693 3923; baseline -0.001 -15"><span class='ocrx_word' id='word_1_453' title='bbox 332 3862 450 3923; x_wconf 82' lang='lat' dir='ltr'><strong>probatur</strong></span> <span class='ocrx_word' id='word_1_454' title='bbox 476 3859 515 3912; x_wconf 88' lang='lat' dir='ltr'><strong>id.</strong></span> <span class='ocrx_word' id='word_1_455' title='bbox 540 3862 604 3922; x_wconf 88' lang='lat' dir='ltr'><strong>quod</strong></span> <span class='ocrx_word' id='word_1_456' title='bbox 628 3863 735 3923; x_wconf 82' lang='lat' dir='ltr'><strong>proxime</strong></span> <span class='ocrx_word' id='word_1_457' title='bbox 760 3860 843 3921; x_wconf 85' lang='lat' dir='ltr'><strong>scripsi</strong></span> <span class='ocrx_word' id='word_1_458' title='bbox 870 3859 900 3907; x_wconf 90' lang='lat' dir='ltr'><strong>ds</strong></span> <span class='ocrx_word' id='word_1_459' title='bbox 920 3859 1067 3907; x_wconf 79' lang='lat' dir='ltr'><strong>refractione</strong></span> <span class='ocrx_word' id='word_1_460' title='bbox 1086 3858 1147 3907; x_wconf 88' lang='lat' dir='ltr'><strong>radii</strong></span> <span class='ocrx_word' id='word_1_461' title='bbox 1171 3859 1407 3921; x_wconf 82' lang='lat' dir='ltr'><strong>perpendiculariter</strong></span> <span class='ocrx_word' id='word_1_462' title='bbox 1425 3859 1557 3908; x_wconf 85' lang='lat' dir='ltr'><strong>incidentia</strong></span> <span class='ocrx_word' id='word_1_463' title='bbox 1577 3856 1614 3922; x_wconf 88' lang='lat' dir='ltr'><strong>(p.</strong></span> <span class='ocrx_word' id='word_1_464' title='bbox 1634 3853 1693 3920; x_wconf 74' lang='grc' dir='ltr'>ιι).</span> 
     </span>
     <span class='ocr_line' id='line_1_41' title="bbox 333 3929 1693 3993; baseline 0.001 -15"><span class='ocrx_word' id='word_1_465' title='bbox 333 3931 374 3978; x_wconf 90' lang='lat' dir='ltr'><strong>nbi</strong></span> <span class='ocrx_word' id='word_1_466' title='bbox 394 3947 437 3992; x_wconf 89' lang='lat' dir='ltr'><strong>per</strong></span> <span class='ocrx_word' id='word_1_467' title='bbox 456 3930 630 3979; x_wconf 82' lang='lat' dir='ltr'><strong>retractionem</strong></span> <span class='ocrx_word' id='word_1_468' title='bbox 650 3931 758 3980; x_wconf 77' lang='lat' dir='ltr'><strong>intellexi</strong></span> <span class='ocrx_word' id='word_1_469' title='bbox 779 3933 917 3992; x_wconf 89' lang='lat' dir='ltr'><strong>passionem</strong></span> <span class='ocrx_word' id='word_1_470' title='bbox 937 3931 1012 3986; x_wconf 79' lang='lat' dir='ltr'><strong>illurn,</strong></span> <span class='ocrx_word' id='word_1_471' title='bbox 1041 3944 1115 3993; x_wconf 88' lang='lat' dir='ltr'><strong>quam</strong></span> <span class='ocrx_word' id='word_1_472' title='bbox 1141 3929 1223 3977; x_wconf 89' lang='lat' dir='ltr'><strong>radius</strong></span> <span class='ocrx_word' id='word_1_473' title='bbox 1247 3930 1380 3978; x_wconf 85' lang='lat' dir='ltr'><strong>luminosus</strong></span> <span class='ocrx_word' id='word_1_474' title='bbox 1399 3932 1510 3982; x_wconf 80' lang='lat' dir='ltr'><strong>sustinet</strong></span> <span class='ocrx_word' id='word_1_475' title='bbox 1531 3945 1547 3980; x_wconf 85' lang='lat' dir='ltr'><strong>a</strong></span> <span class='ocrx_word' id='word_1_476' title='bbox 1566 3929 1693 3979; x_wconf 80' lang='lat' dir='ltr'><strong>densitate</strong></span> 
     </span>
     <span class='ocr_line' id='line_1_42' title="bbox 333 3999 1692 4066; baseline -0.001 -16"><span class='ocrx_word' id='word_1_477' title='bbox 333 4009 359 4050; x_wconf 84' lang='lat' dir='ltr'><strong>et</strong></span> <span class='ocrx_word' id='word_1_478' title='bbox 379 4003 480 4049; x_wconf 90' lang='lat' dir='ltr'><strong>raritate</strong></span> <span class='ocrx_word' id='word_1_479' title='bbox 500 4001 627 4063; x_wconf 87' lang='lat' dir='ltr'><strong>diaphani.</strong></span> <span class='ocrx_word' id='word_1_480' title='bbox 651 4018 714 4066; x_wconf 87' lang='lat' dir='ltr'><strong>quae</strong></span> <span class='ocrx_word' id='word_1_481' title='bbox 738 4003 824 4062; x_wconf 89' lang='lat' dir='ltr'><strong>cpticis</strong></span> <span class='ocrx_word' id='word_1_482' title='bbox 844 4001 914 4061; x_wconf 82' lang='lat' dir='ltr'><strong>(licet</strong></span> <span class='ocrx_word' id='word_1_483' title='bbox 938 4017 986 4049; x_wconf 93' lang='lat' dir='ltr'><strong>non</strong></span> <span class='ocrx_word' id='word_1_484' title='bbox 1009 3999 1117 4063; x_wconf 88' lang='lat' dir='ltr'><strong>proprie)</strong></span> <span class='ocrx_word' id='word_1_485' title='bbox 1143 4000 1231 4048; x_wconf 88' lang='lat' dir='ltr'><strong>dicitur</strong></span> <span class='ocrx_word' id='word_1_486' title='bbox 1258 4001 1380 4049; x_wconf 89' lang='lat' dir='ltr'><strong>reiractio.</strong></span> <span class='ocrx_word' id='word_1_487' title='bbox 1420 4001 1457 4049; x_wconf 87' lang='lat' dir='ltr'><strong>Tu</strong></span> <span class='ocrx_word' id='word_1_488' title='bbox 1484 4003 1634 4051; x_wconf 82' lang='lat' dir='ltr'><strong>retusionarn</strong></span> <span class='ocrx_word' id='word_1_489' title='bbox 1652 4000 1692 4050; x_wconf 83' lang='lat' dir='ltr'><strong>rel</strong></span> 
     </span>
     <span class='ocr_line' id='line_1_43' title="bbox 333 4071 1692 4137; baseline 0.001 -17"><span class='ocrx_word' id='word_1_490' title='bbox 333 4074 527 4121; x_wconf 88' lang='lat' dir='ltr'><strong>contractionem</strong></span> <span class='ocrx_word' id='word_1_491' title='bbox 547 4073 655 4136; x_wconf 86' lang='lat' dir='ltr'><strong>appelles</strong></span> <span class='ocrx_word' id='word_1_492' title='bbox 675 4073 710 4136; x_wconf 85' lang='lat' dir='ltr'><strong>(p.</strong></span> <span class='ocrx_word' id='word_1_493' title='bbox 731 4071 777 4131; x_wconf 75' lang='grc'><strong>48)</strong></span> <span class='ocrx_word' id='word_1_494' title='bbox 802 4088 844 4135; x_wconf 89' lang='lat' dir='ltr'><strong>per</strong></span> <span class='ocrx_word' id='word_1_495' title='bbox 862 4088 901 4120; x_wconf 94' lang='lat' dir='ltr'><strong>me</strong></span> <span class='ocrx_word' id='word_1_496' title='bbox 920 4073 991 4126; x_wconf 85' lang='lat' dir='ltr'><strong>licet.</strong></span> <span class='ocrx_word' id='word_1_497' title='bbox 1012 4074 1057 4121; x_wconf 82' lang='lat' dir='ltr'><strong>etsi</strong></span> <span class='ocrx_word' id='word_1_498' title='bbox 1077 4086 1157 4135; x_wconf 87' lang='lat' dir='ltr'><strong>neque</strong></span> <span class='ocrx_word' id='word_1_499' title='bbox 1176 4071 1222 4120; x_wconf 92' lang='lat' dir='ltr'><strong>hoc</strong></span> <span class='ocrx_word' id='word_1_500' title='bbox 1241 4087 1329 4120; x_wconf 90' lang='lat' dir='ltr'><strong>nornen</strong></span> <span class='ocrx_word' id='word_1_501' title='bbox 1350 4073 1438 4136; x_wconf 89' lang='lat' dir='ltr'><strong>ubique</strong></span> <span class='ocrx_word' id='word_1_502' title='bbox 1458 4079 1593 4136; x_wconf 83' lang='lat' dir='ltr'><strong>congruat.</strong></span> <span class='ocrx_word' id='word_1_503' title='bbox 1617 4073 1692 4137; x_wconf 76' lang='lat' dir='ltr'><strong>alqui·</strong></span> 
     </span>
     <span class='ocr_line' id='line_1_44' title="bbox 332 4142 1688 4206; baseline 0.001 -14"><span class='ocrx_word' id='word_1_504' title='bbox 332 4144 388 4192; x_wconf 89' lang='lat' dir='ltr'><strong>dem</strong></span> <span class='ocrx_word' id='word_1_505' title='bbox 408 4145 431 4191; x_wconf 90' lang='lat' dir='ltr'><strong>iu</strong></span> <span class='ocrx_word' id='word_1_506' title='bbox 452 4144 575 4206; x_wconf 85' lang='lat' dir='ltr'><strong>diaplrano</strong></span> <span class='ocrx_word' id='word_1_507' title='bbox 595 4158 649 4192; x_wconf 87' lang='lat' dir='ltr'><strong>raro</strong></span> <span class='ocrx_word' id='word_1_508' title='bbox 662 4144 746 4192; x_wconf 86' lang='lat' dir='ltr'><strong>radius</strong></span> <span class='ocrx_word' id='word_1_509' title='bbox 765 4159 813 4190; x_wconf 91' lang='lat' dir='ltr'><strong>nou</strong></span> <span class='ocrx_word' id='word_1_510' title='bbox 828 4142 988 4199; x_wconf 81' lang='lat' dir='ltr'><strong>contrahitur,</strong></span> <span class='ocrx_word' id='word_1_511' title='bbox 1008 4143 1051 4191; x_wconf 90' lang='lat' dir='ltr'><strong>sed</strong></span> <span class='ocrx_word' id='word_1_512' title='bbox 1066 4144 1190 4192; x_wconf 85' lang='lat' dir='ltr'><strong>dilatatur.</strong></span> <span class='ocrx_word' id='word_1_513' title='bbox 1230 4143 1346 4206; x_wconf 81' lang='lat' dir='ltr'><strong>Exemplo</strong></span> <span class='ocrx_word' id='word_1_514' title='bbox 1360 4158 1375 4192; x_wconf 89' lang='lat' dir='ltr'><strong>a</strong></span> <span class='ocrx_word' id='word_1_515' title='bbox 1388 4158 1427 4191; x_wconf 89' lang='lat' dir='ltr'><strong>me</strong></span> <span class='ocrx_word' id='word_1_516' title='bbox 1441 4143 1517 4193; x_wconf 89' lang='lat' dir='ltr'><strong>allato</strong></span> <span class='ocrx_word' id='word_1_517' title='bbox 1530 4144 1561 4193; x_wconf 84' lang='lat' dir='ltr'><strong>da</strong></span> <span class='ocrx_word' id='word_1_518' title='bbox 1574 4145 1688 4194; x_wconf 84' lang='grc' dir='ltr'>ιιιιιιιιιιι</span> 
     </span>
     <span class='ocr_line' id='line_1_45' title="bbox 332 4214 1692 4278; baseline 0.001 -15"><span class='ocrx_word' id='word_1_519' title='bbox 332 4216 422 4278; x_wconf 83' lang='lat' dir='ltr'><strong>specie.</strong></span> <span class='ocrx_word' id='word_1_520' title='bbox 452 4229 515 4277; x_wconf 84' lang='lat' dir='ltr'><strong>quae</strong></span> <span class='ocrx_word' id='word_1_521' title='bbox 543 4217 566 4262; x_wconf 90' lang='lat' dir='ltr'><strong>in</strong></span> <span class='ocrx_word' id='word_1_522' title='bbox 593 4229 657 4277; x_wconf 89' lang='lat' dir='ltr'><strong>aqua</strong></span> <span class='ocrx_word' id='word_1_523' title='bbox 683 4223 786 4277; x_wconf 88' lang='lat' dir='ltr'><strong>apparet</strong></span> <span class='ocrx_word' id='word_1_524' title='bbox 815 4214 920 4267; x_wconf 85' lang='lat' dir='ltr'><strong>elevata.</strong></span> <span class='ocrx_word' id='word_1_525' title='bbox 947 4223 974 4262; x_wconf 91' lang='lat' dir='ltr'><strong>tu</strong></span> <span class='ocrx_word' id='word_1_526' title='bbox 994 4216 1087 4275; x_wconf 85' lang='lat' dir='ltr'><strong>objicis,</strong></span> <span class='ocrx_word' id='word_1_527' title='bbox 1115 4229 1154 4261; x_wconf 83' lang='lat' dir='ltr'><strong>me</strong></span> <span class='ocrx_word' id='word_1_528' title='bbox 1183 4229 1332 4263; x_wconf 87' lang='lat' dir='ltr'><strong>nummum</strong></span> <span class='ocrx_word' id='word_1_529' title='bbox 1360 4215 1449 4265; x_wconf 75' lang='lat' dir='ltr'><strong>cidisse</strong></span> <span class='ocrx_word' id='word_1_530' title='bbox 1479 4216 1613 4271; x_wconf 84' lang='lat' dir='ltr'><strong>eleratnrn.</strong></span> <span class='ocrx_word' id='word_1_531' title='bbox 1642 4231 1692 4264; x_wconf 86' lang='lat' dir='ltr'><strong>non</strong></span> 
     </span>
     <span class='ocr_line' id='line_1_46' title="bbox 333 4285 1693 4352; baseline 0.001 -18"><span class='ocrx_word' id='word_1_532' title='bbox 333 4294 492 4349; x_wconf 90' lang='lat' dir='ltr'><strong>punctum.</strong></span> <span class='ocrx_word' id='word_1_533' title='bbox 532 4288 572 4339; x_wconf 80' lang='lat' dir='ltr'><strong>At,</strong></span> <span class='ocrx_word' id='word_1_534' title='bbox 591 4287 623 4333; x_wconf 92' lang='lat' dir='ltr'><strong>mi</strong></span> <span class='ocrx_word' id='word_1_535' title='bbox 643 4285 761 4347; x_wconf 60' lang='lat' dir='ltr'><strong>implere,</strong></span> <span class='ocrx_word' id='word_1_536' title='bbox 781 4286 878 4347; x_wconf 86' lang='lat' dir='ltr'><strong>quando</strong></span> <span class='ocrx_word' id='word_1_537' title='bbox 898 4294 963 4333; x_wconf 87' lang='lat' dir='ltr'><strong>totus</strong></span> <span class='ocrx_word' id='word_1_538' title='bbox 977 4301 1090 4333; x_wconf 89' lang='lat' dir='ltr'><strong>nummus</strong></span> <span class='ocrx_word' id='word_1_539' title='bbox 1110 4285 1228 4338; x_wconf 73' lang='lat' dir='ltr'><strong>elevatur.</strong></span> <span class='ocrx_word' id='word_1_540' title='bbox 1248 4301 1350 4334; x_wconf 79' lang='lat' dir='ltr'><strong>necesse</strong></span> <span class='ocrx_word' id='word_1_541' title='bbox 1365 4294 1402 4335; x_wconf 87' lang='lat' dir='ltr'><strong>est</strong></span> <span class='ocrx_word' id='word_1_542' title='bbox 1415 4287 1513 4352; x_wconf 88' lang='lat' dir='ltr'><strong>singula</strong></span> <span class='ocrx_word' id='word_1_543' title='bbox 1533 4289 1586 4348; x_wconf 79' lang='lat' dir='ltr'><strong>clus</strong></span> <span class='ocrx_word' id='word_1_544' title='bbox 1597 4293 1693 4348; x_wconf 80' lang='lat' dir='ltr'><strong>puncta</strong></span> 
     </span>
     <span class='ocr_line' id='line_1_47' title="bbox 332 4355 1691 4422; baseline 0.001 -16"><span class='ocrx_word' id='word_1_545' title='bbox 332 4363 407 4420; x_wconf 86' lang='lat' dir='ltr'><strong>atquc</strong></span> <span class='ocrx_word' id='word_1_546' title='bbox 426 4358 450 4405; x_wconf 94' lang='lat' dir='ltr'><strong>id</strong></span> <span class='ocrx_word' id='word_1_547' title='bbox 471 4359 549 4418; x_wconf 87' lang='lat' dir='ltr'><strong>ipsum</strong></span> <span class='ocrx_word' id='word_1_548' title='bbox 569 4372 673 4420; x_wconf 85' lang='lat' dir='ltr'><strong>quoque.</strong></span> <span class='ocrx_word' id='word_1_549' title='bbox 693 4356 758 4420; x_wconf 89' lang='lat' dir='ltr'><strong>qnod</strong></span> <span class='ocrx_word' id='word_1_550' title='bbox 778 4358 847 4405; x_wconf 90' lang='lat' dir='ltr'><strong>oculo</strong></span> <span class='ocrx_word' id='word_1_551' title='bbox 862 4355 923 4414; x_wconf 84' lang='lat' dir='ltr'><strong>(non</strong></span> <span class='ocrx_word' id='word_1_552' title='bbox 943 4357 1028 4413; x_wconf 81' lang='lat' dir='ltr'><strong>oculis.</strong></span> <span class='ocrx_word' id='word_1_553' title='bbox 1050 4371 1205 4420; x_wconf 84' lang='lat' dir='ltr'><strong>nequaqnam</strong></span> <span class='ocrx_word' id='word_1_554' title='bbox 1225 4359 1289 4406; x_wconf 90' lang='lat' dir='ltr'><strong>enim</strong></span> <span class='ocrx_word' id='word_1_555' title='bbox 1309 4357 1349 4407; x_wconf 91' lang='lat' dir='ltr'><strong>hic</strong></span> <span class='ocrx_word' id='word_1_556' title='bbox 1368 4373 1427 4420; x_wconf 88' lang='lat' dir='ltr'><strong>opus</strong></span> <span class='ocrx_word' id='word_1_557' title='bbox 1446 4366 1483 4407; x_wconf 87' lang='lat' dir='ltr'><strong>ast</strong></span> <span class='ocrx_word' id='word_1_558' title='bbox 1502 4355 1617 4422; x_wconf 79' lang='lat' dir='ltr'><strong>utroque)</strong></span> <span class='ocrx_word' id='word_1_559' title='bbox 1635 4372 1691 4422; x_wconf 79' lang='lat' dir='ltr'><strong>per·</strong></span> 
     </span>
     <span class='ocr_line' id='line_1_48' title="bbox 331 4427 1692 4492; baseline 0.002 -15"><span class='ocrx_word' id='word_1_560' title='bbox 331 4427 523 4490; x_wconf 86' lang='lat' dir='ltr'><strong>pendiculariter</strong></span> <span class='ocrx_word' id='word_1_561' title='bbox 546 4429 668 4490; x_wconf 82' lang='lat' dir='ltr'><strong>subjacet.</strong></span> <span class='ocrx_word' id='word_1_562' title='bbox 699 4428 797 4476; x_wconf 86' lang='lat' dir='ltr'><strong>elevari.</strong></span> <span class='ocrx_word' id='word_1_563' title='bbox 837 4427 932 4491; x_wconf 84' lang='lat' dir='ltr'><strong>Loqrror</strong></span> <span class='ocrx_word' id='word_1_564' title='bbox 951 4428 981 4476; x_wconf 88' lang='lat' dir='ltr'><strong>de</strong></span> <span class='ocrx_word' id='word_1_565' title='bbox 1007 4436 1099 4490; x_wconf 90' lang='lat' dir='ltr'><strong>puncto</strong></span> <span class='ocrx_word' id='word_1_566' title='bbox 1117 4427 1218 4490; x_wconf 89' lang='lat' dir='ltr'><strong>physico</strong></span> <span class='ocrx_word' id='word_1_567' title='bbox 1246 4444 1295 4477; x_wconf 93' lang='lat' dir='ltr'><strong>non</strong></span> <span class='ocrx_word' id='word_1_568' title='bbox 1315 4428 1502 4480; x_wconf 85' lang='lat' dir='ltr'><strong>mathematico.</strong></span> <span class='ocrx_word' id='word_1_569' title='bbox 1532 4429 1596 4492; x_wconf 85' lang='lat' dir='ltr'><strong>quod</strong></span> <span class='ocrx_word' id='word_1_570' title='bbox 1614 4429 1692 4480; x_wconf 74' lang='lat' dir='ltr'><strong>vitiari</strong></span> 
     </span>
     <span class='ocr_line' id='line_1_49' title="bbox 332 4499 1692 4564; baseline 0.002 -17"><span class='ocrx_word' id='word_1_571' title='bbox 332 4514 380 4547; x_wconf 91' lang='lat' dir='ltr'><strong>non</strong></span> <span class='ocrx_word' id='word_1_572' title='bbox 400 4508 489 4562; x_wconf 81' lang='lat' dir='ltr'><strong>potest.</strong></span> <span class='ocrx_word' id='word_1_573' title='bbox 528 4499 625 4548; x_wconf 89' lang='lat' dir='ltr'><strong>Deinde</strong></span> <span class='ocrx_word' id='word_1_574' title='bbox 650 4508 740 4547; x_wconf 85' lang='lat' dir='ltr'><strong>natura</strong></span> <span class='ocrx_word' id='word_1_575' title='bbox 760 4515 808 4546; x_wconf 90' lang='lat' dir='ltr'><strong>uon</strong></span> <span class='ocrx_word' id='word_1_576' title='bbox 827 4499 889 4547; x_wconf 86' lang='lat' dir='ltr'><strong>solet</strong></span> <span class='ocrx_word' id='word_1_577' title='bbox 916 4500 946 4547; x_wconf 91' lang='lat' dir='ltr'><strong>de</strong></span> <span class='ocrx_word' id='word_1_578' title='bbox 966 4514 1014 4547; x_wconf 91' lang='lat' dir='ltr'><strong>uno</strong></span> <span class='ocrx_word' id='word_1_579' title='bbox 1034 4508 1142 4547; x_wconf 78' lang='lat' dir='ltr'><strong>extremo</strong></span> <span class='ocrx_word' id='word_1_580' title='bbox 1167 4499 1199 4548; x_wconf 92' lang='lat' dir='ltr'><strong>ad</strong></span> <span class='ocrx_word' id='word_1_581' title='bbox 1219 4501 1323 4548; x_wconf 90' lang='lat' dir='ltr'><strong>alterum</strong></span> <span class='ocrx_word' id='word_1_582' title='bbox 1342 4500 1424 4549; x_wconf 86' lang='lat' dir='ltr'><strong>iacere</strong></span> <span class='ocrx_word' id='word_1_583' title='bbox 1442 4502 1543 4556; x_wconf 85' lang='lat' dir='ltr'><strong>saltum.</strong></span> <span class='ocrx_word' id='word_1_584' title='bbox 1571 4499 1616 4550; x_wconf 82' lang='lat' dir='ltr'><strong>aad</strong></span> <span class='ocrx_word' id='word_1_585' title='bbox 1634 4515 1692 4564; x_wconf 78' lang='lat' dir='ltr'><strong>pro·</strong></span> 
     </span>
     <span class='ocr_line' id='line_1_50' title="bbox 332 4569 1691 4633; baseline 0.004 -17"><span class='ocrx_word' id='word_1_586' title='bbox 332 4569 398 4618; x_wconf 84' lang='lat' dir='ltr'><strong>cedit</strong></span> <span class='ocrx_word' id='word_1_587' title='bbox 417 4586 513 4633; x_wconf 81' lang='lat' dir='ltr'><strong>semper</strong></span> <span class='ocrx_word' id='word_1_588' title='bbox 539 4586 580 4632; x_wconf 85' lang='lat' dir='ltr'><strong>per</strong></span> <span class='ocrx_word' id='word_1_589' title='bbox 600 4570 683 4618; x_wconf 90' lang='lat' dir='ltr'><strong>media</strong></span> <span class='ocrx_word' id='word_1_590' title='bbox 703 4585 749 4619; x_wconf 91' lang='lat' dir='ltr'><strong>cen</strong></span> <span class='ocrx_word' id='word_1_591' title='bbox 768 4570 858 4631; x_wconf 78' lang='lat' dir='ltr'><strong>gradus</strong></span> <span class='ocrx_word' id='word_1_592' title='bbox 878 4569 1010 4633; x_wconf 82' lang='lat' dir='ltr'><strong>quosdam:</strong></span> <span class='ocrx_word' id='word_1_593' title='bbox 1040 4570 1095 4618; x_wconf 88' lang='lat' dir='ltr'><strong>ideo</strong></span> <span class='ocrx_word' id='word_1_594' title='bbox 1114 4571 1134 4617; x_wconf 87' lang='lat' dir='ltr'><strong>si</strong></span> <span class='ocrx_word' id='word_1_595' title='bbox 1154 4573 1323 4620; x_wconf 81' lang='lat' dir='ltr'><strong>extremitates</strong></span> <span class='ocrx_word' id='word_1_596' title='bbox 1346 4572 1439 4620; x_wconf 90' lang='lat' dir='ltr'><strong>nummi</strong></span> <span class='ocrx_word' id='word_1_597' title='bbox 1458 4572 1572 4622; x_wconf 91' lang='lat' dir='ltr'><strong>ridentur</strong></span> <span class='ocrx_word' id='word_1_598' title='bbox 1591 4571 1691 4628; x_wconf 77' lang='lat' dir='ltr'><strong>sterant.</strong></span> 
     </span>
     <span class='ocr_line' id='line_1_51' title="bbox 331 4640 1692 4708; baseline 0.003 -20"><span class='ocrx_word' id='word_1_599' title='bbox 331 4641 410 4702; x_wconf 87' lang='lat' dir='ltr'><strong>ipsum</strong></span> <span class='ocrx_word' id='word_1_600' title='bbox 430 4651 514 4689; x_wconf 89' lang='lat' dir='ltr'><strong>antem</strong></span> <span class='ocrx_word' id='word_1_601' title='bbox 527 4653 644 4704; x_wconf 89' lang='lat' dir='ltr'><strong>punctum</strong></span> <span class='ocrx_word' id='word_1_602' title='bbox 665 4641 735 4689; x_wconf 90' lang='lat' dir='ltr'><strong>oculo</strong></span> <span class='ocrx_word' id='word_1_603' title='bbox 754 4641 890 4701; x_wconf 80' lang='lat' dir='ltr'><strong>subjectum</strong></span> <span class='ocrx_word' id='word_1_604' title='bbox 912 4642 937 4688; x_wconf 94' lang='lat' dir='ltr'><strong>in</strong></span> <span class='ocrx_word' id='word_1_605' title='bbox 956 4640 1041 4701; x_wconf 80' lang='lat' dir='ltr'><strong>tundo,</strong></span> <span class='ocrx_word' id='word_1_606' title='bbox 1069 4644 1208 4690; x_wconf 83' lang='lat' dir='ltr'><strong>necessario</strong></span> <span class='ocrx_word' id='word_1_607' title='bbox 1234 4644 1328 4705; x_wconf 87' lang='lat' dir='ltr'><strong>species</strong></span> <span class='ocrx_word' id='word_1_608' title='bbox 1348 4643 1441 4691; x_wconf 89' lang='lat' dir='ltr'><strong>nummi</strong></span> <span class='ocrx_word' id='word_1_609' title='bbox 1460 4649 1593 4706; x_wconf 82' lang='lat' dir='ltr'><strong>appareret</strong></span> <span class='ocrx_word' id='word_1_610' title='bbox 1610 4641 1692 4708; x_wconf 74' lang='lat' dir='ltr'><strong>figura</strong></span> 
     </span>
     <span class='ocr_line' id='line_1_52' title="bbox 331 4711 1689 4777; baseline 0.005 -20"><span class='ocrx_word' id='word_1_611' title='bbox 331 4712 491 4767; x_wconf 60' lang='lat' dir='ltr'><strong>infundibula</strong></span> <span class='ocrx_word' id='word_1_612' title='bbox 518 4714 553 4760; x_wconf 84' lang='lat' dir='ltr'><strong>sic</strong></span> <span class='ocrx_word' id='word_1_613' title='bbox 579 4715 643 4760; x_wconf 89' lang='lat' dir='ltr'><strong>enirn</strong></span> <span class='ocrx_word' id='word_1_614' title='bbox 670 4713 808 4762; x_wconf 75' lang='lat' dir='ltr'><strong>succcessire</strong></span> <span class='ocrx_word' id='word_1_615' title='bbox 828 4713 858 4760; x_wconf 77' lang='lat' dir='ltr'><strong>alr</strong></span> <span class='ocrx_word' id='word_1_616' title='bbox 878 4714 1035 4761; x_wconf 80' lang='lat' dir='ltr'><strong>extremitate</strong></span> <span class='ocrx_word' id='word_1_617' title='bbox 1056 4711 1153 4761; x_wconf 86' lang='lat' dir='ltr'><strong>elevata</strong></span> <span class='ocrx_word' id='word_1_618' title='bbox 1177 4714 1208 4761; x_wconf 88' lang='lat' dir='ltr'><strong>ad</strong></span> <span class='ocrx_word' id='word_1_619' title='bbox 1227 4713 1295 4762; x_wconf 80' lang='lat' dir='ltr'><strong>tundi</strong></span> <span class='ocrx_word' id='word_1_620' title='bbox 1314 4723 1433 4777; x_wconf 87' lang='lat' dir='ltr'><strong>punctum</strong></span> <span class='ocrx_word' id='word_1_621' title='bbox 1457 4713 1689 4764; x_wconf 70' lang='lat' dir='ltr'><strong>decertassem</strong></span> 
     </span>
     <span class='ocr_line' id='line_1_53' title="bbox 332 4782 1692 4846; baseline 0.004 -16"><span class='ocrx_word' id='word_1_622' title='bbox 332 4783 366 4830; x_wconf 80' lang='lat' dir='ltr'><strong>At</strong></span> <span class='ocrx_word' id='word_1_623' title='bbox 385 4797 432 4830; x_wconf 92' lang='lat' dir='ltr'><strong>non</strong></span> <span class='ocrx_word' id='word_1_624' title='bbox 452 4785 486 4832; x_wconf 87' lang='lat' dir='ltr'><strong>sie</strong></span> <span class='ocrx_word' id='word_1_625' title='bbox 507 4782 541 4839; x_wconf 87' lang='lat' dir='ltr'><strong>tit,</strong></span> <span class='ocrx_word' id='word_1_626' title='bbox 563 4784 606 4833; x_wconf 88' lang='lat' dir='ltr'><strong>sed</strong></span> <span class='ocrx_word' id='word_1_627' title='bbox 625 4793 693 4831; x_wconf 83' lang='lat' dir='ltr'><strong>totus</strong></span> <span class='ocrx_word' id='word_1_628' title='bbox 712 4798 824 4831; x_wconf 89' lang='lat' dir='ltr'><strong>nummus</strong></span> <span class='ocrx_word' id='word_1_629' title='bbox 844 4785 922 4831; x_wconf 87' lang='lat' dir='ltr'><strong>instar</strong></span> <span class='ocrx_word' id='word_1_630' title='bbox 941 4783 1048 4845; x_wconf 85' lang='lat' dir='ltr'><strong>patellae</strong></span> <span class='ocrx_word' id='word_1_631' title='bbox 1072 4784 1162 4846; x_wconf 87' lang='lat' dir='ltr'><strong>planae</strong></span> <span class='ocrx_word' id='word_1_632' title='bbox 1182 4784 1219 4833; x_wconf 90' lang='lat' dir='ltr'><strong>rel</strong></span> <span class='ocrx_word' id='word_1_633' title='bbox 1238 4784 1326 4833; x_wconf 89' lang='lat' dir='ltr'><strong>saltem</strong></span> <span class='ocrx_word' id='word_1_634' title='bbox 1350 4786 1435 4835; x_wconf 77' lang='lat' dir='ltr'><strong>lexiter</strong></span> <span class='ocrx_word' id='word_1_635' title='bbox 1459 4786 1576 4834; x_wconf 79' lang='lat' dir='ltr'><strong>sinuatae</strong></span> <span class='ocrx_word' id='word_1_636' title='bbox 1594 4782 1692 4836; x_wconf 69' lang='lat' dir='ltr'><strong>adeam</strong></span> 
     </span>
     <span class='ocr_line' id='line_1_54' title="bbox 332 4851 1691 4919; baseline 0.005 -19"><span class='ocrx_word' id='word_1_637' title='bbox 332 4851 449 4902; x_wconf 83' lang='lat' dir='ltr'><strong>clevatus.</strong></span> <span class='ocrx_word' id='word_1_638' title='bbox 489 4852 542 4913; x_wconf 89' lang='lat' dir='ltr'><strong>Quo</strong></span> <span class='ocrx_word' id='word_1_639' title='bbox 559 4861 653 4908; x_wconf 82' lang='lat' dir='ltr'><strong>stante,</strong></span> <span class='ocrx_word' id='word_1_640' title='bbox 679 4870 727 4903; x_wconf 88' lang='lat' dir='ltr'><strong>non</strong></span> <span class='ocrx_word' id='word_1_641' title='bbox 748 4853 826 4908; x_wconf 85' lang='lat' dir='ltr'><strong>rideo.</strong></span> <span class='ocrx_word' id='word_1_642' title='bbox 845 4854 965 4918; x_wconf 92' lang='lat' dir='ltr'><strong>quomodo</strong></span> <span class='ocrx_word' id='word_1_643' title='bbox 983 4856 1069 4918; x_wconf 87' lang='lat' dir='ltr'><strong>negari</strong></span> <span class='ocrx_word' id='word_1_644' title='bbox 1088 4857 1172 4918; x_wconf 86' lang='lat' dir='ltr'><strong>possit.</strong></span> <span class='ocrx_word' id='word_1_645' title='bbox 1199 4856 1263 4918; x_wconf 88' lang='lat' dir='ltr'><strong>qnod</strong></span> <span class='ocrx_word' id='word_1_646' title='bbox 1282 4858 1358 4905; x_wconf 88' lang='lat' dir='ltr'><strong>etiarn</strong></span> <span class='ocrx_word' id='word_1_647' title='bbox 1377 4857 1460 4906; x_wconf 84' lang='lat' dir='ltr'><strong>radius</strong></span> <span class='ocrx_word' id='word_1_648' title='bbox 1478 4855 1691 4919; x_wconf 76' lang='lat' dir='ltr'><strong>perpendicularis</strong></span> 
     </span>
     <span class='ocr_line' id='line_1_55' title="bbox 331 4922 1690 4994; baseline 0.006 -24"><span class='ocrx_word' id='word_1_649' title='bbox 331 4922 479 4973; x_wconf 86' lang='lat' dir='ltr'><strong>retundatur</strong></span> <span class='ocrx_word' id='word_1_650' title='bbox 498 4925 534 4973; x_wconf 83' lang='lat' dir='ltr'><strong>rel</strong></span> <span class='ocrx_word' id='word_1_651' title='bbox 554 4925 711 4988; x_wconf 74' lang='lat' dir='ltr'><strong>refringatur.</strong></span> <span class='ocrx_word' id='word_1_652' title='bbox 730 4927 780 4974; x_wconf 87' lang='lat' dir='ltr'><strong>sire</strong></span> <span class='ocrx_word' id='word_1_653' title='bbox 800 4925 890 4988; x_wconf 87' lang='lat' dir='ltr'><strong>aliquid</strong></span> <span class='ocrx_word' id='word_1_654' title='bbox 909 4926 1018 4989; x_wconf 88' lang='lat' dir='ltr'><strong>patiatur</strong></span> <span class='ocrx_word' id='word_1_655' title='bbox 1037 4939 1053 4975; x_wconf 86' lang='lat' dir='ltr'><strong>a</strong></span> <span class='ocrx_word' id='word_1_656' title='bbox 1072 4926 1195 4976; x_wconf 88' lang='lat' dir='ltr'><strong>densitate</strong></span> <span class='ocrx_word' id='word_1_657' title='bbox 1215 4940 1303 4992; x_wconf 84' lang='lat' dir='ltr'><strong>aquae.</strong></span> <span class='ocrx_word' id='word_1_658' title='bbox 1327 4943 1375 4994; x_wconf 86' lang='lat' dir='ltr'><strong>quo</strong></span> <span class='ocrx_word' id='word_1_659' title='bbox 1394 4927 1575 4979; x_wconf 79' lang='lat' dir='ltr'><strong>interveniente</strong></span> <span class='ocrx_word' id='word_1_660' title='bbox 1592 4927 1690 4994; x_wconf 72' lang='lat' dir='ltr'><strong>spacia·</strong></span> 
     </span>
     <span class='ocr_line' id='line_1_56' title="bbox 332 4992 816 5058; baseline 0.002 -16"><span class='ocrx_word' id='word_1_661' title='bbox 332 4992 422 5058; x_wconf 74' lang='lat' dir='ltr'><strong>abiecti</strong></span> <span class='ocrx_word' id='word_1_662' title='bbox 442 5003 591 5046; x_wconf 81' lang='lat' dir='ltr'><strong>momtrstur</strong></span> <span class='ocrx_word' id='word_1_663' title='bbox 609 4997 633 5044; x_wconf 92' lang='lat' dir='ltr'><strong>in</strong></span> <span class='ocrx_word' id='word_1_664' title='bbox 654 4996 735 5045; x_wconf 87' lang='lat' dir='ltr'><strong>alieno</strong></span> <span class='ocrx_word' id='word_1_665' title='bbox 754 4995 816 5044; x_wconf 88' lang='lat' dir='ltr'><strong>loco.</strong></span> 
     </span>
    </p>
   </div>
   <div class='ocr_carea' id='block_1_5' title="bbox 0 0 1850 5842">
    <p class='ocr_par' dir='ltr' id='par_1_5' title="bbox 0 0 1850 5842">
     <span class='ocr_line' id='line_1_57' title="bbox 0 0 1850 5842; baseline 0 0"><span class='ocrx_word' id='word_1_666' title='bbox 0 0 1850 5842; x_wconf 95' lang='lat' dir='ltr'><strong> </strong></span> 
     </span>
    </p>
   </div>
  </div>
 </body>
</html>
