3692 5842
275 464 342 532 518
886 464 1027 517 neuram.

276 650 310 705 ut
331 642 435 703 multis
465 659 522 702 non
555 641 666 720 ingenii
700 641 849 702 hebetudo
879 642 932 702 sed
962 639 1094 703 doctoris
1125 642 1213 721 culpa
1245 642 1459 722 impedimento
1483 640 1543 713 sit,
1573 660 1623 721 quo

276 732 373 794 minus
398 730 513 809 scripta
536 737 567 791 et
590 731 798 791 demonstrata
821 729 1010 810 percipiant:
1036 729 1079 790 eis
1105 730 1197 808 igitur
1224 740 1258 791 ut
1276 731 1464 792 consulerem
1488 730 1624 809 quaedam

275 820 323 882 hic
348 821 459 881 tradidi
483 819 613 892 brevius,
638 820 699 880 alia
721 819 875 898 prolixius,
901 818 1045 881 nonnulla
1068 818 1136 880 aliis
1160 818 1260 880 verbis
1283 820 1422 899 concepi;
1446 818 1624 880 definitiones

276 909 489 976 terminorum,
519 926 593 987 quos
617 927 726 987 usurpo
750 908 934 987 geometrica
957 908 1115 980 libertate,
1149 908 1290 971 continuo
1313 927 1436 970 numero
1461 908 1541 970 inter
1561 925 1623 988 pro·

276 997 443 1079 positiones
476 996 652 1076 opportunis
681 998 754 1057 locis
792 997 946 1070 recensui3
984 996 1140 1058 schemata
1177 998 1267 1077 (quae
1305 1009 1376 1058 sunt
1413 1007 1623 1076 geometrarum

275 1086 424 1167 genuinae
455 1085 576 1159 literae)
610 1086 697 1164 plura
729 1086 842 1146 addidi.
898 1084 967 1155 Qua
997 1105 1088 1165 opera
1118 1086 1144 1145 si
1177 1104 1235 1146 non
1266 1105 1384 1147 omnem
1417 1086 1623 1147 obscuritatem

276 1176 396 1248 sustuli,
423 1192 511 1254 spero
535 1174 742 1253 philosophiae
767 1175 919 1236 studiosos
943 1173 1143 1236 imbecillitati
1167 1193 1252 1236 meae
1276 1174 1390 1255 aliquid
1413 1175 1622 1236 condonaturos

276 1282 456 1344 operamque
480 1264 557 1324 hanc
582 1263 650 1323 boni
675 1264 873 1325 consulturos.

364 1353 459 1414 Porro
485 1351 512 1412 iu
537 1352 614 1412 hanc
647 1371 748 1413 curam
772 1372 807 1415 eo
836 1351 1025 1433 potissimum
1055 1361 1190 1430 ternpore
1223 1349 1359 1424 incubui,
1392 1369 1452 1430 quo
1485 1350 1621 1430 ingenium

275 1460 372 1502 meum
397 1439 584 1501 lamentabili
615 1441 742 1520 quodam
776 1442 886 1520 frigore
919 1450 1041 1521 torpeus
1059 1431 1100 1513 ¹⁰)
1133 1438 1188 1501 Sol
1218 1439 1515 1501 munificentissimus
1542 1457 1620 1520 prae·

277 1528 394 1591 sentiae
417 1528 502 1589 ΒΝ·
529 1536 561 1590 et
584 1525 643 1589 δί’·
668 1528 722 1591 0¹⁸·
757 1532 839 1591 Tuae
868 1528 1082 1602 concalefacit,
1116 1528 1413 1608 clementissimoque
1444 1526 1523 1607 Ejus
1553 1527 1619 1590 allo·

275 1618 345 1697 quia
369 1626 400 1677 et
428 1618 566 1679 hortatus
599 1618 695 1680 crebri
724 1620 817 1680 veluti
840 1618 1007 1680 Mercurius
1039 1617 1148 1697 aliquis
1171 1637 1188 1676 e
1212 1635 1316 1679 somno
1345 1617 1538 1690 excitarunt;
1558 1615 1620 1694 Ejus

275 1706 402 1785 denique
436 1706 644 1769 mathematici
671 1715 704 1769 et
731 1707 906 1769 cubicularii
937 1707 1045 1768 nobilis
1068 1707 1106 1768 D.
1131 1705 1259 1768 Joanuis
1283 1705 1496 1768 Zuclrrnesseri
1523 1705 1619 1784 jucun·

274 1795 400 1856 dissima
423 1794 511 1856 simul
531 1803 562 1855 et
581 1796 824 1875 ingeniosissima
847 1796 1090 1857 machinamenta
1108 1794 1264 1857 manuario
1287 1796 1494 1875 vitrorumque
1516 1794 1619 1874 expoli-

273 1883 371 1944 tiones
402 1882 683 1958 artificiosissimae,
716 1886 822 1965 quibus
854 1885 893 1947 R.
918 1883 951 1947 S.
978 1883 1013 1947 C.
1038 1885 1133 1946 Tuam
1161 1885 1282 1945 mirifice
1312 1884 1462 1945 delectari
1485 1883 1620 1954 ridebam,

273 1973 313 2033 ad
336 1972 470 2051 ejusdem
503 1973 594 2034 veluti
625 1974 713 2035 officii
747 1974 977 2035 aemulationem
1009 1982 1221 2052 provocarunt.
1238 1968 1280 2045 ¹⁹)
1335 1969 1455 2042 Quodsi
1494 1991 1541 2033 me
1572 1989 1619 2032 noo

273 2060 464 2140 impellerent
492 2061 547 2122 hae
579 2062 748 2141 singulares
779 2081 889 2124 causae
914 2063 952 2122 ad
976 2063 1150 2141 Dioptriccn
1183 2062 1260 2122 hanc
1294 2080 1393 2122 ineam
1417 2059 1456 2122 R.
1483 2071 1515 2122 ct
1536 2057 1569 2122 S.
1589 2055 1618 2122 C.

272 2151 355 2212 Tuae
380 2149 595 2212 dedicandam:
620 2160 690 2211 tunc
716 2151 762 2213 vel
786 2153 853 2213 sola
876 2151 930 2212 illa
948 2149 978 2212 in
1002 2169 1111 2230 genere
1135 2149 1297 2223 sufficeret,
1322 2149 1403 2230 quod
1427 2147 1619 2210 mathematici

273 2238 382 2315 libelli,
407 2247 440 2300 ut
469 2237 575 2299 remoti
598 2259 616 2299 a
639 2240 721 2319 uulgi
754 2249 844 2319 captu
868 2258 962 2320 eoque
987 2238 1145 2313 contemti,
1179 2238 1289 2303 nemini
1323 2238 1436 2300 rectius
1461 2237 1619 2308 offeruntur,

273 2346 362 2409 quarn
386 2327 436 2408 qui
461 2327 496 2387 de
522 2326 581 2388 illis
605 2327 743 2408 judicare
771 2337 918 2407 possunt;
953 2347 1027 2408 quos
1052 2327 1114 2387 acri
1143 2326 1263 2406 ingenio
1287 2348 1306 2388 a
1330 2337 1440 2388 natura
1472 2325 1620 2388 instructor

272 2434 356 2478 amor
387 2415 595 2497 philosophiae
626 2426 659 2477 et
688 2416 844 2479 meditatio
875 2417 914 2478 ad
950 2417 1116 2498 perfectam
1154 2415 1259 2477 harum
1292 2434 1391 2477 rerum
1432 2415 1620 2492 cognitionem

271 2506 420 2585 provexit.
469 2502 538 2575 Qua
561 2506 591 2566 in
616 2506 787 2584 cognitione
812 2524 881 2566 num
905 2524 992 2585 quern
1014 2505 1093 2566 inter
1116 2503 1273 2583 Principes
1298 2504 1393 2565 Viros
1416 2504 1477 2566 boc
1500 2511 1619 2586 tempore

271 2612 374 2674 parem
399 2593 523 2667 habeas,
546 2594 760 2676 incompertum
784 2593 856 2655 mihi
879 2603 944 2655 est:
975 2594 1055 2655 inter
1077 2594 1266 2674 professores
1290 2603 1373 2655 certo
1398 2592 1619 2666 academiarum,

271 2682 321 2764 qui
345 2682 413 2744 huic
432 2682 546 2762 judicio
569 2703 658 2763 pares
682 2683 753 2756 sint,
777 2681 935 2763 pauciores
959 2681 1156 2762 reperiuntur,
1182 2701 1271 2762 quarn
1294 2700 1333 2743 ex
1356 2701 1414 2743 usu
1436 2681 1491 2744 sit.

360 2769 477 2842 Quodsi
511 2772 592 2834 nulla
623 2773 651 2833 in
684 2771 871 2834 creberrimis
902 2771 1044 2833 librorum
1076 2770 1318 2832 dedicationibus
1348 2770 1503 2833 lucatiora
1529 2781 1618 2833 esseut

270 2867 465 2941 patronorum
489 2860 638 2936 encomia,
671 2880 759 2941 quarn
783 2869 852 2921 sunt
874 2860 953 2934 ista,
984 2860 1074 2921 credo
1096 2860 1196 2934 fidem,
1221 2878 1309 2939 quam
1334 2859 1416 2922 circa
1438 2869 1617 2940 patronorum

270 2949 398 3011 virtutes
432 2949 494 3010 fere
526 2950 709 3011 decoxerant
739 2947 959 3022 dedicationes,
994 2947 1078 3009 brevi
1109 2955 1327 3010 restaurarent.
1374 2949 1481 3028 Atque
1514 2966 1566 3030 ego
1593 2945 1616 3006 in

270 3038 348 3099 hunc
372 3037 468 3115 ipsum
499 3037 586 3099 finem
619 3038 799 3118 supersedeo
830 3037 961 3117 reliquas
985 3036 1034 3111 (ut
1055 3038 1120 3099 fieri
1149 3038 1228 3098 solet
1251 3036 1281 3098 in
1310 3037 1567 3110 dedicationibus)
1585 3035 1616 3099 R

271 3134 303 3187 et
331 3123 365 3188 S.
403 3125 439 3188 Ο.
480 3127 561 3188 Tuae
595 3146 828 3189 commemorare
861 3125 1004 3199 uirtutes,
1040 3146 1076 3187 ue
1109 3136 1192 3187 sutor
1225 3126 1305 3188 ultra
1336 3127 1494 3207 crepidam
1525 3141 1616 3206 sapere

269 3215 346 3276 velle
372 3215 484 3278 videar.
961 3223 965 3236 '

358 3304 404 3366 De
429 3313 529 3365 cetero
555 3322 611 3364 non
637 3302 726 3364 aliam
757 3302 862 3364 lectori
894 3302 1045 3381 suspendo
1077 3302 1237 3375 hederam,
1270 3319 1359 3380 quam
1385 3313 1420 3364 ut
1443 3301 1472 3364 ei
1495 3302 1613 3370 inuicem.

270 3393 401 3456 libellum
425 3414 444 3454 a
467 3393 522 3455 tali
547 3393 680 3473 principe
705 3392 930 3470 comprobatum
959 3391 1112 3470 lucemque
1137 3390 1238 3450 videre
1263 3390 1394 3469 jussura.
1442 3391 1485 3453 Et
1503 3390 1564 3471 jam
1584 3387 1613 3450 B.

270 3492 301 3543 et
334 3481 368 3544 S.
403 3481 437 3544 C.
471 3484 532 3543 T⁵⁰·
566 3500 612 3541 me
645 3480 867 3559 subjectissime
900 3480 1085 3540 commendo.
1141 3478 1231 3541 Vale.
1272 3475 1339 3540 Cal.
1371 3478 1528 3542 Jauuariis
1557 3475 1613 3538 anui

271 3571 418 3632 undecimi
443 3571 480 3631 de
505 3572 606 3632 seculo
631 3569 760 3649 septimo
785 3569 917 3630 decimo:
944 3586 1031 3647 quem
1053 3567 1092 3629 R.
1117 3579 1149 3629 et
1171 3567 1205 3629 S.
1228 3565 1264 3629 C.
1283 3568 1345 3628 T*
1370 3565 1612 3632 felicissimumin

270 3660 497 3738 gubernatione,
524 3658 740 3738 insapientiae
761 3657 871 3731 studio,
893 3656 980 3735 inque
998 3657 1133 3736 corporis
1153 3657 1266 3718 tuenda
1287 3659 1422 3720 sanitate
1446 3672 1609 3738 comprecor·

584 3797 866 3861 Reverendissimae
891 3805 922 3858 et
947 3796 1165 3859 Serenissimae
1191 3797 1226 3860 C.
1251 3800 1312 3858 T⁸··

824 3938 1046 4001 Devotissimus

1067 4079 1099 4140 S.
1127 4078 1160 4141 C.
1186 4079 1279 4142 blm·
1301 4081 1538 4145 Mathematicus

1137 4205 1282 4270 Joanaeo
1303 4205 1476 4290 Keptmo.
