3692 5842
357 495 423 564 644
834 498 875 549 us
893 493 1232 562 senescamus

358 696 453 753 suum,
477 676 509 738 in
532 694 618 758 quem
640 674 812 756 respiciunt,
838 674 984 738 indidisse
1006 673 1115 737 mundo
1139 674 1272 754 adeoque
1295 678 1328 736 et
1349 671 1406 737 sibi
1420 672 1505 754 ipsis.
1553 675 1623 737 Imo
1642 692 1710 736 vero

357 769 441 848 ipsae
465 766 521 828 hae
546 765 697 828 essentiae
721 764 894 844 spirituales
917 765 1033 846 corpori
1058 764 1203 825 movendo
1227 769 1351 844 aptatae
1377 764 1550 846 ameepisae
1573 763 1714 827 videntur

356 857 469 937 figuras
493 854 701 936 geometricas,
727 854 895 916 admirabili
918 856 1047 936 quodam
1069 853 1158 916 modo
1176 858 1207 914 et
1221 853 1298 915 citra
1311 852 1467 929 materiae,
1489 872 1553 935 qua
1575 852 1714 916 videntur

359 964 477 1020 carere,
511 942 725 1006 distensionem
748 943 776 1006 in
806 945 915 1025 spatia
960 942 1081 1006 Dixeris
1109 942 1177 1004 illas
1209 960 1277 1004 esee
1303 950 1416 1023 puncta
1443 943 1565 1024 quidem
1593 942 1712 1004 matbe-

358 1033 489 1106 matica,
522 1034 575 1096 sed
600 1052 675 1112 quae
698 1033 856 1114 plagarum
880 1032 1100 1095 distinctionem
1125 1032 1154 1092 in
1178 1049 1246 1093 sese
1270 1030 1448 1107 admittant3
1470 1041 1586 1115 puncta
1609 1052 1712 1113 nempe

359 1123 517 1204 aliqualia,
548 1129 659 1204 puncta
682 1122 772 1197 talia,
803 1122 904 1204 qualia
927 1123 1001 1185 liunt
1023 1141 1061 1183 ex
1083 1120 1215 1183 sectione
1240 1128 1388 1183 certorum
1410 1121 1485 1184 lucia
1510 1122 1713 1185 radtommin

358 1233 448 1276 unum
470 1210 717 1274 concurrentium.
778 1263 783 1275 .

446 1302 615 1382 Propterea
645 1301 756 1379 figuras
783 1301 903 1372 oblatas
932 1298 1118 1362 extrinsecus
1145 1297 1224 1360 intro
1256 1296 1403 1379 recipiunt
1432 1319 1452 1360 a
1482 1298 1576 1363 rebus
1600 1298 1713 1381 quidem

359 1391 511 1471 cognatis,
545 1397 578 1452 ut
603 1410 621 1450 a
644 1389 708 1451 luce
733 1400 765 1453 et
787 1388 968 1452 coelestibus
991 1387 1173 1456 lucentibus,
1205 1394 1236 1449 et
1265 1388 1383 1468 quoties
1411 1387 1488 1451 radii
1512 1388 1654 1451 binorum
1676 1389 1714 1450 aie

360 1486 485 1548 coeunt,
515 1488 550 1542 ut
581 1479 778 1542 rudimentum
802 1485 1045 1561 repraesentetur
1067 1477 1179 1557 figurae
1211 1476 1368 1558 aptabilia,
1402 1496 1455 1539 aen
1487 1479 1530 1541 ad
1562 1477 1715 1559 planitiem

361 1567 594 1632 continuandam
619 1587 671 1629 seu
695 1569 733 1629 ad
757 1569 885 1631 solidam
907 1569 1031 1649 figuram
1056 1566 1084 1627 in
1106 1584 1173 1627 sese
1189 1565 1437 1638 concludendam,
1459 1568 1555 1630 toties
1579 1576 1614 1629 et
1637 1567 1715 1647 ipsae

361 1678 444 1722 suam
468 1657 551 1719 illam
575 1656 736 1720 creationis
759 1658 935 1737 imaginem,
968 1656 997 1718 b.
1024 1676 1049 1718 e.
1079 1673 1233 1736 corporum
1262 1673 1381 1717 suorum
1409 1657 1577 1720 motionem
1608 1656 1715 1736 impetu

361 1755 452 1828 capto
475 1744 647 1808 instaurant
670 1747 802 1823 alacres,
828 1756 918 1827 atque
942 1746 987 1821 id,
1021 1744 1098 1824 quod
1122 1752 1265 1825 perpetuo
1289 1744 1406 1824 quidem
1430 1754 1541 1825 agam,
1567 1745 1633 1809 illia
1654 1764 1715 1808 mo

360 1836 471 1900 mentis
494 1844 588 1916 agunt
610 1836 714 1897 sedulo
738 1845 858 1899 etcum
883 1834 992 1914 insigni
1016 1852 1157 1901 excessu.
1182 1834 1299 1895 fervore
1323 1834 1450 1914 quodam
1473 1836 1662 1897 concitatae.

448 1925 554 2005 Neque
587 1933 688 1987 tamen
720 1926 764 1988 sic
803 1932 906 1986 amant
941 1922 1106 2005 promiscue
1149 1942 1251 1983 omnes
1289 1923 1399 2004 figuras
1431 1942 1717 2003 uopmoaeoapmss

361 2016 414 2078 sed
441 2013 556 2078 inillis
580 2012 729 2077 delectum
751 2015 864 2077 habent
886 2013 978 2088 hunc,
1010 2021 1043 2073 ut
1065 2011 1178 2074 minore
1202 2030 1323 2074 numero
1347 2033 1367 2074 a
1388 2013 1503 2093 majore
1534 2023 1567 2077 et
1591 2035 1612 2076 a
1635 2015 1717 2077 dille·

360 2104 475 2180 tentia,
507 2104 556 2165 vel
579 2102 637 2164 hac
661 2103 699 2165 ab
723 2104 774 2166 illo
798 2103 937 2165 continue
961 2100 1140 2175 subtractis,
1170 2120 1273 2163 omnes
1306 2121 1398 2183 usque
1422 2103 1460 2164 ad
1484 2103 1641 2167 unitatem
1663 2102 1719 2165 siut

360 2194 520 2276 figurarum
554 2213 832 2271 uopneonoqnaor
863 2201 962 2253 notae.
1018 2191 1061 2252 Ut
1091 2190 1168 2252 ratio
1201 2187 1284 2253 bad
1308 2187 1329 2254 8
1353 2200 1402 2253 est
1427 2191 1625 2269 harmonica,
1655 2194 1717 2272 quia

361 2280 382 2347 5
407 2283 443 2344 de
467 2279 489 2346 8
511 2282 616 2344 ablata
639 2282 809 2364 relinquunt
832 2279 863 2356 3,
888 2300 963 2361 quae
983 2276 1036 2341 a5
1055 2280 1161 2342 ablata
1183 2279 1353 2360 relinquunt
1368 2278 1398 2356 2,
1423 2300 1501 2362 quae
1526 2303 1547 2344 a
1571 2280 1593 2347 3
1619 2282 1719 2345 ablata

362 2372 536 2452 relinquunt
562 2369 590 2433 1.
636 2369 678 2432 Et
703 2371 731 2439 1,
755 2369 785 2447 2,
810 2368 841 2445 3,
866 2369 895 2445 5,
920 2366 941 2432 8
971 2388 1074 2430 omnes
1102 2368 1215 2430 numeri
1248 2379 1317 2431 sunt
1348 2368 1511 2450 figuramm
1543 2371 1716 2454 aptabilium

362 2459 619 2523 denominationes
639 2468 690 2522 aut
711 2467 800 2523 notae
814 2458 912 2541 partis
927 2458 1084 2520 rationalis
1099 2457 1136 2518 de
1151 2457 1271 2534 circulo,
1296 2459 1477 2538 geometrice
1500 2460 1716 2542 designandae.

359 2550 440 2614 Nam
468 2549 481 2613 1
509 2548 659 2628 significat
690 2556 801 2625 totum,
819 2546 856 2622 ,2
889 2547 1041 2609 dimidium
1075 2546 1225 2607 circulum.
1271 2547 1319 2609 Ex
1351 2566 1411 2627 qua
1440 2549 1716 2632 circumscriptione

361 2646 430 2703 octo
454 2638 588 2701 oriuntur
610 2637 754 2714 rationes,
780 2637 886 2718 quibus
910 2636 994 2698 nulla
1016 2637 1132 2709 deesse,
1158 2636 1241 2696 nulla
1260 2636 1330 2698 addi
1344 2646 1457 2718 potest,
1480 2657 1613 2719 quarum
1631 2658 1716 2721 quae·

362 2728 438 2790 libet
469 2727 499 2788 in
528 2727 671 2789 circulum
702 2728 855 2790 translata
889 2725 1008 2787 modum
1040 2724 1090 2786 uni
1122 2724 1304 2805 praescribit
1335 2726 1540 2791 radiationum
1574 2728 1715 2811 aspectui.

362 2815 448 2889 Quas
470 2816 603 2878 rationes
626 2837 645 2877 a
667 2824 776 2879 natura
800 2835 896 2878 rerum
922 2813 1107 2894 approbatas
1131 2832 1214 2889 esse,
1244 2814 1291 2895 qui
1316 2834 1373 2876 non
1396 2823 1502 2896 potest
1527 2819 1670 2881 credere:
1696 2817 1717 2877 ia

362 2924 429 2969 cum
452 2905 490 2967 iis
513 2905 556 2967 sic
581 2905 718 2968 formatis
741 2906 771 2969 in
795 2904 938 2967 musicam
963 2923 995 2964 se
1020 2902 1165 2976 conferat,
1189 2922 1248 2965 non
1272 2904 1452 2983 probaturus
1476 2906 1669 2970 radiationes
1687 2925 1717 2967 ex

361 2994 496 3066 vocibus,
521 2994 574 3055 sed
598 2995 731 3057 rationes
755 3014 825 3056 vere
848 2992 1047 3066 harmonicas,
1074 3011 1149 3071 quas
1173 2991 1202 3054 in
1217 2993 1417 3056 radiationum
1439 2997 1582 3077 exemplu
1598 2997 1716 3057 obscuro

362 3084 459 3146 minus
482 3083 651 3164 perspicere
674 3092 787 3165 potest,
809 3082 989 3164 probatums
1013 3082 1042 3141 in
1067 3081 1196 3142 musices
1220 3082 1349 3143 clariori.
1396 3083 1478 3146 hihil
1502 3087 1645 3165 equidem
1659 3084 1716 3144 voci

364 3192 519 3235 commune
545 3193 609 3234 cum
635 3174 753 3248 lumine,
778 3182 810 3234 at
825 3170 1039 3233 consonantiae
1063 3190 1168 3232 vocum
1193 3190 1258 3232 cnm
1283 3173 1456 3252 aspectibus
1481 3174 1630 3237 luminum
1655 3193 1714 3236 coe·

364 3262 483 3325 lentium
508 3262 670 3324 communis
695 3272 743 3324 est
766 3260 931 3324 numeratio
956 3268 987 3319 et
1010 3260 1092 3338 origo
1116 3259 1300 3338 geometrica
1323 3271 1355 3323 et
1378 3265 1618 3341 cosmopoetica.

451 3352 590 3413 Inveniet
614 3361 712 3414 autem
741 3353 770 3414 in
802 3350 915 3412 musica
938 3348 1114 3410 chordarum
1137 3350 1346 3429 proportiones
1370 3352 1408 3411 ad
1434 3372 1565 3431 unguem
1590 3355 1715 3420 easdem.

364 3440 482 3522 quoties
512 3441 588 3502 bene
617 3449 784 3503 consonant
812 3440 886 3500 soni.
931 3440 975 3500 ht
1008 3447 1094 3510 tunc,
1127 3458 1163 3498 ne
1195 3438 1267 3499 mihi
1298 3453 1475 3502 annumeret
1509 3461 1605 3504 voces
1640 3444 1716 3504 unius

364 3537 491 3591 octavae
516 3530 554 3590 ad
579 3530 666 3610 signa
688 3529 812 3604 zodiaci,
839 3527 908 3609 qnid
934 3527 1012 3587 enim
1036 3527 1171 3600 interest,
1198 3526 1266 3588 'ian
1285 3526 1325 3591 10
1344 3529 1507 3591 intervalla
1531 3533 1600 3611 quia
1626 3533 1716 3593 inuno

364 3626 532 3702 systemate
556 3624 604 3681 deo
625 3641 730 3682 nouos
756 3616 912 3680 numeret?
958 3614 1019 3677 Sed
1052 3614 1108 3676 hoc
1140 3624 1226 3695 agat,
1261 3617 1404 3697 spatium,
1439 3638 1532 3699 super
1566 3623 1648 3701 quod
1679 3635 1718 3680 est

366 3707 481 3770 chorda
506 3717 602 3777 tensa,
627 3710 663 3769 ad
688 3718 789 3791 typum
814 3705 929 3768 zodiaci
951 3723 1005 3783 per
1029 3703 1048 3766 7
1073 3713 1214 3785 aspectus
1238 3706 1326 3767 divisi
1351 3716 1380 3767 et
1405 3708 1432 3768 in
1456 3708 1579 3788 longum
1599 3710 1717 3772 extensi.

366 3796 462 3875 signia
486 3797 611 3871 dividat,
637 3818 674 3858 ne
692 3799 785 3880 pilum
810 3817 828 3857 a
850 3794 1034 3874 geometrica
1057 3794 1114 3855 hac
1138 3794 1271 3856 sectione
1295 3796 1464 3871 declinans3
1489 3799 1603 3860 deinde
1620 3820 1717 3879 maga·

365 3884 446 3945 dium
471 3885 534 3944 sive
560 3885 728 3967 ephippium
753 3884 878 3966 singulis
903 3883 1080 3945 divisionum
1104 3884 1184 3944 notis
1207 3885 1352 3964 applicet,
1387 3895 1418 3947 et
1441 3886 1570 3965 primurn
1603 3890 1718 3950 liberam

368 3971 511 4035 chordam
533 3976 643 4054 pulset,
669 3975 775 4036 deinde
798 3984 953 4053 utramque
978 3973 1105 4033 chordae
1125 3982 1241 4052 partem
1262 3974 1459 4036 incumbentis
1478 3977 1626 4058 ephippio
1642 3997 1720 4057 super

366 4062 451 4124 illam
475 4070 577 4126 uotam
602 4064 772 4125 divisionis:
797 4073 867 4125 tunc
891 4060 1062 4143 apparebit,
1088 4063 1213 4123 totidem
1237 4062 1379 4123 constitui
1403 4066 1528 4145 copulas
1553 4086 1608 4127 seu
1634 4069 1719 4136 tricas

367 4170 474 4212 vocum
498 4153 739 4228 consonantium,
774 4160 847 4234 quot
869 4151 991 4213 exhibet
1013 4169 1081 4212 mea
1106 4151 1237 4213 definitio
1260 4152 1394 4214 rationes
1417 4154 1628 4228 harmonicas,
1657 4169 1720 4236 quot

369 4240 461 4302 etiam
492 4240 523 4302 in
557 4241 640 4303 coelo
673 4261 793 4304 numero
826 4249 983 4321 aspectus,
1017 4239 1121 4300 addita
1154 4242 1373 4322 conjunctione.
1430 4241 1507 4305 Cum
1541 4264 1619 4307 voce
1651 4248 1718 4307 enin

368 4337 512 4408 suscepta
534 4331 658 4410 primum
690 4331 771 4412 ipsa,
795 4330 862 4392 dein
888 4338 1002 4409 septem
1025 4329 1112 4407 bigae
1137 4329 1229 4404 aliae,
1263 4340 1315 4393 ut:
1340 4332 1382 4393 ΙΙ.
1411 4333 1503 4395 tertia
1538 4336 1640 4397 mollis
1663 4355 1719 4396 cum

369 4418 473 4497 quinta
506 4437 597 4498 supra
627 4429 764 4482 octavam
798 4420 960 4498 duplicem;
993 4420 1049 4480 Ill.
1075 4417 1166 4479 tertia
1199 4420 1273 4481 dura
1302 4440 1368 4481 cum
1398 4424 1490 4483 tertia
1528 4426 1605 4485 dura
1638 4444 1719 4506 supra

370 4512 508 4566 octavam
532 4508 696 4588 duplicem3
724 4510 781 4571 IV.
807 4518 914 4589 quarta
944 4528 1008 4569 cum
1033 4516 1142 4569 octava
1166 4509 1290 4589 duplici;
1322 4509 1360 4569 V.
1387 4513 1492 4590 quinta
1521 4534 1589 4574 cnm
1625 4516 1720 4595 quinta

371 4612 461 4673 supra
484 4603 636 4671 octavam;
665 4598 723 4660 VI.
753 4606 842 4683 sexta
869 4599 969 4659 mollis
997 4617 1061 4658 cum
1093 4605 1201 4677 quarta
1230 4618 1322 4679 supra
1345 4610 1501 4674 octavam;
1534 4603 1610 4664 l'll.
1641 4613 1719 4663 sexta

370 4682 445 4743 dura
468 4703 533 4744 cunr
556 4687 648 4746 tertia
672 4688 745 4749 dura
767 4707 857 4768 supra
881 4698 1036 4760 octavam;
1069 4687 1157 4747 VlIl.
1182 4694 1292 4747 octava
1316 4707 1382 4749 cnm
1407 4690 1469 4751 alia
1492 4702 1619 4766 octava,
1654 4712 1718 4753 con·

369 4770 509 4845 cordant;
534 4793 608 4852 quae
632 4776 737 4837 ultima
760 4795 825 4837 cunr
848 4775 989 4837 chordam
1013 4776 1138 4849 bisecet,
1157 4776 1221 4855 jam
1239 4776 1268 4837 in
1284 4777 1400 4857 reliqua
1414 4780 1582 4841 medietate
1597 4781 1718 4842 chordae

370 4858 502 4919 secanda
516 4862 638 4923 eaedem
659 4865 759 4925 ordine
777 4865 926 4925 contrario
942 4866 1155 4926 consonantiae
1169 4865 1367 4942 invenientur,
1391 4877 1425 4928 ut
1450 4868 1479 4928 in
1495 4870 1594 4931 altera
1613 4868 1718 4931 zodiaci

370 4946 533 5008 medietate
566 4950 657 5012 iidem
690 4959 840 5031 aspectus.
886 4952 950 5014 Nec
978 4955 1079 5032 plures
1108 4972 1161 5014 nee
1194 4955 1272 5015 aliae
1301 4955 1427 5017 inveniri
1461 4968 1590 5038 possunt
1623 4959 1715 5020 audit:

366 5030 469 5113 judice
490 5033 520 5096 in
543 5035 657 5101 chorda
679 5042 775 5121 trigae
799 5059 914 5103 vocum.
962 5043 1004 5103 Et
1026 5042 1094 5122 quid
1123 5041 1227 5103 multis
1251 5044 1350 5105 alieno
1379 5046 1469 5108 loco?
1517 5048 1715 5118 Postulc.v1
