3692 5842
719 457 933 523 cauimus.
1436 459 1500 526 ιιι

147 637 283 701 hiatibus
306 657 359 699 seu
374 636 558 709 chasmatis;
582 643 621 709 et,
642 636 721 716 quod
743 635 838 699 hieme
858 657 952 716 aeque
971 634 1183 716 prodigiosum,
1208 635 1332 700 iridibus
1348 657 1364 702 e
1379 637 1501 718 regione

110 761 117 773 ·
147 746 215 790 cnm
231 725 314 789 Solis
328 733 390 788 tum
404 726 529 788 Lunae:
551 726 628 788 adde
643 725 731 804 paulo
747 726 952 806 frequentiora
967 726 1091 804 parelio,
1106 726 1303 804 paraselenas
1318 735 1349 790 et
1364 727 1500 794 helenes.

146 816 246 896 Igitur
268 814 428 878 verisimile
452 824 514 890 est,
544 813 612 875 novi
635 813 743 876 sideris
777 816 929 878 ellectum
940 815 1033 876 fuisse
1056 815 1133 875 hane
1158 813 1263 876 hiemis
1291 816 1500 880 humiditatem

146 915 181 967 et
203 902 404 984 prodigiorum
429 904 603 965 coelestium
627 903 840 982 frequentiam:
873 924 950 1006 quae
973 912 1008 966 ut
1030 902 1107 964 inter
1134 922 1243 966 novum
1265 903 1348 967 aidus
1372 914 1404 968 et
1426 923 1500 968 can·

143 992 331 1074 junctionem
354 1011 494 1071 magnam
518 993 596 1054 hona
618 1011 685 1053 cum
709 992 825 1053 ratione
849 992 1023 1071 partiamur,
1048 991 1092 1053 sic
1115 1010 1248 1071 agemus.

237 1084 272 1145 In
297 1079 425 1143 Telluris
458 1081 547 1162 globo
580 1080 716 1183 gemina
723 1091 773 1142 est
795 1082 924 1143 facultas
949 1082 1043 1162 (quod
1071 1088 1205 1146 metenra
1236 1080 1376 1154 attinet),
1381 1079 1499 1146 ‚altera

148 1169 323 1234 attrahendi
347 1190 442 1250 aquas
470 1169 601 1231 marinas
625 1170 654 1230 in
678 1170 812 1233 occultas
842 1170 1046 1233 connectionis
1074 1169 1177 1244 sedes,
1206 1170 1305 1233 altera
1328 1168 1499 1249 expellendi

147 1279 279 1342 vapores
303 1267 462 1321 concoctos
484 1278 537 1340 per
561 1252 709 1340 quisdam
732 1259 817 1339 quasi
841 1260 1001 1334 sudorem
1026 1268 1079 1321 ant
1097 1258 1122 1321 si
1138 1259 1233 1321 mavis
1257 1277 1400 1340 compara
1422 1258 1499 1322 hanc

147 1350 353 1430 expulsionem
385 1347 549 1410 excretioni
581 1347 718 1409 seminali
751 1348 955 1412 animantium.
1009 1349 1125 1410 Harum
1158 1348 1335 1412 facultatum
1373 1347 1500 1412 alteram

147 1437 394 1519 expultricem
427 1437 575 1499 stimulari
599 1437 637 1498 ab
665 1437 839 1516 aspectibus
867 1437 1057 1518 planetarum
1087 1437 1268 1504 harmonicis
1300 1434 1501 1506 certissimum

117 1537 123 1548 '
147 1537 216 1591 est:
240 1547 300 1609 qua
315 1526 520 1590 stimulatione
544 1525 681 1599 efficitur,
705 1527 893 1588 uteontinua
916 1526 1035 1606 quidem
1050 1526 1093 1599 (in
1115 1527 1268 1588 fluminum
1290 1525 1500 1605 generatione)

147 1627 183 1679 at
205 1636 264 1679 non
287 1625 431 1698 perpetuo
455 1613 610 1677 uniformis
629 1614 671 1676 sit
683 1616 830 1693 expulsio,
854 1616 909 1677 sed
924 1615 1026 1677 multis
1048 1616 1216 1694 intervallis¹
1240 1616 1410 1695 interrupta
1434 1614 1500 1695 ejus

148 1705 356 1780 vehementia,
386 1712 478 1786 prout
500 1712 642 1784 aspectus
671 1702 772 1766 ordine
806 1703 1007 1767 astronomica
1031 1704 1198 1767 inciderint.
1243 1703 1286 1767 Et
1307 1724 1354 1766 me
1378 1701 1500 1768 hercule

89 1845 96 1854 .
147 1814 208 1858 non
242 1795 371 1858 absurde
405 1793 471 1874 quis
504 1793 571 1855 huic
603 1791 768 1855 excretioui
797 1794 888 1855 etiam
913 1794 1100 1874 voluptatem
1128 1813 1213 1856 suam
1237 1790 1426 1873 adjunxerit:
1457 1792 1501 1858 its

149 1884 248 1948 multa
261 1884 371 1946 Terrae
392 1903 456 1944 cum
477 1882 681 1944 animantibus
700 1884 887 1946 conveniunt
926 1882 1049 1944 Etenim
1067 1882 1177 1962 docent
1194 1882 1312 1954 medici,
1336 1881 1362 1944 si
1381 1882 1500 1964 quande

147 1971 274 2037 linmore
298 1972 425 2052 genitali
445 1980 561 2033 tument
580 1990 683 2047 venae,
709 1971 796 2033 facile
811 1972 859 2033 vel
878 1991 931 2052 per
954 1989 1090 2034 somnam
1113 1970 1242 2051 imagine
1267 1971 1346 2033 dulei
1365 1970 1496 2049 objecta,

148 2062 233 2126 nullo
267 2062 359 2123 etiam
390 2069 532 2123 contactu
563 2061 743 2135 accedente,
777 2062 840 2123 lieri
872 2060 1083 2124 exorationem.
1132 2057 1212 2131 Quid
1240 2078 1311 2121 vero
1341 2058 1429 2139 hujus
1453 2058 1498 2122 rei

146 2149 285 2223 similius,
310 2170 398 2232 quam
413 2150 490 2232 quod
512 2157 632 2212 constat
651 2149 749 2213 inesse
765 2150 794 2211 in
809 2151 903 2212 Terra
927 2150 1103 2212 facultatem
1126 2156 1303 2230 aspectuum
1321 2148 1499 2212 coelestium

145 2239 383 2322 perceptricem,
423 2258 498 2319 quae
533 2239 689 2300 stimulata
726 2239 825 2318 aliquo
865 2245 990 2319 aspectu
1026 2239 1154 2300 exsudet
1191 2256 1318 2320 vapores
1354 2237 1498 2319 pluvios?

145 2329 295 2432 Utrinque
318 2328 434 2411 species
459 2327 661 2389 immateriata
682 2328 801 2407 objecta
824 2328 1001 2408 phantasiae
1026 2327 1086 2390 ciet
1104 2328 1262 2390 materiam
1284 2326 1497 2407 genitabilem:

146 2419 218 2500 quid
241 2419 385 2498 rmpediet
408 2416 508 2497 igitur,
533 2416 669 2496 utrinque
693 2436 731 2478 ex
748 2418 939 2497 perceptione
964 2417 1075 2496 speciei
1097 2425 1129 2478 et
1152 2416 1326 2498 expulsione
1351 2415 1497 2482 materiae

147 2508 281 2570 existere
304 2505 511 2585 voluptatem?
538 2506 645 2586 Itaque
669 2525 745 2568 nunc
768 2507 885 2568 demum
910 2505 1022 2568 meliori
1047 2525 1137 2568 sensu
1164 2514 1287 2587 poetam
1309 2505 1398 2569 audio
1422 2523 1498 2570 can-

147 2604 267 2660 tantem
291 2594 497 2676 philosophiae
520 2594 682 2676 mysteria:

413 2703 486 2756 Vere
507 2708 615 2757 tument
634 2704 736 2757 Terrae
757 2709 787 2756 et
807 2701 948 2774 genitalia
967 2701 1073 2756 semina
1091 2708 1226 2772 poseant:

413 2783 481 2836 Tum
501 2790 583 2851 pater
603 2783 773 2853 omnipotens
795 2783 935 2838 foecundis
956 2781 1086 2837 imbribus
1108 2783 1207 2837 aether

415 2862 548 2935 conjugis
568 2863 596 2917 in
616 2864 750 2935 gremium
770 2864 864 2917 laetae
886 2863 1033 2927 deseendit,
1055 2870 1085 2917 et
1105 2880 1198 2918 omnes

413 2941 533 3014 Magnus
555 2944 607 2999 alit
626 2961 728 3017 magno
749 2944 911 3000 commixtus
934 2959 1045 3014 corpere
1066 2944 1167 2998 foetus.

239 3040 296 3101 Ille
325 3037 443 3118 quidem
474 3039 614 3118 figmento
645 3040 798 3102 luxurians
826 3027 909 3102 coelo
933 3040 1044 3102 imbres
1066 3058 1119 3120 pro
1143 3038 1256 3102 semina
1279 3036 1398 3115 tribuit,
1422 3057 1496 3119 quos

144 3130 176 3192 in
200 3131 326 3192 Terram
349 3127 495 3189 infundat.
534 3129 599 3208 Ego
614 3130 697 3190 coelo
717 3130 758 3191 nil
782 3129 965 3191 transscribo
989 3128 1047 3191 nisi
1070 3128 1199 3209 speciem
1223 3128 1306 3190 illam
1326 3125 1496 3191 Veneream

147 3221 308 3298 (aspectus
330 3218 418 3296 puto)
441 3217 638 3295 proritantem
653 3218 803 3280 Tellurem
826 3218 864 3279 ad
888 3218 1094 3280 effundendum
1113 3217 1169 3279 hoc
1185 3236 1287 3280 semen
1310 3234 1348 3278 ex
1370 3236 1403 3280 se
1417 3218 1494 3300 ipsa,

145 3306 294 3388 siqnidem
326 3305 489 3368 tumuerint
519 3306 582 3386 ejus
613 3325 707 3367 venae
735 3307 888 3369 humorum
912 3306 1008 3385 copis.
1056 3304 1108 3368 Sic
1130 3306 1222 3388 igitur
1247 3304 1342 3367 habet
1365 3306 1495 3373 facultas

144 3393 277 3460 Telluris
300 3394 458 3474 expultrix.

234 3485 378 3548 Facultas
400 3482 529 3546 Telluris
553 3482 759 3545 attractrix
781 3481 887 3563 quibus
906 3481 1074 3545 intervallis
1087 3490 1171 3566 agat,
1195 3480 1353 3545 obscurum
1374 3483 1494 3566 quidem

147 3581 208 3639 ast
255 3573 515 3636 inanimantibus
543 3572 629 3635 varia
651 3580 721 3635 snnt
748 3570 908 3635 intervalla
938 3571 1094 3633 facultatis
1118 3571 1200 3651 ejus,
1230 3591 1305 3654 quae
1329 3570 1491 3651 genitalem

108 3660 114 3672 '
145 3665 303 3728 humorem
325 3663 406 3725 intus
429 3661 531 3746 coquit
549 3669 581 3724 et
598 3661 628 3724 in
651 3681 744 3724 venas
766 3661 903 3724 infercit:
923 3661 1060 3741 juventa,
1084 3678 1147 3735 rer,
1170 3660 1228 3722 cibi
1251 3661 1392 3742 repletio,
1423 3662 1492 3743 ple-

147 3752 300 3817 thoricum
322 3769 447 3830 corpus3
483 3750 647 3831 impediunt
678 3751 811 3826 senium,
840 3751 952 3827 hiems,
978 3750 1090 3824 fames,
1113 3748 1217 3813 morbi.
1262 3750 1367 3831 Neque
1392 3756 1492 3816 tamen

144 3841 314 3923 comparari
337 3848 464 3922 possunt
486 3840 743 3905 haecintervalla
760 3839 902 3904 cumillis
925 3839 1116 3903 excretionis.
1157 3840 1215 3902 Illa
1233 3838 1311 3904 enim
1335 3839 1493 3905 subitanea

145 3941 218 3996 snut
241 3939 274 3994 et
303 3930 503 4011 praecipitata
536 3937 567 3992 et
602 3929 725 4007 brevia;
767 3929 841 3993 haec
873 3929 958 3993 lenta
989 3936 1021 3991 et
1051 3928 1191 4010 segniora
1217 3936 1250 3992 et
1277 3928 1492 4011 quodammodo

144 4019 245 4102 magis
277 4020 427 4083 continua
475 4017 555 4091 Quid
586 4018 635 4081 hic
667 4019 794 4083 simile'
786 4040 816 4081 m
846 4017 975 4081 Telluris
999 4018 1087 4099 globo
1118 4018 1296 4094 inveniatur,
1330 4017 1492 4100 dispiciant

143 4108 326 4194 philosophi.
371 4097 448 4172 lllnd
473 4118 595 4181 eertum,
617 4108 767 4172 interdum
790 4108 897 4172 deesse
920 4106 1033 4172 Telluri
1057 4110 1134 4189 quod
1162 4115 1317 4183 excernat,
1345 4109 1404 4172 etsi
1427 4109 1490 4172 fer-

143 4198 319 4264 ventissime
343 4197 508 4260 concitetur
530 4197 568 4259 ab
591 4197 773 4277 aspectibus.
820 4198 904 4260 'lianc
924 4198 1003 4260 enim
1026 4197 1211 4280 experientia
1238 4198 1365 4264 docente
1392 4198 1493 4264 solent

144 4289 277 4354 existere
300 4306 353 4369 pro
375 4285 485 4369 pluviis
508 4284 619 4348 halitus
642 4287 762 4368 qnidam
785 4286 978 4362 ardentes,
969 4287 1132 4357 inamoeni,
1155 4286 1294 4361 sulfurei,
1318 4287 1489 4365 mordacem

144 4378 224 4443 unde
262 4377 430 4452 siccitates,
469 4375 637 4457 squalores,
678 4374 771 4441 ἅλιαι.
827 4374 977 4457 Compara
1007 4376 1200 4440 animantium
1230 4375 1328 4454 coitus
1359 4377 1488 4455 steriles,

143 4466 267 4538 irritos,
299 4465 485 4539 laboriosos;
517 4464 562 4527 ita
588 4482 634 4528 me
665 4464 802 4541 hercule,
834 4485 905 4528 nam
937 4464 1084 4527 sterilitas
1115 4464 1248 4549 sequitur
1280 4464 1335 4528 hos
1359 4465 1488 4530 Telluris

142 4557 283 4620 affectos.
319 4556 362 4620 Et
383 4554 517 4616 celebrat
538 4553 722 4617 Aristoteles
745 4554 774 4616 in
790 4573 825 4617 eo
844 4562 1026 4620 cometarum
1048 4555 1181 4630 effectus,
1206 4553 1285 4635 quod
1307 4554 1487 4619 sterilitates

144 4654 179 4709 et
201 4647 355 4727 squalores
383 4643 566 4725 significent,
598 4644 645 4706 eui
671 4644 858 4723 experientia
888 4646 1077 4723 suffragatur.
1127 4642 1270 4707 Cometae
1293 4663 1381 4720 vero,
1405 4644 1431 4708 si
1454 4653 1489 4708 ut

143 4725 257 4800 ιιιιιιιι
280 4733 468 4814 significant,
499 4752 564 4795 cum
588 4752 678 4813 snpra
700 4733 816 4796 Lunam
839 4733 901 4795 sint
922 4743 957 4796 nt
983 4734 1156 4814 plnrimnm,
1185 4752 1242 4795 nnn
1267 4732 1355 4796 aliter
1377 4753 1487 4797 causae

144 4833 242 4902 erunt,
266 4822 323 4886 nisi
347 4830 380 4884 ut
401 4822 545 4885 haetenus
569 4822 680 4885 dictum
703 4830 735 4884 et
758 4831 932 4903 usurpatum
960 4823 1032 4897 fuit3
1063 4840 1167 4901 nempe
1191 4830 1225 4884 nt
1247 4822 1382 4903 objecta,
1411 4841 1486 4905 quae

143 4921 268 4978 movent
285 4932 403 4976 sensus.
442 4910 577 4975 cometis
596 4912 685 4992 igitur
705 4918 737 4974 et
754 4912 915 4992 eclipsibus
936 4909 1018 4974 Solis
1035 4930 1188 4974 commune
1207 4911 1263 4974 hoc
1283 4910 1349 4987 erit,
1374 4920 1486 4977 terrere

144 5014 180 5068 et
199 5011 393 5090 consternare
416 5002 592 5066 facultatem
615 4999 742 5064 Telluris
765 5000 994 5082 vegetatricem,
1023 5001 1123 5083 sicque
1147 5001 1211 5082 ejus
1234 5019 1308 5078 opus
1331 4999 1484 5084 impedire,

198 5107 287 5158 xnus
299 5108 375 5157 omn.
396 5107 422 5148 ru
1239 5101 1275 5156 rs
