3692 5842
836 492 917 559 osu
933 492 1008 545 m.
1096 500 1099 504 ¹
1232 565 1236 572 ,
1531 493 1602 578 aas,

243 691 296 746 per
317 674 437 745 auguria
451 680 479 728 et
494 690 545 743 per
566 674 696 738 oracula,
719 674 783 744 quid
797 691 840 728 me
855 674 956 737 facere,
979 674 1042 746 qnid
1057 672 1186 729 omittere
1197 680 1314 745 oportet.
1341 676 1458 731 Multam
1472 678 1597 750 equidem

242 754 322 816 vobis
343 755 465 827 gratiam
495 755 601 819 habeo,
631 772 665 808 eo
686 757 756 825 quod
777 755 838 825 ipse
858 771 966 825 quoque
994 762 1116 809 vestram
1135 754 1164 808 in
1181 771 1224 808 me
1250 756 1367 827 cognovi
1386 757 1595 828 providentiam.

243 835 352 916 Itaque
375 834 482 895 iisdem
505 832 588 907 Diis,
613 833 663 914 qui
686 851 831 914 responsa
854 833 914 894 ista
943 832 1074 909 dabant,
1105 852 1206 894 earum
1230 853 1328 897 rernm
1356 834 1594 919 animaliumque,

242 941 300 1005 per
312 941 390 1004 qnae
405 917 640 1002 significationes
655 922 795 996 edebant,
820 929 958 1002 potestas
974 929 1007 983 et
1020 921 1145 984 directio
1159 922 1442 986 transscribebatur.
1464 921 1597 1002 'Contra

243 1029 327 1084 vero,
351 1011 377 1072 si
400 1017 586 1092 patesceret,
620 1009 760 1072 animalis
783 1018 837 1073 ant
860 1010 902 1072 rei
925 1011 1133 1090 portendentis
1164 1022 1277 1074 motum
1301 1020 1354 1073 aut
1377 1011 1597 1092 apparitionem
1700 1021 1703 1030 '

244 1119 283 1163 ex
306 1100 435 1162 naturali
454 1101 545 1161 fluere
560 1118 661 1174 causa,
686 1101 730 1162 sic
749 1109 783 1162 ut
801 1099 924 1161 abesset
948 1100 1078 1179 suspicio
1102 1100 1337 1179 supernaturalis
1360 1101 1597 1181 gubernationis,

243 1189 335 1252 animi
360 1188 562 1251 sollicitudine
586 1188 677 1250 soluti
696 1191 734 1250 ad
755 1188 885 1269 quietem
904 1207 971 1250 sese
995 1189 1223 1268 componebant.
1263 1187 1332 1252 Nisi
1347 1190 1424 1252 forte
1448 1190 1596 1254 naturalis

244 1273 353 1361 aliquis
383 1295 534 1340 connexus
568 1278 840 1357 deprehenderetur
872 1278 951 1340 inter
983 1278 1099 1358 signum
1128 1285 1159 1340 et
1187 1277 1358 1357 signatum
1392 1278 1438 1340 cni
1471 1278 1595 1342 arbitrio

243 1368 359 1431 liberae
392 1367 519 1446 alicujus
549 1376 580 1427 et
606 1366 724 1429 ratione
756 1366 869 1428 utentis
902 1386 1012 1429 causae
1044 1386 1131 1446 opus·
1148 1385 1205 1428 non
1239 1376 1330 1430 esset.
1376 1366 1425 1430 Ex
1458 1368 1598 1448 neglectu

244 1456 452 1537 fundamenti
470 1455 559 1535 hujus
596 1465 670 1520 nata
702 1462 751 1516 est
787 1474 898 1534 magna
928 1475 1001 1536 pars
1034 1456 1227 1537 astrologiae.
1284 1454 1359 1520 Cum
1390 1456 1468 1520 enim
1501 1458 1597 1536 multa

243 1544 393 1630 coelestia
424 1553 547 1607 ostenta
574 1546 664 1608 fidem
697 1544 841 1607 fecissent
864 1545 900 1606 de
924 1544 994 1608 Diis·
1018 1564 1073 1626 per
1099 1545 1176 1607 haec
1208 1563 1339 1623 superna
1370 1567 1435 1610 cnm
1468 1548 1598 1610 hnmana

244 1636 341 1715 gente'
361 1634 569 1715 loquentibus:
594 1642 757 1713 coeperunt
779 1633 910 1714 imperiti
940 1634 1077 1715 quicquid
1100 1634 1129 1695 iu
1154 1634 1237 1696 coelo
1262 1634 1451 1713 contingeret
1473 1635 1597 1698 arbitrio

245 1725 379 1788 Deorum
402 1723 495 1786 libero
519 1723 738 1785 transscribere
758 1722 845 1802 inque
860 1742 947 1785 omen
969 1722 1109 1796 trahere3
1133 1724 1310 1802 praesertim
1334 1724 1360 1785 si
1384 1724 1520 1786 novitate
1544 1732 1597 1787 aut

245 1812 373 1876 raritate
405 1810 502 1873 visum
534 1811 728 1873 vehementer
764 1811 957 1890 percelleret,
995 1821 1030 1874 ut
1060 1811 1189 1892 eclipses
1222 1811 1382 1888 luminum,
1416 1831 1598 1893 congressus

245 1903 408 1965 multarum
439 1899 614 1975 stellarum;
648 1901 696 1980 qui
720 1900 746 1962 si
770 1901 809 1962 ab
832 1900 917 1962 initio
941 1901 1188 1981 perpendissent,
1222 1899 1286 1962 ista
1316 1901 1416 1964 omnia
1438 1912 1507 1965 rata
1530 1903 1597 1983 lege
1653 1965 1657 1975 ι

243 1998 371 2055 naturae
396 1990 564 2064 circumire,
597 1997 667 2051 tunc
691 1999 744 2051 aut
767 1990 980 2052 connexionem
1010 1991 1114 2052 harum
1141 2008 1239 2052 rerum
1272 1990 1446 2052 coelestium
1470 2010 1536 2066 cum
1559 1992 1597 2054 iis

245 2081 414 2156 eventibus,
439 2080 488 2160 qui
513 2079 598 2159 sequi
621 2080 729 2155 solent,
752 2080 782 2140 in
806 2090 915 2141 natura
939 2079 1146 2159 quaesissent,
1178 2087 1229 2141 aut
1252 2079 1277 2140 si
1302 2079 1435 2142 invenire
1458 2098 1516 2142 nou
1539 2099 1598 2160 po-

245 2169 386 2243 tuissent,
411 2168 440 2229 iu
464 2169 542 2229 hanc
565 2167 773 2230 credulitatem
797 2186 946 2248 nunquam
970 2168 1156 2231 incidissent.
1192 2168 1260 2240 ,Aet
1282 2168 1333 2231 alii
1357 2168 1387 2230 in
1410 2168 1497 2249 pejus
1519 2187 1594 2249 pro·

246 2260 400 2331 fecerunt,
431 2258 468 2318 de
492 2257 624 2319 stultitia
648 2256 677 2317 in
702 2256 907 2337 impietatem:
940 2276 1006 2319 cum
1030 2257 1108 2319 enim
1140 2258 1277 2319 viderent
1305 2257 1462 2320 stellarum
1497 2266 1597 2322 motus

246 2366 284 2410 ex
316 2347 446 2408 naturali
478 2346 662 2408 necessitate
695 2346 880 2426 dependere,
915 2354 949 2408 ut
978 2352 1079 2409 tamen
1111 2356 1143 2408 et
1173 2346 1322 2426 portentis
1349 2347 1404 2408 hos
1436 2365 1596 2411 accensere

243 2443 386 2521 possent,
419 2454 534 2497 rursum
556 2439 633 2506 daec
654 2433 714 2497 diro
736 2457 865 2516 μηχαιης
887 2435 1132 2509 introduxerunt,
1165 2454 1222 2496 nou
1247 2434 1296 2516 qui
1320 2445 1418 2498 motus
1446 2437 1595 2500 coelorum

245 2526 341 2588 libers
374 2525 596 2587 conformarent
618 2524 656 2585 ad
689 2524 913 2604 significandum
947 2524 1032 2585 nobis
1062 2543 1116 2605 per
1145 2524 1229 2598 illos,
1261 2524 1314 2586 sed
1346 2524 1396 2605 qui
1428 2526 1596 2605 exemplari

244 2621 380 2677 motuum
413 2612 587 2676 coelestium
624 2621 778 2674 uterentur
819 2614 847 2674 iu
886 2613 1108 2675 conformandis
1149 2622 1180 2674 et
1219 2612 1464 2675 administrandis
1503 2614 1595 2678 rebus

243 2703 394 2767 humanis.
431 2702 508 2764 Hinc
525 2711 596 2766 sunt
609 2702 663 2764 illa
685 2702 842 2784 spirituum
866 2702 1023 2764 astralium
1038 2704 1133 2765 multa
1155 2702 1268 2777 millia,
1291 2702 1392 2764 verius
1408 2702 1595 2766 diabolorum

245 2793 438 2857 infernalium
463 2790 609 2871 legiones,
635 2791 740 2870 quibus
765 2791 944 2853 execrabilis
967 2791 1027 2852 ista
1049 2792 1165 2872 magia,
1199 2791 1276 2853 falso
1300 2791 1417 2854 nomine
1441 2792 1593 2863 coelestia,

245 2884 337 2943 docet
360 2881 513 2943 immolare
538 2889 622 2941 certa
645 2880 800 2953 sacrificia,
826 2880 948 2941 fundere
964 2889 1064 2942 certas
1083 2900 1197 2961 preces,
1221 2880 1374 2943 celebrare
1397 2889 1482 2944 certa
1506 2883 1595 2956 festa,

244 2984 302 3052 pet
334 2969 398 3031 dies
433 2979 464 3031 et
496 2970 586 3031 horas
618 2971 805 3049 planetarum
838 2970 1002 3031 accendere
1040 2989 1159 3044 cereos,
1197 2969 1320 3032 induere
1353 2979 1455 3033 vestes
1487 2969 1597 3033 coloris

244 3058 442 3141 appropriati.
480 3058 627 3122 Nimirum
651 3058 706 3118 hac
730 3060 847 3119 demum
871 3058 987 3120 ratione
1012 3058 1240 3140 cooperantibus
1264 3058 1382 3121 scilicet
1404 3059 1596 3122 daemonibus

244 3148 440 3211 verificantur
462 3147 516 3208 illa
543 3148 722 3208 stultissima
745 3156 777 3207 et
799 3147 926 3209 ridicula
954 3149 1172 3227 astrologorum
1203 3149 1326 3212 decreta
1350 3148 1386 3210 de
1408 3150 1597 3231 planetarum

244 3237 385 3308 domibus
408 3245 441 3298 et
463 3235 725 3299 dominationibus.
771 3235 842 3297 Jam
867 3237 984 3297 demum
1008 3238 1130 3315 expedit
1153 3236 1340 3316 resipiscere.
1386 3238 1455 3300 Non
1479 3235 1599 3300 luerunt

245 3328 326 3389 adeo
349 3326 477 3405 imperiti
501 3324 587 3404 primi
618 3325 722 3387 harum
746 3333 889 3403 nugarum
917 3326 1108 3401 inventores,
1140 3334 1174 3387 ut
1196 3344 1248 3386 eos
1272 3345 1363 3405 supra
1386 3324 1596 3387 incusavimus.

245 3415 392 3479 Addebat
414 3414 599 3476 intellectum
623 3414 783 3495 i'mpietas3
807 3425 840 3474 at
859 3434 912 3475 vos
932 3414 1090 3476 admodum
1110 3415 1202 3493 pueri,
1228 3415 1404 3493 oastrologi
1420 3413 1595 3488 Christiani,

246 3504 300 3587 qui
324 3503 429 3566 nucleo
462 3504 553 3564 misso
584 3503 716 3565 haeretis
741 3504 771 3564 iu
798 3503 970 3582 putamine,
1008 3503 1056 3583 qui
1087 3504 1216 3565 cadaver
1249 3503 1463 3582 amplectimini
1496 3502 1598 3574 anima

248 3593 414 3665 eliminata,
440 3592 489 3674 qui
513 3592 707 3672 astrologiam
731 3594 808 3653 hauc
831 3593 957 3654 stultam
972 3599 1003 3653 et
1017 3593 1211 3672 nugatricem,
1236 3611 1310 3672 qnae
1330 3592 1465 3655 domibus
1489 3594 1595 3672 plane-

246 3693 348 3745 tarum
371 3679 475 3751 utitur,
499 3683 647 3743 exercetis
671 3683 734 3744 sine
757 3682 866 3760 magia.
913 3681 973 3761 Eja
995 3681 1151 3760 pelliceam
1180 3680 1306 3756 abluite,
1330 3691 1363 3744 nt
1385 3701 1422 3742 ne
1446 3681 1598 3744 humorem

248 3782 351 3834 nmen
375 3770 428 3832 illa
450 3769 544 3832 bibat.

339 3878 497 3958 Apparere
520 3884 610 3957 puto,
640 3885 704 3939 tum
732 3878 849 3939 demum
881 3877 979 3938 locum
1001 3895 1070 3940 esse
1093 3874 1378 3956 conjectationibus,
1409 3876 1459 3939 ubi
1482 3876 1598 3939 cousti-

249 3966 333 4041 terit,
357 3974 496 4028 naturam
519 3966 649 4048 aliquam
672 3967 892 4048 intelligentem
912 3985 968 4047 per
989 3966 1063 4027 haec
1087 3964 1188 4045 signa,
1217 3968 1249 4030 in
1271 3983 1347 4045 quae
1368 3984 1454 4027 mens
1478 3966 1598 4046 conjec-

246 4056 326 4120 toris
341 4056 458 4117 intenta
474 4065 531 4130 est,
553 4056 707 4118 uobiscum
724 4057 804 4138 loqui
821 4056 908 4130 velle,
928 4055 1012 4134 cujus
1029 4055 1147 4136 quidem
1160 4057 1287 4119 arbitrio
1302 4062 1334 4116 et
1348 4056 1494 4135 potestati
1511 4056 1599 4134 signa

248 4146 306 4210 illa
336 4144 472 4206 subiecta
506 4144 575 4206 sint.
629 4145 681 4207 Sic
709 4155 804 4226 „Deus
818 4149 965 4219 Pharaoni,
981 4170 1053 4225 quae
1066 4156 1189 4209 facturus
1202 4163 1273 4220 erat,
1289 4154 1411 4210 ostendit
1424 4155 1451 4210 iu
1466 4154 1595 4220 somnio,“

251 4235 330 4300 Gen.
363 4227 415 4296 41.
448 4254 476 4293 v.
511 4230 562 4296 25.
619 4234 670 4296 Sic
700 4234 997 4297 Nabuchodonosoro
1022 4244 1152 4299 indicavit
1180 4234 1210 4296 in
1234 4234 1360 4308 somnio,
1390 4241 1460 4315 quae
1481 4250 1599 4298 ventura

250 4339 348 4390 essent
368 4332 572 4388 in-noriaaimis
594 4334 770 4404 temporibus.
810 4325 887 4385 Dan.
919 4321 949 4385 2.
982 4343 1011 4383 v.
1043 4318 1095 4385 28.
1142 4323 1194 4386 Sic
1223 4323 1355 4405 loquitur
1384 4322 1481 4390 Mirus
1508 4321 1598 4386 hodie

249 4412 407 4477 nobiscum
429 4431 483 4492 per
506 4432 607 4475 arcum
630 4412 703 4473 irdis
727 4419 884 4493 certosque
907 4412 1021 4487 reddit,
1044 4431 1103 4473 non
1124 4414 1289 4493 periturum
1319 4431 1413 4493 genus
1436 4412 1598 4473 humanum

250 4501 380 4566 diluvio:
406 4501 482 4565 Gen.
508 4498 537 4564 9.
585 4503 636 4565 Sic
667 4501 789 4563 exhibet
816 4502 903 4581 sigua
929 4501 960 4563 in
984 4502 1055 4564 Sole
1086 4509 1117 4563 et
1138 4503 1239 4578 Luna,
1270 4502 1386 4576 stellis,
1417 4509 1449 4562 et
1470 4501 1597 4562 virtutes

251 4591 405 4655 coelorum
424 4598 535 4665 movet,
558 4599 592 4652 nt
614 4591 789 4652 attollamus
812 4591 913 4671 capita
935 4599 1040 4653 nostra
1063 4599 1094 4653 et
1116 4591 1270 4653 videamus
1291 4610 1361 4653 num
1380 4590 1598 4671 appropinquet

251 4678 400 4745 redemtio
422 4687 535 4742 nostra.
578 4680 734 4751 ¹Quorsum
755 4680 906 4761 pertinent
929 4687 960 4740 et
982 4682 1078 4743 omnis
1101 4682 1220 4760 generis
1237 4688 1388 4761 portenta,
1410 4688 1552 4741 monstra·
1566 4687 1597 4741 et

252 4767 399 4833 divinitus
427 4769 562 4831 immissa
591 4769 721 4844 somnia,
755 4770 894 4851 quicquid
922 4769 1026 4830 horum
1056 4770 1223 4831 hominibus
1252 4770 1333 4831 ultro
1366 4770 1503 4844 offertur,
1536 4787 1596 4830 non

253 4859 432 4941 quaesitum,
455 4859 498 4921 uti
522 4858 641 4940 quidem
663 4859 816 4939 procurari
837 4858 897 4919 ista
915 4877 974 4919 non
993 4867 1135 4937 possunt;
1160 4858 1191 4919 id
1214 4860 1379 4921 censuerim
1394 4878 1452 4919 uon
1468 4857 1595 4919 absurde

253 4948 303 5030 vel
325 4949 392 5028 Deo
415 4947 473 5028 ipsi
497 4948 545 5008 vel
568 4948 714 5010 ministris
737 4948 853 5026 angelis
876 4948 923 5008 vel
947 4947 1036 5018 alicui
1060 4947 1191 5028 spiritui,
1222 4949 1271 5030 qui
1294 4948 1462 5011 homiuibus
1486 4954 1517 5008 et
1539 4946 1596 5009 toti

253 5036 364 5102 mundo
387 5036 515 5118 quadam
537 5044 662 5100 naturae
686 5038 751 5121 lege
776 5056 927 5102 connexus
950 5037 1094 5100 instinctu
1116 5037 1230 5118 magis,
1255 5057 1344 5119 quam
1366 5037 1596 5100 ratiocinatione
