3692 5842
327 462 389 530 138
795 465 986 542 rurenses·
1003 464 1029 514 n
1047 462 1213 515 uisuram.

365 639 418 703 rig.
439 635 481 687 ⁶⁶·
516 640 706 719 Proponatur
742 641 772 703 A
802 641 900 715 lucus,
942 638 966 702 C
995 649 1115 713 vertex,
1155 646 1188 700 ut
1224 635 1280 700 AC
1323 636 1365 698 sit
1404 636 1491 711 axis3
1533 637 1559 700 is
1601 655 1675 699 con-

384 734 494 808 »μῦ
513 729 700 791 continuetur
723 729 752 789 iu
781 737 886 808 partes
909 730 939 790 A
962 729 991 789 in
1022 728 1167 790 infinitum
1195 745 1287 806 usqne
1317 732 1372 787 aut
1402 744 1554 806 quousque
1582 745 1676 806 para·

374 859 381 877 .
482 817 600 889 ,bolen
629 818 776 896 placuerit
804 818 982 879 describere.
1029 818 1154 878 Placeat
1181 834 1274 894 usquo
1302 813 1382 876 inE
1438 814 1522 876 Acus
1550 814 1676 894 ergoiu

359 889 369 914 ¹
408 949 410 968 .
513 907 543 966 Α
566 906 683 984 ligatur,
708 908 746 967 ab
771 927 807 967 ca
829 906 871 968 sit
893 924 1002 967 nexum
1030 908 1111 967 iilum
1138 903 1324 983 longitudine
1351 901 1420 977 AC,
1446 900 1510 964 GE.
1557 904 1676 966 Tenens

514 1013 602 1054 maun
635 996 732 1056 altera
764 1004 853 1074 capnt
885 995 1014 1056 alterurn
1046 994 1087 1056 uti
1114 994 1156 1067 E,
1194 992 1292 1053 altera
1329 992 1486 1070 graphium
1528 1011 1594 1053 uum
1627 992 1676 1054 lilu

513 1083 639 1143 extende
663 1103 756 1163 usque
780 1084 809 1145 in
834 1081 868 1145 0.
915 1082 964 1145 Sit
998 1082 1091 1145 etiam
1115 1082 1154 1142 ad
1178 1079 1230 1143 GE
1255 1087 1356 1142 erecte
1387 1079 1677 1160 perpendiculariter

471 1187 474 1214 ¹
511 1169 581 1244 Em
606 1170 697 1250 igitur
720 1172 844 1250 graphio
863 1170 887 1233 0
907 1178 1042 1233 etmanu
1066 1170 1207 1232 alteraE
1231 1169 1353 1229 discede
1377 1169 1554 1249 aequalibus
1578 1168 1674 1231 iuter·

344 1262 363 1310 1
507 1258 595 1319 vallis
620 1260 733 1322 alinea
746 1261 812 1329 AB,
837 1260 880 1321 sic
899 1270 933 1323 ut
955 1279 1060 1322 manus
1084 1260 1182 1321 altera
1202 1265 1234 1319 et
1256 1257 1297 1318 tili
1321 1264 1413 1337 caput
1436 1276 1556 1337 semper
1579 1257 1608 1319 in
1622 1256 1677 1320 En

507 1355 637 1420 maneat,
661 1349 799 1429 filumque
823 1348 882 1410 DG
907 1367 1026 1428 semper
1049 1349 1109 1427 ipsi
1132 1347 1189 1409 AB
1213 1346 1396 1425 parallelum
1422 1345 1471 1407 via
1495 1344 1560 1415 OD,
1586 1365 1674 1425 quarn

323 1432 449 1511 graphio
473 1434 649 1511 signaveris,
675 1439 733 1500 erit
756 1438 909 1516 parabule.

411 1520 481 1583 Dixi
506 1522 580 1584 liaeo
604 1525 641 1585 de
665 1526 848 1587 sectionibus
871 1525 983 1588 conicis
1008 1530 1093 1585 tantu
1117 1520 1274 1596 libentius,
1299 1520 1376 1600 quod
1401 1540 1458 1583 non
1483 1529 1602 1584 tantum
1626 1522 1674 1585 hie

324 1606 468 1670 dimensio
493 1613 704 1675 refractionum
727 1615 757 1677 id
782 1614 961 1694 requirebat,
986 1613 1039 1673 sed
1064 1612 1156 1674 etiam
1177 1609 1257 1672 infra
1279 1608 1308 1669 in
1337 1618 1477 1671 anatome
1501 1611 1579 1673 oculi
1604 1631 1675 1673 usna

325 1715 428 1759 earum
452 1701 619 1778 apparebit.
665 1703 740 1764 Tum
764 1702 854 1763 etiam
879 1703 957 1764 inter
984 1701 1172 1780 problemata
1202 1697 1410 1759 observatoria
1436 1698 1548 1760 mentio
1572 1718 1675 1762 earum

321 1784 381 1846 erit
412 1785 550 1849 iacienda
581 1790 696 1851 duobus
727 1792 811 1854 locis.
858 1791 994 1869 Denique
1018 1790 1056 1849 ad
1088 1786 1352 1869 praestantissima
1383 1787 1483 1867 optica
1516 1788 1674 1850 machina-

322 1882 434 1946 menta,
460 1877 497 1936 ad
522 1878 669 1956 pensilem
688 1880 716 1940 iu
733 1888 802 1941 atre
826 1880 1020 1941 statuendam
1039 1878 1209 1956 imaginem,
1235 1874 1273 1936 ad
1293 1875 1438 1953 imagines
1461 1876 1674 1955 proportiona-

322 1960 390 2024 liter
414 1965 579 2041 augendas,
604 1966 642 2027 ad
663 1968 746 2046 ignes
771 1968 983 2042 incendendos,
1008 1967 1046 2027 ad
1065 1967 1179 2028 infinite
1203 1964 1446 2036 comburendum,
1469 1965 1675 2028 consideratio

321 2069 421 2112 earum
445 2053 534 2132 plane
559 2062 608 2117 est
630 2057 810 2118 necessaria.

304 2187 308 2202 '
416 2192 447 2255 5.
480 2191 666 2264 Quodnam
689 2216 802 2275 genus
831 2195 1083 2276 quantitatum
1111 2193 1365 2257 retractiones
1389 2194 1579 2255 metiatur.

408 2316 442 2375 In
475 2317 595 2379 cunicas
629 2319 781 2382 sectiones
811 2320 924 2399 optima
961 2318 1102 2381 methodo
1135 2319 1314 2383 incideram:
1349 2327 1382 2380 at
1414 2318 1544 2380 nondum
1577 2318 1675 2380 omniu

320 2404 490 2484 ambigendi
523 2426 615 2468 causa
645 2415 711 2469 erat
743 2409 875 2470 sublata.
927 2407 1047 2470 Etenim
1081 2427 1146 2470 cum
1178 2409 1240 2471 sint
1272 2408 1357 2469 uobis
1386 2408 1424 2468 ad
1457 2405 1675 2469 dimetiendum

319 2492 494 2571 propositae
524 2494 657 2556 infinitae
690 2497 854 2560 mediorum
885 2499 1003 2577 species
1034 2496 1185 2558 densitate
1219 2497 1410 2570 differentes,
1445 2497 1483 2558 ab
1517 2514 1565 2569 ea,
1600 2513 1677 2575 qnae

320 2580 453 2643 infinitae
485 2581 647 2645 densitatis
679 2586 826 2647 rationem
861 2586 971 2648 babere
1001 2585 1133 2664 fingitur,
1168 2605 1260 2666 usque
1293 2585 1331 2646 ad
1365 2603 1447 2658 eam,
1480 2602 1556 2663 quae
1586 2585 1676 2662 plane

319 2669 430 2732 nullam
455 2671 548 2732 habet
571 2672 768 2736 densitatem:
794 2675 835 2736 sit
857 2694 928 2737 veru
952 2675 980 2736 in
1006 2675 1254 2736 antecedentibus
1278 2675 1528 2746 demonstratum,
1558 2671 1676 2733 dimen-

318 2756 432 2820 sionem
467 2760 642 2839 angulorum
676 2764 867 2825 retractionis
898 2782 951 2843 per
985 2763 1120 2823 diuersas
1151 2763 1224 2825 lucis
1257 2762 1436 2823 incidentiae
1471 2761 1500 2821 in
1533 2760 1678 2822 densiora

320 2846 420 2909 modia
452 2849 615 2926 petendam
648 2870 714 2911 esse
749 2852 905 2932 (analogia
938 2853 1101 2922 invitante)
1134 2851 1172 2912 ab
1206 2851 1324 2930 angulis
1359 2867 1590 2929 repercussuum
1623 2868 1678 2930 per

319 2934 458 2997 diversas
483 2937 558 2998 lucis
582 2938 763 3001 incidentias
787 2942 815 3003 in
840 2960 974 3002 concava
996 2940 1139 3019 specula:
1165 2941 1291 3001 alterurn
1311 2939 1430 3019 quidem
1454 2947 1623 2999 extremum
1648 2939 1676 2999 in

319 3023 461 3102 analogia
496 3025 570 3085 bene
604 3029 786 3105 quadrabat,
820 3030 949 3091 medium
980 3047 1085 3107 nempe
1117 3027 1328 3089 densissimum
1357 3028 1394 3087 ad
1426 3028 1516 3089 situm
1547 3027 1623 3089 lucis
1648 3027 1677 3088 iu

321 3112 387 3172 locu
411 3113 593 3190 paraboles:
618 3126 779 3196 propterea
803 3118 894 3197 qnod,
929 3118 1015 3178 utin
1040 3116 1218 3178 densissimo
1250 3115 1325 3177 radii
1350 3124 1419 3194 pust
1453 3115 1677 3186 refractionem,

320 3198 364 3261 sic
389 3201 438 3278 qui
463 3221 501 3262 eu
526 3203 592 3264 foco
616 3206 777 3282 parabules
801 3216 872 3284 post
895 3225 1102 3285 repercussum
1126 3205 1263 3282 paralleli
1287 3206 1370 3265 liunt.

410 3290 455 3350 At
478 3291 515 3350 de
545 3294 776 3356 succedentibus
810 3295 912 3356 ordine
946 3293 1052 3357 mediis
1081 3293 1177 3354 ruinns
1206 3294 1306 3354 densis
1340 3292 1468 3354 nondum
1501 3292 1677 3365 constabat,

322 3394 462 3455 quorsum
496 3391 600 3441 essent
631 3385 901 3456 accommodanda,
938 3392 1034 3444 utrum
1059 3383 1097 3442 ad
1132 3382 1267 3445 diversos
1298 3383 1372 3443 lucis
1405 3381 1481 3441 situs
1506 3379 1534 3440 in
1569 3382 1678 3442 eadem

320 3467 468 3544 parabola
492 3468 570 3529 infra
595 3471 707 3543 locum,
738 3473 781 3533 sic
805 3481 839 3533 ut
859 3471 1004 3541 medium,
1038 3471 1067 3531 in
1092 3489 1148 3550 quo
1173 3473 1256 3551 nulla
1278 3472 1311 3532 lit
1334 3469 1492 3541 retractio,
1524 3470 1680 3547 pertineat

321 3556 360 3615 ad
385 3555 476 3617 sitnm
502 3558 577 3618 lucis
602 3559 630 3620 in
646 3561 713 3638 ipsa
725 3579 808 3623 ‚cava
830 3562 986 3639 superficie
1006 3580 1059 3622 seu
1082 3562 1194 3622 uertice
1217 3560 1393 3639 parabules:
1419 3576 1457 3619 an
1474 3576 1545 3618 utero
1564 3558 1678 3638 potius,

319 3643 391 3723 quia
414 3646 560 3723 parabole
581 3656 628 3707 est
652 3658 870 3709 extremarum
895 3649 1124 3727 lryperbolarum
1144 3661 1207 3709 tnrn
1226 3647 1383 3726 ellipsium,
1408 3646 1508 3707 media
1531 3647 1680 3726 gradibus

319 3733 542 3795 adeusissimo
577 3736 759 3810 dill'erentia,
793 3738 840 3797 uel
866 3737 904 3797 ad
936 3736 1037 3797 varias
1070 3736 1251 3816 hyperbolas
1279 3736 1328 3797 uel
1352 3736 1389 3796 ad
1417 3734 1519 3795 uarias
1552 3735 1680 3815 ellipses

319 3822 587 3895 accommodanda,
622 3826 665 3886 sic
691 3834 724 3885 ut
746 3845 864 3905 semper
895 3833 1017 3886 maneat
1040 3825 1116 3885 situs
1149 3825 1224 3886 lucis
1248 3824 1277 3884 in
1308 3825 1372 3886 luco
1407 3823 1560 3884 sectionis.
1609 3823 1679 3896 Quo

317 3917 408 3987 pacto
441 3911 538 3971 medio
563 3911 604 3972 illi
634 3914 712 3992 quud
745 3914 926 3976 refractione
963 3923 1047 3974 carot
1076 3913 1136 3974 illic
1170 3923 1254 3974 recta
1282 3932 1334 3973 seu
1364 3914 1486 3992 planum
1521 3914 1680 3990 speculum

318 3996 487 4072 deberetur,
508 3999 555 4060 hic
571 4000 761 4078 sphaericum
781 4022 955 4064 concavum.
995 4000 1096 4073 Quare
1116 4022 1173 4063 non
1190 4002 1371 4062 intentatum
1391 4000 1497 4079 reliqui
1517 4000 1680 4079 inquirere,

318 4105 357 4149 an
381 4086 504 4148 cuilibet
528 4090 625 4150 medio
649 4111 704 4151 sira
728 4100 811 4153 esset
833 4090 1006 4173 hyperbole.
1044 4092 1123 4152 Nam
1147 4090 1172 4151 si
1197 4092 1263 4151 luca
1286 4090 1448 4167 imaginum
1467 4087 1496 4149 iu
1521 4110 1601 4170 aqua
1624 4107 1681 4169 per

317 4193 421 4237 omnes
455 4176 663 4238 inclinationes
688 4180 807 4258 punctis
841 4181 959 4260 signes,
994 4178 1220 4240 adumbrabitnr
1248 4178 1462 4257 propemodum
1496 4177 1677 4258 hyperbole,

318 4265 396 4343 quud
420 4265 506 4326 tidem
530 4277 630 4344 auget.
668 4267 805 4346 Exempli
831 4268 933 4347 itaque
957 4288 1049 4330 causa
1073 4286 1126 4345 pro
1151 4267 1381 4328 retractionibus
1411 4285 1507 4345 aquae
1540 4277 1681 4330 sumatur

318 4351 347 4411 in
372 4353 565 4414 inclinatione
586 4350 648 4415 80ο
663 4355 803 4416 retractio
825 4353 893 4430 30⁰,
914 4358 1062 4416 refractus
1083 4353 1143 4417 50⁰
1158 4373 1195 4415 ex
1210 4355 1387 4416 Vitellione.
1423 4354 1465 4415 Et
1484 4355 1526 4416 sit
1541 4364 1610 4429 (lig.
1630 4361 1679 4425 tu)

319 4439 343 4500 B
368 4440 462 4515 locrus,
486 4443 516 4503 A
539 4444 716 4520 oppositus:
742 4445 779 4504 nd
806 4452 947 4523 punctum
966 4444 1001 4516 Β,
1028 4444 1137 4504 lineam
1160 4443 1217 4504 BA
1241 4443 1368 4520 angulus
1388 4439 1451 4505 80⁰
1474 4456 1677 4522 comparetur,

319 4529 368 4606 qui
393 4530 433 4590 sit
457 4528 550 4591 CBA.
599 4531 650 4591 Sic
675 4532 712 4591 ad
736 4544 879 4610 punctum
904 4534 948 4602 A,
980 4531 1088 4591 lineam
1112 4531 1169 4591 AB
1201 4532 1327 4610 angulus
1358 4533 1506 4593 refractus
1531 4529 1600 4604 50⁰,
1627 4535 1678 4612 qui

319 4616 360 4678 ait
384 4617 477 4692 CAB,
508 4627 539 4678 ct
563 4625 672 4679 collant
695 4619 762 4692 AC,
788 4618 841 4681 BC
866 4620 894 4679 in
921 4617 956 4679 C.
1005 4617 1080 4681 Cum
1106 4639 1177 4696 ergo
1207 4620 1248 4681 sit
1271 4620 1297 4680 B
1321 4617 1383 4682 80⁰
1413 4629 1445 4681 et
1467 4622 1496 4682 A
1522 4615 1592 4694 50⁰,
1618 4622 1679 4684 erit

318 4715 349 4763 et
374 4706 510 4767 residuus
536 4706 560 4768 C
586 4705 646 4769 50ο
669 4716 700 4767 ct
724 4709 794 4782 AB,
819 4705 872 4769 BC
906 4708 1057 4785 aequales.
1106 4707 1208 4779 erare
1238 4709 1263 4770 si
1287 4708 1342 4770 AB
1373 4709 1413 4771 sit
1441 4706 1584 4781 100000,
1619 4710 1679 4773 erit

319 4791 374 4853 AC
403 4791 540 4856 128558.
590 4796 646 4856 list
671 4815 740 4856 reru
771 4806 802 4858 et
826 4795 879 4856 BC
909 4792 1052 4867 100000,
1083 4816 1227 4857 excessus
1256 4817 1326 4875 ergo
1349 4796 1407 4859 AC
1437 4816 1526 4876 snper
1549 4796 1603 4861 BC
1628 4808 1678 4863 est

318 4875 438 4943 28558.
487 4884 542 4944 list
566 4904 637 4962 ergo
663 4882 772 4947 28558
796 4903 849 4964 per
873 4884 927 4958 lll,
953 4884 1005 4945 51.
1031 4886 1185 4963 Apollonii
1215 4884 1294 4946 linea
1317 4885 1396 4947 inter
1424 4887 1554 4948 vertices
1578 4906 1676 4968 oppo-

319 4967 443 5030 sitarum
472 4972 637 5034 sectionum
660 4993 714 5035 seu
738 4974 804 5036 axis
824 4972 889 5036 DE.
937 4975 1032 5036 Aulbr
1055 4973 1111 5036 DE
1135 4969 1244 5038 28558
1267 4974 1305 5035 ab
1328 4973 1385 5036 AB
1412 4971 1552 5050 100000‚
1577 4987 1678 5040 restat
