3692 5842
548 494 648 546 Literae
666 494 768 560 Kepleri
786 493 939 560 aliorumque
956 501 1067 546 mutuae.
1419 493 1483 563 755

131 673 252 740 limga
270 687 346 737 atyn,
372 671 487 723 hierllber
509 673 575 723 anob
600 674 670 723 celae
688 672 825 723 Gedanhen
843 688 875 723 ιι
893 673 1019 738 credatu,
1046 671 1113 722 vollt
1129 672 1171 723 ich
1193 672 1231 722 nit
1247 672 1411 731 nuterlassen,
1430 690 1483 724 ver·

130 745 238 796 masat
255 744 287 796 D.
307 743 424 800 Entales,
443 758 470 792 so
486 747 539 807 leat
555 745 595 800 bel
613 744 787 811 Wllrtemberg
803 745 887 795 atarck
905 744 1042 811 gebraucht
1059 744 1133 802 vird,
1154 744 1206 795 aad
1222 745 1270 794 mir
1284 744 1349 795 vohl
1367 753 1484 806 remant,

131 809 180 868 Ῑιο
197 816 231 866 Ι).
250 815 410 886 Maeedinum
429 814 505 865 dahin
523 831 555 866 ιι
572 816 731 866 vermahnen.
768 816 810 865 Da
826 816 868 867 ich
886 818 927 867 dic
945 817 1049 881 Beirorg
1066 823 1138 881 trag,
1159 830 1186 866 er
1203 824 1274 865 haue
1292 818 1342 874 nit,
1360 818 1412 868 und
1430 832 1484 867 rer·

131 888 230 946 meina,
254 902 315 938 nean
338 886 410 936 volta
436 888 505 937 aeine
524 887 661 939 Gadanken
679 889 823 952 explaeiren,
850 888 902 937 and
928 887 1039 937 hemach
1056 903 1097 937 arn
1116 901 1143 937 so
1160 886 1208 937 rial
1225 888 1296 938 mehr
1320 889 1397 939 wider
1415 891 1484 939 scine

131 957 234 1010 Sachsn
251 959 386 1009 invehiren.
410 957 451 1007 lta
462 958 528 1008 enin
545 959 659 1009 ridentur
675 973 754 1009 mores
767 957 918 1024 ct'tempora
934 961 1040 1009 virorum
1058 959 1184 1010 doctorum
1201 958 1273 1022 balaa
1290 960 1367 1011 seenll
1383 975 1444 1026 prae
1456 973 1485 1012 se

130 1030 205 1082 iure.
242 1029 275 1093 (a
293 1031 370 1082 literis
388 1029 470 1080 nan.
490 1029 514 1080 d.
533 1031 558 1080 d.
578 1026 620 1079 24.
641 1029 710 1094 Sept.
730 1027 820 1092 1002.)
1141 1095 1145 1102 .

222 1101 343 1165 Literae
366 1110 435 1163 tuas
458 1102 617 1181 Magnifice
642 1110 674 1164 et
695 1102 889 1165 Nobilissime
913 1102 980 1177 Vir,
1005 1108 1485 1180 umndtxaplsras(7.,oet.1602)

132 1191 200 1255 heri
233 1192 338 1271 accepi
370 1211 389 1251 a
416 1190 517 1271 legato
547 1200 660 1274 vestro,
689 1192 753 1253 'De
783 1190 948 1254 Maestlino
981 1192 1172 1255 sollicitando
1201 1192 1358 1255 commoda
1391 1192 1486 1254 habes

129 1279 244 1345 media.
280 1281 360 1344 Nam
385 1279 499 1361 siquid
523 1280 697 1343 insidiarum
719 1280 816 1361 ipsum
831 1289 921 1361 putas
943 1289 1086 1357 metuere,
1111 1281 1142 1344 id
1160 1281 1260 1363 ipsum
1280 1281 1330 1344 ubi
1344 1281 1384 1343 D.
1404 1281 1485 1343 Ens-

128 1369 195 1432 lino
217 1369 443 1450 significaveris,
468 1369 519 1431 ille
542 1379 574 1432 et
591 1369 747 1434 Maestlini
770 1369 924 1434 securitati
949 1380 1068 1434 cautum
1092 1391 1159 1434 csse
1184 1371 1334 1450 intelliget
1355 1379 1388 1432 et
1410 1389 1485 1451 snp-

128 1478 241 1541 preaso
273 1459 392 1522 nomine
424 1476 600 1539 responsum
627 1460 661 1522 iu
693 1461 736 1522 M.
767 1461 802 1522 Τ.
835 1459 966 1540 gratiam
993 1460 1185 1522 nihilosecius
1216 1460 1417 1541 extorquebit.
1444 1492 1485 1501 -

130 1546 200 1614 (Vir,
219 1563 294 1614 quem
308 1548 455 1600 Hemrtna
473 1547 506 1598 ad
523 1548 691 1614 instigandam
703 1548 862 1599 Maestlinnm
875 1548 908 1598 ad
920 1549 1078 1600 scribendam
1095 1549 1215 1615 elegerat,
1232 1548 1378 1602 Matthaeus
1391 1548 1486 1607 Enalin,

89 1608 115 1654 0
128 1619 300 1741 uuumzlat
315 1619 357 1670 ille
370 1618 539 1753 Ganyeellarlns
550 1618 628 1671 Dacia
640 1619 757 1671 friderici
769 1620 983 1686 wurtembergict
1001 1622 1042 1684 qul
1060 1634 1127 1670 anno
1147 1617 1223 1679 161³,
1243 1627 1338 1692 mortno
1350 1620 1484 1678 Fridericc,
1582 1613 1587 1622 ’

182 1693 217 1744 ite
287 1698 356 1742 toas
375 1697 420 1741 sat
452 1714 488 1725 -

131 1705 182 1818 erp
222 1769 253 1824 ln
270 1771 348 1823 literis
366 1772 390 1823 d
413 1771 454 1822 12.
471 1769 534 1822 Nor.
555 1767 632 1821 1002.
651 1770 685 1823 ad
702 1771 858 1822 flervartmn
877 1770 942 1822 datis
959 1770 1025 1822 haee
1043 1772 1141 1836 ecrlpelt
1157 1770 1340 1837 Keplerna:
1366 1763 1486 1825 Maest-

130 1852 188 1916 lini
198 1852 343 1933 judicium
354 1852 440 1914 avide
451 1861 602 1932 exspecto.
618 1852 771 1915 Perennat
784 1853 874 1915 stella
884 1852 949 1934 jam
965 1871 1074 1916 annum
1084 1851 1160 1920 visa.
1180 1851 1266 1926 Quae
1281 1852 1425 1935 cogitatio
1440 1871 1487 1914 me

130 1941 246 2006 exurit·
275 1943 312 2005 In
330 1942 590 2006 observationibus
604 1943 770 2024 dychonis,
791 1962 849 2023 qua
861 1953 949 2023 parte
970 1943 1152 2024 descriptum
1166 1962 1269 2007 earum
1288 1944 1394 2018 habeo,
1414 1942 1488 2003 nihil
1510 1957 1514 1964 ·

130 2031 256 2094 adrem
279 2025 394 2094 faciens
416 2031 527 2106 inveni,
551 2031 607 2093 nisi
631 2032 707 2093 hanc
731 2031 914 2094 levissimam
937 2033 1157 2113 conjecturam:
1182 2033 1210 2095 d.
1231 2030 1367 2096 aaran.
1392 2027 1487 2094 1600.

103 2141 106 2146 ·
132 2120 304 2184 Mercurius
334 2120 541 2183 consideratus
574 2130 623 2182 est
654 2120 693 2182 ad
718 2121 888 2195 „lucidam“
913 2121 943 2183 in
966 2129 1089 2202 pectore
1113 2119 1230 2205 Cygni,
1262 2131 1352 2204 atque
1384 2120 1489 2182 statim

121 2219 246 2292 postea
278 2219 402 2272 notatur
435 2203 582 2272 distantia
603 2209 789 2290 simpliciter
813 2231 832 2272 a
856 2212 1017 2291 ,pectore“
1043 2209 1152 2293 Cygni.
1195 2211 1241 2274 Et
1276 2229 1380 2272 vocem
1412 2209 1489 2272 hauc

135 2298 310 2376 ,luci'dam“
336 2298 428 2361 etiam
452 2298 549 2361 minus
578 2298 684 2362 lucidis
718 2299 821 2362 inferri
848 2299 992 2379 probatur
1015 2299 1159 2379 exemplis
1183 2300 1342 2362 eorundem
1376 2299 1489 2362 dierum

132 2388 332 2469 promiscuis:
358 2388 475 2450 Lucida
496 2387 631 2461 Arietis,
665 2388 765 2450 lucida
786 2389 919 2471 Hydrae,
944 2389 1045 2451 lucida
1074 2390 1183 2470 capitis
1207 2389 1337 2464 Leonis,
1363 2389 1488 2450 cervicis

132 2478 264 2555 Leonis,
278 2478 390 2542 caudae
407 2474 476 2540 ceti
491 2478 543 2540 &c
583 2478 645 2539 lmo
661 2479 730 2539 dum
745 2471 901 2540 considero
924 2475 1108 2542 consensum
1119 2479 1340 2556 distantiarum,
1356 2477 1488 2558 reliquae

130 2586 189 2648 per
212 2568 376 2630 australem
408 2567 522 2630 caudae
547 2563 616 2629 Ceti
639 2576 670 2628 et
694 2587 727 2629 os
750 2567 862 2648 Pegasi
895 2577 1043 2650 reponunt
1066 2570 1088 2646 ζῖ
1111 2567 1139 2629 in
1164 2563 1226 2631 22⁰
1247 2585 1313 2643 ce,
1342 2567 1397 2630 lat.
1427 2567 1488 2628 bor.

133 2651 177 2720 0'-
200 2654 263 2732 30‘,
288 2675 376 2738 quem
409 2658 504 2718 locum
528 2663 560 2717 et
582 2656 657 2718 dant
677 2656 893 2737 Ephemerides
926 2657 1005 2719 iutra
1028 2652 1076 2719 2⁰.
1122 2658 1168 2720 At
1197 2655 1343 2720 distantia
1370 2655 1515 2736 ab'hac·

134 2745 238 2810 lucida
262 2745 360 2829 Cygni
390 2754 438 2807 est
464 2741 527 2810 48⁰
548 2742 612 2820 522
645 2744 730 2826 quasi
762 2755 845 2808 esset
874 2746 927 2808 illa
959 2746 987 2808 in
1019 2754 1156 2826 pectore,
1189 2765 1256 2808 cum
1288 2744 1401 2807 habeat
1430 2743 1488 2805 lat.
1552 2755 1560 2796 .·’
1605 2819 1617 2829 ·

134 2831 274 2899 599'10‘
297 2836 362 2900 bor.
386 2835 485 2916 sitque
508 2836 589 2897 circa
607 2832 668 2898 20⁰
682 2849 737 2909 m,
762 2844 920 2916 reponeret
944 2837 966 2913 p
989 2835 1164 2914 longissime
1187 2836 1218 2897 in
1242 2835 1487 2916 septentrionem.

133 2924 334 2988 Manifestum
358 2934 406 2987 est
429 2924 537 3005 igitur,
569 2924 647 3005 quod
680 2926 855 2988 observator
879 2924 1025 2990 erraverit
1048 2925 1077 2985 in
1106 2926 1240 2999 nomine;
1274 2924 1378 2986 debuit
1409 2924 1488 2984 enim

133 3013 268 3078 scribere
294 3014 444 3088 ,lucidam
467 3013 496 3075 in
520 3033 633 3076 ancone
657 3012 805 3076 inferioris
829 3014 929 3090 alae“,
955 3033 1030 3094 quae
1054 3013 1148 3075 habet
1171 3016 1222 3076 lat.
1246 3010 1307 3077 49⁰
1330 3009 1396 3082 26¹,
1421 3021 1487 3075 est-

133 3121 194 3184 que
216 3103 246 3165 in
271 3098 332 3166 22⁰
357 3101 407 3165 10‘
431 3105 487 3163 'x
534 3103 632 3183 Hujus
665 3120 735 3181 ergo
768 3103 915 3165 distantia
946 3122 1013 3165 cum
1045 3102 1167 3183 reliquis
1202 3104 1317 3164 duabus
1348 3103 1377 3165 in
1411 3102 1489 3164 idem

131 3191 278 3273 punctum
301 3192 453 3272 coincidit.
499 3191 647 3254 Lucidum
671 3191 745 3254 dicit
767 3202 857 3254 notae
881 3211 983 3268 causa,
1009 3211 1075 3254 cum
1099 3194 1135 3254 de
1160 3192 1220 3255 situ
1244 3192 1421 3273 ambigeret.

148 3309 151 3316 '
225 3297 421 3350 Hervartna
439 3299 565 3364 respondit
584 3296 825 3363 [20.Νοἰ.1002);
845 3299 877 3348 Ι).
896 3298 1030 3352 Maeatlino
1048 3298 1098 3348 hab
1116 3300 1157 3350 ich
1174 3314 1217 3348 ror
1235 3299 1328 3350 diesem
1347 3299 1391 3349 des
1408 3312 1489 3349 neuen

133 3369 224 3422 Storna
241 3370 330 3421 halher
346 3370 508 3436 geachrieben
526 3370 627 3436 gebabt,
647 3371 707 3421 aber
724 3372 783 3420 hein
797 3373 910 3421 Antvort
928 3370 1082 3420 behommen.
1108 3370 1141 3421 So
1159 3370 1210 3419 hab
1228 3369 1272 3420 leh
1290 3370 1340 3420 ihm
1357 3371 1489 3420 rriedemm

132 3442 214 3494 durch
232 3442 263 3492 D.
284 3443 390 3494 Entalen
409 3442 537 3493 schreiben
554 3443 650 3503 vollen,
669 3445 702 3492 ist
718 3444 766 3491 mir
784 3443 843 3493 aher
861 3443 900 3492 mr
917 3444 1006 3508 genias
1025 3450 1116 3507 geeagt
1133 3442 1241 3498 worden,
1261 3442 1298 3491 als
1317 3458 1361 3505 sey
1379 3457 1406 3493 er
1423 3442 1489 3490 Tods

132 3513 305 3565 renchieden.
341 3514 398 3563 Und
417 3529 482 3563 zvar
499 3515 545 3563 mit
563 3514 649 3564 diesen
668 3514 837 3570 Umattnden,
856 3514 914 3564 dass
933 3515 1003 3563 erin
1021 3514 1117 3564 calculo
1135 3514 1189 3563 sich
1207 3514 1298 3580 geirrt,
1318 3514 1431 3570 darliber,
1452 3513 1489 3562 als

131 3585 188 3637 ihm
205 3585 301 3635 sclches
318 3586 475 3636 demonatrirt
492 3585 600 3642 worden,
618 3587 644 3635 in
663 3588 704 3635 ein
722 3585 911 3636 melancholiam
930 3584 1057 3649 genthon,
1077 3584 1143 3636 anch
1160 3585 1251 3634 darauf
1267 3585 1319 3635 also
1338 3586 1392 3635 sein
1403 3584 1489 3634 Leben

133 3655 247 3724 geehdat
262 3654 345 3707 haben
363 3656 431 3708 solle-
467 3656 536 3706 Bitte
553 3657 628 3712 mich,
648 3659 679 3708 ob
697 3657 753 3706 dem
772 3657 833 3712 also,
852 3671 883 3705 an
901 3655 1037 3706 berichten.

224 3736 388 3802 Keplerns
406 3739 517 3787 meribit
535 3733 591 3799 (12.
610 3736 668 3786 Jan.
688 3733 785 3799 1003);
813 3729 960 3790 Fabulam
989 3729 1025 3788 de
1049 3727 1211 3789 Maeslllno
1236 3727 1278 3789 M.
1304 3728 1387 3790 Tuae
1410 3726 1489 3789 reci-

133 3824 235 3884 cacam
266 3819 398 3899 percepi.
453 3819 569 3880 Vemm
601 3819 703 3888 fabula
735 3825 806 3879 tunc
839 3817 957 3899 quidem
988 3816 1055 3878 luit.
1110 3815 1190 3887 Quid
1220 3816 1337 3877 interea
1367 3816 1488 3890 accidit,

135 3909 257 3990 ignoro.
290 3906 387 3970 Biduo
411 3926 539 3988 namque
562 3916 723 3989 postquam
745 3907 788 3968 Μ.
805 3908 840 3968 Τ.
864 3905 997 3986 scripsit,
1021 3904 1140 3986 quidam
1165 3925 1202 3965 ex
1220 3904 1357 3986 Tubinga
1381 3907 1419 3967 ad
1443 3925 1490 3966 me

133 3996 333 4080 perscrlpsit,
358 4004 391 4058 et
412 3996 568 4059 Maestlini
591 3996 709 4078 quidem
733 3995 882 4058 mentione
906 3995 1007 4067 lacta,
1037 3996 1112 4055 adeo
1136 4002 1169 4055 ut
1191 3994 1384 4074 polliceretur
1406 3994 1491 4080 brevi

134 4085 264 4161 literas,
296 4085 374 4148 hunc
406 4106 509 4148 casum
532 4106 590 4147 non
621 4087 782 4148 recensuit.
830 4085 943 4146 Verum
974 4083 1092 4162 quidem
1116 4084 1235 4158 est,·in
1260 4085 1490 4148 melancholiam

132 4174 244 4240 incidit
257 4176 296 4239 ob
311 4176 412 4256 lugam
427 4175 489 4248 lilii,
511 4193 611 4256 quem,
635 4176 729 4254 ajunt,
753 4173 863 4236 alicubi
878 4173 958 4255 apud
973 4172 1108 4258 Jesuitas
1123 4171 1255 4234 latitare.
1296 4179 1330 4245 (v.
1349 4198 1370 4232 s.
1387 4199 1413 4247 p.
1436 4179 1492 4243 13.)

228 4261 278 4315 Die
297 4262 340 4314 28.
359 4264 418 4315 Jnn.
441 4261 517 4313 1002.
537 4264 635 4327 scripsit
652 4263 812 4313 Herwartus:
830 4261 891 4312 Was
910 4262 941 4311 de
959 4276 1024 4311 nora
1042 4260 1115 4311 stella
1133 4260 1213 4326 Cygni
1238 4270 1359 4329 angeregt
1381 4263 1490 4320 worden,

133 4336 247 4388 habich
265 4336 372 4387 etlicben
385 4335 465 4385 Math.
484 4335 598 4384 studiosis
616 4335 747 4399 gemeldet,
766 4335 815 4384 hab
828 4335 887 4384 aber
905 4332 1039 4390 befnnden,
1058 4333 1115 4382 dass
1133 4333 1215 4382 bichor
1226 4333 1283 4384 hein
1297 4334 1491 4384 Mathematicus

134 4393 367 4462 &er-Laudant
384 4407 468 4457 diesen
487 4420 576 4456 noram
598 4406 697 4457 stellam
722 4407 851 4462 observirt,
877 4404 914 4454 bis
933 4405 1059 4454 aal‘meln
1078 4404 1224 4454 hamelden.
1261 4405 1324 4454 Hohl
1337 4408 1363 4455 in
1380 4405 1491 4456 Knraem

134 4481 196 4532 dem
213 4478 294 4529 Herrn
312 4480 494 4528 observationes
511 4475 701 4528 auaaschichen.
739 4476 782 4527 lcb
801 4476 851 4525 hab
873 4489 970 4542 ungara
994 4489 1165 4535 remommen,
1192 4469 1249 4525 dass
1268 4477 1311 4525 der
1328 4476 1393 4526 Herr
1409 4478 1491 4541 wenlg

133 4548 268 4617 nomang
284 4557 360 4617 eraut,
380 4550 466 4599 desen
485 4548 557 4599 Stern
576 4564 620 4613 per
638 4551 802 4598 instrumenta
820 4547 943 4610 Tycbonis
963 4547 1045 4596 Brahe
1064 4560 1094 4595 ιι
1113 4548 1250 4597 obserriren
1270 4546 1360 4612 (comp.
1384 4564 1409 4614 p.
1430 4545 1490 4605 052,

135 4618 214 4684 004),
233 4622 285 4673 aad
301 4622 383 4672 lllrcht
401 4619 513 4677 deshalb,
531 4635 589 4670 man
608 4620 689 4670 werde
707 4618 849 4669 schwerlicb
868 4619 913 4669 aul
929 4618 978 4668 den
996 4617 1080 4670 Grund
1098 4617 1221 4667 hommen.

227 4693 309 4742 Wann
327 4693 368 4742 leh
386 4693 441 4742 dem
460 4691 540 4742 Herm
558 4692 694 4757 gntwillige
713 4689 903 4756 wultahrigksic
924 4691 1042 4740 erweieen
1060 4689 1137 4747 laun,
1156 4689 1197 4738 bin
1215 4690 1266 4739 und
1284 4690 1348 4742 bleih
1365 4690 1408 4741 ich
1425 4689 1491 4741 dana

135 4765 225 4818 allaeit
241 4778 307 4832 gana
325 4765 400 4830 crillig
417 4764 468 4814 und
485 4765 594 4830 geneigt.

126 4861 131 4870 =
228 4835 258 4888 P.
271 4835 298 4887 S.
322 4836 406 4886 Wann
418 4836 462 4885 der
472 4836 536 4885 Herr
549 4836 643 4885 seinana
654 4834 788 4885 Verbahen
800 4832 866 4884 nach
877 4833 931 4882 sein
944 4832 1093 4883 domicllinm
1109 4831 1242 4882 tutudert
1253 4833 1305 4883 und
1316 4832 1369 4884 sich
1387 4833 1492 4883 anderer

135 4909 218 4961 Orten
235 4907 384 4966 nlederthut,
402 4907 449 4957 bitt
466 4906 508 4959 ich
518 4907 584 4958 mich
602 4907 690 4957 dessen
703 4922 734 4956 au
746 4906 868 4956 erinnem.
882 4928 916 4938 -
931 4904 1000 4966 Quae
1018 4903 1102 4954 literae
1113 4901 1180 4953 brari
1191 4903 1241 4954 hae
1259 4906 1406 4955 subsecutae
1424 4911 1489 4954 aunt.

386 4997 470 5056 Edler,
489 4996 638 5048 Ehrnrester
654 4996 706 5047 and
723 4994 926 5065 Hcchgalehrter.

227 5069 300 5124 anau
316 5068 387 5123 aelnd
403 5069 485 5122 melae
501 5068 680 5136 heundvlllige
696 5067 802 5123 Dlenete
820 5066 901 5120 beroa
926 5063 1035 5117 Suadere
1052 5064 1130 5117 lieber
1144 5062 1209 5117 Herr
1226 5066 1277 5117 and
1294 5071 1367 5133 gutm
1384 5063 1491 5116 Frennd.

1218 5150 1275 5206 te·
