3692 5842
719 438 803 505 cuae
819 438 890 499 VIII·
911 436 936 489 3.
1442 448 1507 524 319

232 609 412 689 Huiusmodi
441 610 511 690 quid
542 610 684 674 credibile
711 620 760 675 est
787 615 879 677 etiam
910 615 990 678 circa
1014 615 1115 680 Solem
1149 622 1213 684 fieri
1244 643 1355 703 posse,
1387 627 1506 706 qnando

141 698 232 762 Luna
254 696 316 778 ipsi
338 697 535 779 interjicitar:
569 708 603 761 nt
626 700 690 763 sive
715 708 782 773 abr,
816 704 881 766 sive
911 705 1001 766 etiarn
1031 709 1174 772 aetherea
1206 713 1394 788 substantia,
1429 735 1505 795 quae

142 805 201 849 non
225 795 276 847 est
299 787 420 850 omnino
444 788 533 856 nihil,
562 789 617 849 sed
641 810 726 851 suam
751 812 867 872 quoque
896 794 1058 858 densitatis
1087 800 1235 863 rationem
1259 803 1365 879 habet,
1391 824 1410 865 a
1433 804 1505 866 Sole

141 876 299 938 illustrata
320 877 510 957 splendorem
534 878 704 958 concipiat,
730 882 779 958 qui
804 880 876 944 Sole
907 884 1059 945 occultato
1089 887 1184 951 lucem
1209 888 1345 953 Solarem
1379 912 1504 972 reprae-

142 973 266 1028 sentet:
290 965 336 1028 nti
359 985 452 1046 supra
474 965 547 1030 mihi
571 968 660 1029 rubor
682 969 802 1044 Lunae,
828 970 954 1032 absente
978 972 1079 1036 Solari
1104 976 1319 1055 illustratione,
1344 983 1503 1061 genuinum

140 1053 249 1118 Lunae
279 1053 379 1118 lumen
406 1077 427 1118 a
456 1052 529 1118 Sole
562 1067 718 1138 accepturu
751 1059 911 1121 videbatur
944 1080 1022 1124 esse.
1069 1064 1105 1124 ld

140 1143 220 1205 enim
244 1162 283 1205 ax
306 1163 392 1225 prop.
417 1140 470 1207 23.
505 1144 613 1226 capitis
637 1146 662 1207 1.
697 1147 803 1208 deduci
835 1158 938 1227 potest
966 1150 995 1211 in
1025 1150 1102 1213 hunc
1235 1134 1288 1199 rig.
1311 1131 1369 1183 ¹⁰⁰·

139 1233 272 1296 modum.
311 1231 430 1296 SitAB
454 1252 562 1315 corpus
577 1235 693 1308 Lunae,
714 1234 781 1311 CA,
796 1237 852 1298 DB
876 1238 954 1299 radii
977 1242 1103 1302 extremi
1147 1273 1157 1313 ι
1189 1256 1209 1297 1
1248 1250 1263 1298 o
1462 1271 1484 1313 ῃ

140 1321 276 1401 corporis
306 1319 423 1386 Solaria
459 1322 695 1385 determinantes
726 1326 831 1387 Lunae
866 1328 1001 1388 umbram
1035 1329 1102 1401 Ali,

140 1411 209 1485 BT,
244 1409 345 1492 sitque
370 1408 400 1474 G
430 1411 512 1474 locus
542 1411 573 1473 in
607 1413 763 1492 superficie
797 1414 908 1477 Terrae
941 1416 971 1477 in
1005 1419 1104 1478 media
1194 1477 1198 1482 ,

140 1499 246 1562 umbra
258 1500 374 1562 Lunae.
410 1498 581 1581 Ejiciautur
596 1500 656 1563 GK
672 1503 848 1582 contingens
868 1505 970 1566 orbem
987 1507 1101 1578 Lunae,

140 1598 171 1650 et
194 1586 273 1650 GHI
301 1588 452 1652 remotior.
501 1587 577 1652 Cum
609 1610 680 1671 ergo
710 1589 794 1653 inG
828 1594 962 1674 conspici
994 1596 1102 1675 possit,

140 1677 282 1759 quicquid
314 1688 363 1742 est
394 1678 547 1742 aetheriae
580 1680 770 1742 substantiae
802 1682 884 1743 ultra
906 1684 968 1744 ΚΑ
997 1703 1102 1746 versus

140 1767 197 1841 ΙΗ,
223 1766 394 1829 illustretur
422 1786 494 1829 vero
523 1787 541 1828 a
565 1765 652 1842 Sole,
684 1770 822 1850 quicquid
851 1780 900 1832 est
933 1773 1014 1835 ultra
1038 1771 1101 1848 ΟΕ,

140 1874 210 1935 ergo
234 1855 387 1919 videbitur
407 1876 444 1918 ex
461 1853 491 1917 G
514 1857 627 1937 aliquid
642 1878 661 1918 a
675 1856 747 1920 Sole
772 1860 964 1923 illustratum.
1000 1860 1102 1931 Quare

140 1945 177 2020 (Ι,
203 1940 264 2018 23)
289 1946 555 2008 communicabitur
579 1946 626 2007 illi
649 1948 838 2010 substantiae
869 1950 960 2030 (quae
981 1950 1102 2030 ponitur

139 2053 205 2097 esse
229 2033 342 2097 coloris
365 2035 500 2097 nonnihil
523 2036 693 2116 particeps)
719 2038 831 2120 aliquid
856 2040 892 2100 de
918 2040 983 2101 luce
1008 2038 1101 2112 Solis,

138 2123 227 2204 idque
252 2123 385 2186 radiabit
406 2125 437 2185 in
459 2125 581 2204 plagam
606 2145 625 2186 a
648 2124 730 2188 Sole.
770 2124 856 2197 Quae
881 2147 952 2207 ergo
978 2128 1099 2189 suntin

137 2213 239 2294 spatio
263 2212 325 2276 ΚΑ
354 2214 539 2293 particulae,
573 2213 679 2277 fortius
714 2217 876 2278 radiabunt
903 2217 933 2278 in
959 2214 988 2278 G
1013 2236 1100 2297 quarn

137 2321 213 2383 quae
247 2310 320 2366 sunt
351 2302 382 2363 in
415 2302 516 2383 spatio
549 2304 609 2378 IH,
643 2305 713 2384 quia
750 2306 820 2367 illae
859 2306 997 2368 rectioris
1030 2316 1100 2368 sunt

136 2390 316 2454 radiationis
354 2400 387 2453 et
423 2392 482 2472 ipsi
512 2389 565 2454 CT]
598 2394 761 2456 radiationi
791 2393 892 2457 Solari
923 2396 1098 2475 propiores;

136 2479 213 2543 1110
236 2499 309 2542 vero
332 2480 479 2562 obliquior
503 2490 551 2543 est
574 2483 613 2544 ad
638 2480 702 2545 GE.

224 2566 344 2641 Quodsi
367 2590 443 2651 quae
464 2568 590 2633 Gravius
614 2572 643 2634 in
668 2572 774 2653 eclipsi
800 2572 870 2634 anni
889 2568 982 2636 1567.
1011 2572 1096 2647 vidit,

135 2680 172 2724 ea
199 2679 239 2722 ex
267 2658 325 2720 hoc
354 2679 464 2740 genere
494 2660 662 2724 affectionis
695 2670 780 2723 sunt:
815 2681 940 2725 necesse
970 2668 1032 2735 est,
1067 2669 1099 2723 et

135 2747 244 2813 Clario
258 2767 345 2810 suum
358 2748 481 2812 limbum
499 2750 630 2812 lucidum
654 2750 799 2830 paulatim
818 2771 924 2813 versus
946 2750 1098 2812 exteriora

134 2838 307 2902 dilatiorem
329 2838 426 2900 visum
449 2858 532 2915 esse,
557 2858 612 2901 nec
636 2840 786 2921 exquisito
811 2840 939 2903 termino
964 2841 1097 2902 exterius
1229 2872 1250 2913 ι
1281 2868 1299 2910 a
1345 2871 1364 2916 ῃ

136 2946 297 3009 msrgnem.

226 3013 338 3088 Quidsi
366 3034 436 3078 vero
466 3013 591 3079 Clavins
615 3024 647 3078 et
670 3016 726 3080 boc
750 3025 851 3098 neget,
876 3016 1043 3099 videritque
1067 3018 1156 3098 plane
1180 3017 1309 3079 recisam
1335 3022 1367 3077 et
1390 3015 1493 3077 deter-

136 3106 286 3170 minatam
309 3105 385 3167 lucis
408 3105 560 3185 speciem?
583 3106 661 3167 Num
687 3106 778 3168 etiam
802 3107 831 3167 in
854 3106 933 3169 hunc
957 3115 1097 3169 eventum
1121 3107 1221 3185 parati
1245 3105 1371 3167 sumus?
1406 3105 1494 3168 Enim

136 3215 207 3260 vero
232 3193 260 3258 si
283 3194 340 3256 hoc
363 3194 518 3257 verissime
543 3194 641 3257 dicere
660 3196 759 3275 possit
776 3194 918 3269 Clavius;
944 3203 1006 3257 turn
1033 3196 1151 3257 demum
1174 3204 1208 3257 et
1231 3195 1327 3255 visum
1352 3214 1418 3256 esse
1436 3194 1494 3275 ipsi

136 3284 241 3348 Solem
263 3283 362 3365 ipsum
389 3283 470 3346 circa
500 3284 616 3346 Lunam
645 3286 821 3361 concedam,
847 3293 879 3346 et
902 3304 1012 3346 causas
1036 3285 1132 3362 magis
1157 3285 1286 3346 fortasse
1311 3285 1493 3363 geometrice

136 3394 225 3456 quarn
260 3373 407 3438 hactenus
446 3372 620 3453 assignabo.
675 3374 814 3448 Etenim,
850 3373 920 3454 quia
954 3392 1046 3453 supra
1079 3374 1177 3453 capite
1207 3374 1266 3446 Vl,
1299 3373 1372 3435 Nro.
1398 3368 1428 3436 9.
1458 3393 1493 3435 eo

135 3462 283 3527 andaciae
307 3482 374 3525 cnm
396 3462 559 3525 Plutarcho
587 3464 804 3542 processimus,
838 3472 872 3525 ut
899 3462 966 3523 ausi
995 3462 1137 3524 fuerimus
1161 3462 1265 3523 Lunae
1295 3462 1493 3536 continentes,

136 3554 244 3628 maria,
268 3559 389 3615 montes
407 3559 440 3613 et
457 3552 554 3613 valles
573 3551 733 3627 ascribere,
759 3552 862 3633 quales
882 3551 958 3613 haec
977 3558 1081 3613 nostra
1096 3551 1198 3612 Tellus
1217 3551 1325 3613 habet:
1351 3559 1494 3630 quantum

136 3648 291 3723 superest,
325 3648 361 3703 ut
383 3648 415 3702 et
437 3647 538 3704 adrem
561 3640 667 3702 Lunae
700 3641 986 3717 circumfundamus,
1021 3640 1117 3721 qualis
1141 3638 1208 3701 buia
1236 3650 1357 3702 nostrae
1381 3639 1492 3701 Terrae

136 3730 337 3796 circumfusus
359 3730 431 3796 est?
469 3730 551 3791 Tune
582 3730 678 3805 enim,
711 3750 766 3793 nec
790 3731 820 3792 id
852 3737 952 3791 tamen
986 3730 1108 3803 crebro,
1132 3730 1186 3791 fiet
1207 3729 1256 3803 id,
1291 3728 1367 3808 quod
1402 3748 1494 3809 supra

135 3821 236 3901 capite
252 3819 325 3884 v11.
347 3818 422 3882 Nro.
443 3815 473 3882 5.
499 3820 536 3880 de
561 3819 711 3881 Terrestri
734 3826 803 3881 abre
828 3818 1108 3889 demonstravimus,
1133 3826 1166 3880 nt
1189 3818 1264 3879 radii
1284 3818 1322 3879 ab
1347 3820 1492 3880 extremi-

136 3910 252 3971 tatibus
280 3905 363 3970 Solis
393 3908 573 3970 accedentes
601 3907 722 3971 Lunare
746 3928 854 3988 corpus
885 3909 1023 3970 anfractu
1047 3909 1190 3988 quodam,
1214 3927 1268 3988 per
1295 3906 1493 3970 refractiones

135 3996 303 4061 inLnnari
326 4002 411 4073 aere,
436 3997 634 4072 circumeant,
659 3999 760 4079 sicque
784 3998 824 4059 ad
846 3998 945 4060 visum
968 4004 1102 4059 nostrum
1126 3996 1262 4059 breviore
1287 4015 1361 4060 cono
1386 3996 1492 4058 termi-

135 4095 253 4151 nentur.
300 4086 344 4150 Ut
365 4084 397 4148 in
420 4086 573 4149 schemate
597 4081 650 4162 95,
674 4087 700 4149 si
724 4086 827 4149 oculus
852 4085 930 4148 inter
951 4110 979 4169 χ,
1003 4108 1027 4147 ω
1050 4092 1164 4166 puncta
1187 4085 1378 4147 consisteret.
1425 4087 1492 4147 Hoc

134 4175 236 4257 itaque
260 4182 351 4258 pacto
375 4194 434 4237 non
452 4176 557 4238 Lunae
582 4173 729 4239 diameter
746 4178 830 4257 justo
854 4175 961 4253 minor,
984 4174 1039 4237 sed
1058 4173 1139 4237 Solis
1164 4174 1309 4238 diameter
1332 4183 1493 4253 appareret

136 4266 214 4328 'usto
237 4264 345 4327 ma‘or.

130 4285 143 4347 J
221 4284 301 4418 HocJ
313 4353 412 4433 ipsum
435 4352 553 4435 quidem
576 4352 648 4415 mibi
677 4353 846 4433 suggessit,
871 4371 929 4414 uno
953 4351 1060 4425 verbo,
1085 4369 1214 4430 magnus
1243 4348 1363 4430 qnidam
1386 4348 1491 4412 harum

134 4443 244 4508 artium
264 4444 373 4518 fautor,
400 4452 505 4517 ,videri
524 4461 621 4524 partes
637 4453 734 4507 Lunae
755 4459 895 4505 extremas
916 4448 1100 4521 pellucidas.“
1116 4447 1151 4514 το)
1189 4438 1233 4499 At
1248 4437 1365 4499 nonita
1384 4439 1491 4502 leviter

134 4533 256 4597 defendi
279 4533 336 4595 hoc
357 4532 471 4611 potuit,
503 4551 591 4611 qnam
616 4532 704 4594 facile
729 4531 845 4593 dicitur.
892 4530 972 4592 Nam
1001 4529 1070 4609 quid
1099 4529 1190 4607 juvat
1220 4526 1387 4607 pellucidas
1411 4546 1489 4603 esse,

134 4623 160 4685 si
183 4621 319 4686 densiori
342 4629 415 4685 sunt
445 4620 638 4696 substantia,
668 4640 755 4703 quam
780 4639 855 4682 aura
878 4618 1040 4692 aetherea,
1071 4625 1103 4680 et
1124 4617 1213 4678 Luna
1236 4616 1387 4677 rotunda?
1424 4616 1490 4678 Hoc

133 4712 213 4775 eninr
236 4711 265 4776 si
286 4712 351 4787 tae,
374 4730 434 4776 non
458 4711 603 4774 ducatum
627 4710 720 4773 radiis
745 4708 901 4771 Solaribus
925 4707 984 4769 iter
1007 4715 1068 4781 est,
1094 4726 1149 4767 nec
1173 4707 1237 4767 siue
1261 4704 1415 4765 schemate
1438 4704 1489 4766 illo

134 4797 186 4868 95.
211 4802 374 4883 quicquam
395 4799 471 4864 certi
494 4799 695 4862 demonstrari
717 4805 832 4879 potest.
869 4797 1033 4858 Praeterea
1057 4794 1160 4875 quaeri
1183 4802 1298 4876 posset,
1323 4792 1348 4854 si
1372 4811 1491 4873 semper

134 4891 195 4954 sint
223 4890 379 4973 pellucido
409 4898 546 4954 utrema
567 4888 688 4962 Lunae,
718 4906 770 4949 cur
793 4903 849 4946 non
874 4902 994 4963 semper
1026 4882 1153 4945 circulus
1178 4881 1214 4943 de
1239 4881 1310 4945 Sole
1335 4880 1490 4962 supersit?

133 4979 217 5043 Malo
246 4979 351 5062 itaque
373 4976 479 5040 Lunae
509 4981 611 5040 aerem
644 4974 790 5052 tribuere,
822 4992 883 5038 non
906 4971 989 5036 altae
1011 4970 1242 5062 profunditatis,
1275 4978 1308 5033 ut
1330 4970 1489 5043 interdum,
