3692 5842
827 476 1039 530 xum-evus.
1547 481 1612 550 537

345 649 460 713 Radiet
483 651 575 713 stella
601 653 890 732 perpendiculariter
922 656 951 717 in
986 657 1104 718 lentem.
1152 657 1288 738 Papyrus
1309 657 1363 723 ,sit
1398 664 1470 736 post
1502 659 1613 724 lentem

250 758 324 803 cum
355 739 450 802 literis
480 739 623 818 legendis.
671 741 704 803 Si
735 743 799 804 lens
830 752 878 804 est
905 744 1053 825 utrimque
1087 746 1251 825 aequaliter
1282 764 1430 815 contexa,
1466 747 1614 812 distantis

249 829 297 889 sit
320 828 407 890 nnius
431 829 645 891 semidiametri
669 830 790 915 (XLIII
814 839 845 892 et
867 832 1055 908 XXXlX.),
1079 834 1125 895 siu
1149 834 1315 914 altrobiqne
1339 834 1448 913 plana,
1474 836 1612 900 diametri

251 915 435 992 (XXXV).
455 919 500 980 At
515 919 538 979 si
554 918 754 999 inaequalium
770 923 1002 996 concertatum,
1018 923 1164 984 distantia
1173 924 1239 1003 plus
1255 924 1379 984 habebit
1389 924 1612 988 semidiametro

250 1004 391 1073 minoris.
414 1007 510 1068 minus
534 1007 681 1070 diametro
706 1009 815 1082 (XL).

343 1094 429 1158 LIII.
462 1096 664 1159 Problema.
702 1098 799 1160 Lente
815 1118 951 1162 convexa
970 1099 1066 1160 lumen
1091 1100 1127 1159 de
1151 1108 1239 1160 nocte
1265 1100 1437 1178 longissime
1458 1102 1611 1181 ejaculari.

343 1183 456 1245 Lumen
486 1185 527 1246 sit
555 1195 626 1265 post
659 1187 769 1247 lentem
802 1187 831 1248 iu
865 1199 976 1268 puncto
1011 1207 1172 1249 concursus
1205 1189 1416 1267 parallelorum
1449 1193 1610 1253 radiorum.

248 1272 353 1351 Igitur
376 1273 452 1334 radii
477 1273 595 1335 luminis
629 1277 820 1353 divergentes
849 1297 954 1337 versus
985 1278 1093 1337 lentem
1136 1277 1316 1339 refractione
1351 1279 1434 1340 fucta
1470 1281 1610 1359 paralleli

250 1361 382 1423 exibunt
404 1358 472 1436 (34,
494 1360 546 1435 35,
563 1361 615 1437 39,
631 1361 701 1437 to).
749 1364 898 1427 Conducit
923 1367 1020 1426 lumen
1044 1366 1100 1426 hoc
1124 1367 1193 1444 poni
1217 1368 1245 1427 in
1270 1375 1372 1428 centro
1397 1370 1510 1447 speculi
1535 1389 1609 1431 con-

250 1450 338 1521 cavi,
361 1458 394 1511 ut
416 1451 493 1512 radii
517 1452 615 1513 aversi
641 1455 835 1515 reflectantur
858 1455 887 1514 in
913 1456 1008 1515 lumen
1034 1464 1065 1515 et
1098 1474 1150 1535 per
1181 1455 1225 1530 id¹
1244 1466 1403 1517 transcant
1431 1457 1460 1517 in
1486 1458 1608 1520 lentem.

250 1535 372 1609 Quodsi
408 1541 570 1604 retraxeris
599 1544 696 1603 lumen
729 1563 748 1603 a
787 1544 885 1617 lente,
924 1544 1102 1604 illuminatio
1135 1544 1188 1605 illa
1221 1545 1385 1606 fortissima
1417 1565 1454 1606 ex
1494 1547 1609 1608 infinito
1699 1566 1702 1573 ·

250 1628 379 1708 propius
402 1631 527 1690 accedet
552 1631 591 1691 ad
615 1631 735 1707 lentem,
760 1633 804 1692 ita
827 1634 942 1711 poteris
966 1632 1048 1692 illam
1068 1634 1225 1706 moderari,
1251 1643 1285 1694 ut
1308 1634 1456 1696 illumines
1480 1636 1609 1715 aliquem

253 1717 353 1779 locum
378 1726 522 1796 quantum
545 1720 621 1780 velis
645 1720 809 1782 distantem
833 1721 960 1794 (XLI).

342 1805 429 1867 LIV.
476 1807 677 1871 Problema.
723 1810 909 1871 Distantiam
941 1810 982 1870 rei
1007 1809 1134 1872 visibilis
1159 1811 1238 1871 lente
1262 1811 1409 1890 utrimque
1442 1813 1611 1893 aequaliter

250 1912 390 1957 convexa
413 1895 512 1957 metiri
535 1896 622 1958 unica
646 1898 786 1960 statione.
1622 1958 1629 1975 .

343 1983 422 2046 Nam
448 1985 473 2045 si
498 1985 616 2048 visibile
650 1988 783 2066 pingitur
814 1988 843 2048 in
868 1987 1014 2049 distantia
1043 1988 1147 2068 papyri
1173 2008 1192 2047 a
1216 1987 1295 2048 lente
1319 1988 1424 2067 majori
1448 2007 1536 2068 quam
1561 1998 1609 2051 est

251 2072 403 2134 diameter
436 2074 656 2146 convexitatis,
689 2076 807 2137 risibile
839 2077 935 2137 miuus
969 2075 1066 2137 aberit
1098 2096 1186 2155 quam
1220 2076 1365 2137 diametro
1396 2079 1607 2141 convexitatis.

252 2159 374 2242 Quippe
398 2162 425 2223 si
448 2181 579 2245 papyrus
608 2164 706 2226 aberit
739 2165 902 2239 diametro,
929 2175 959 2225 et
983 2165 1102 2226 visibile
1127 2165 1220 2226 aberit
1251 2166 1398 2226 diametro
1427 2167 1607 2241 (XXXV).

252 2248 355 2323 Quare
379 2251 472 2313 etiam
495 2254 521 2313 si
544 2271 676 2335 papyrus
700 2254 796 2315 minus
830 2254 928 2316 aberit
961 2255 1126 2330 diametro,
1163 2254 1278 2315 visibile
1307 2256 1375 2332 plus
1409 2255 1507 2316 aberit
1540 2256 1606 2316 dia-

252 2350 349 2402 metro
377 2341 502 2415 (XLI).
549 2343 684 2423 Denique
717 2344 741 2403 si
775 2363 907 2424 papyrus
937 2344 1101 2422 perfectam
1135 2344 1248 2404 habens
1281 2345 1428 2422 picturam
1462 2345 1606 2406 semidia-

251 2438 347 2492 metro
377 2430 576 2492 convexitatis
601 2441 689 2494 notae
713 2433 804 2506 absit,
829 2452 877 2494 res
902 2432 1064 2512 longinqua
1083 2433 1150 2507 erit,
1174 2441 1208 2493 ut
1228 2433 1390 2494 mensurari
1406 2434 1534 2513 amplius
1550 2454 1607 2495 non

251 2519 351 2597 possit
374 2519 492 2599 pictura
515 2521 711 2593 (XXXIX).

340 2608 412 2670 LV.
449 2609 657 2671 Problema.
705 2611 788 2671 Idem
812 2611 892 2672 lente
916 2627 1051 2670 convexa
1074 2617 1231 2687 praestare
1256 2610 1317 2671 alia
1337 2611 1469 2671 ratione:
1495 2610 1609 2672 sinota

249 2696 291 2759 sit
314 2696 472 2777 quantitas
498 2699 539 2759 rei
564 2698 699 2760 visibilis.

340 2786 392 2848 Fit
415 2805 469 2865 per
482 2787 598 2850 XLVI.
645 2788 724 2849 Nam
740 2796 773 2848 ut
787 2788 942 2865 longitudo
966 2786 1101 2865 picturae
1126 2788 1165 2847 ad
1189 2786 1254 2865 ejus
1279 2787 1456 2861 distantiam
1480 2809 1499 2848 a
1518 2787 1608 2861 lente,

248 2876 291 2939 sic
317 2876 476 2955 longitudo
501 2885 573 2937 nota
596 2876 639 2938 rei
663 2876 791 2938 risibilis
815 2878 854 2937 ad
879 2877 944 2954 ejus
969 2875 1144 2936 distantiam
1169 2898 1186 2936 a
1211 2876 1302 2936 lente.

263 2982 271 2997 ·
338 2964 425 3026 LVI.
471 2965 579 3028 Nota.
635 2965 666 3027 J.
691 2966 834 3045 Baptista
866 2967 960 3026 Porta
992 2966 1149 3043 pollicetur
1182 2966 1354 3043 problema,
1394 2965 1422 3027 in
1461 2965 1606 3028 infinitum

243 3054 425 3119 comburere
449 3073 502 3134 per
526 3055 635 3116 lineam
657 3056 818 3116 asturiam:
853 3055 930 3133 quod
959 3054 1009 3114 ille
1039 3055 1075 3114 de
1105 3055 1225 3131 speculo
1251 3055 1362 3127 tradit,
1398 3055 1449 3115 alii
1474 3074 1544 3117 vero
1569 3057 1606 3117 de

242 3144 331 3208 lente
356 3162 491 3205 convexa
514 3164 614 3205 verum
639 3164 706 3205 esse
730 3144 901 3222 opinantur.
949 3143 1056 3204 Utrum
1090 3143 1241 3222 sequaris,
1273 3144 1472 3223 impossibilia
1495 3165 1605 3226 aggre-

243 3234 354 3299 dieris.
401 3231 566 3312 Repugnat
588 3233 690 3313 optica
713 3232 851 3294 scientia.

339 3321 450 3398 PrImo,
475 3323 642 3384 combustio
667 3330 715 3383 est
738 3330 861 3401 propter
884 3320 1048 3381 sectionem
1072 3318 1231 3381 radiorurn.
1271 3317 1374 3381 Sestio
1394 3330 1536 3399 puuctum
1560 3331 1608 3384 est

241 3432 309 3475 non
335 3412 425 3473 linea.
474 3410 628 3472 Secundo:
667 3412 692 3472 si
726 3413 754 3472 in
787 3409 930 3471 inlinitum
955 3406 1118 3480 comburit,
1154 3427 1224 3486 ergo
1254 3420 1285 3468 et
1309 3409 1336 3469 in
1362 3409 1428 3489 ipsa
1452 3411 1606 3487 superficie

241 3501 343 3565 lentis
368 3500 444 3561 unde
469 3501 549 3561 exit:
588 3520 679 3580 quare
714 3502 777 3560 lens
810 3500 990 3559 destruetur.
1038 3495 1160 3564 Tertio,
1194 3497 1218 3556 si
1252 3498 1351 3558 radius
1385 3498 1514 3577 acquirit
1548 3500 1607 3560 rim

240 3589 457 3660 comburendi,
481 3589 609 3668 acquirit
633 3610 699 3650 eam
724 3609 761 3649 ex
784 3588 961 3648 collectione
985 3586 1143 3645 multorum
1177 3585 1328 3647 radiorum
1363 3586 1391 3647 in
1417 3606 1515 3647 uuum.
1562 3589 1609 3648 At

243 3681 306 3743 hoc
331 3678 518 3758 impossibile
543 3686 600 3739 est.
648 3679 732 3740 Unus
766 3679 844 3738 enim
877 3675 978 3737 radius
1010 3674 1037 3733 iu
1072 3693 1160 3734 urium
1194 3675 1285 3735 etiam
1318 3684 1458 3755 puuctum
1491 3676 1605 3738 incidit.

243 3772 293 3833 Aa
316 3767 406 3830 unius
429 3766 531 3846 puucti
555 3767 583 3827 iu
608 3769 742 3847 qualibet
765 3766 921 3846 superficie
956 3785 1014 3824 nna
1037 3764 1127 3823 ctiam
1152 3765 1217 3823 sola
1241 3774 1289 3825 est
1307 3764 1448 3826 retractio
1464 3765 1606 3846 cujusque

242 3857 325 3922 radii
359 3876 414 3938 per
445 3856 475 3917 id
507 3865 648 3935 puuctum
681 3855 876 3919 transeuntis.
932 3854 1016 3914 Urius
1054 3852 1144 3930 igitur
1177 3850 1268 3913 etiam
1300 3862 1371 3933 post
1403 3854 1434 3915 id
1466 3862 1608 3933 punctum

245 3946 364 4021 radius,
390 3965 448 4007 non
473 3945 557 4006 multi
578 3945 713 4007 distincti
729 3946 938 4007 distinctarum
954 3939 1189 4013 inclinationum,
1214 3941 1307 4021 quiin
1324 3963 1411 4003 unum
1427 3943 1607 4005 refractione

243 4037 440 4115 colligantur.
487 4032 551 4096 Sed
574 4036 611 4095 de
634 4035 691 4095 bac
714 4054 746 4096 re
771 4035 848 4096 infra
871 4033 971 4113 plura,
997 4031 1045 4092 ubi
1076 4050 1209 4092 concava
1233 4032 1374 4092 convexis
1406 4032 1606 4094 associavero.

245 4186 443 4249 Hactenus
483 4186 525 4247 de
567 4186 664 4245 lente
702 4204 865 4247 convexa
903 4184 1055 4263 ejusque
1098 4182 1224 4244 usibus
1263 4182 1361 4243 citra
1396 4191 1605 4261 respectum

292 4275 400 4340 oculi.
448 4274 530 4337 Jaru
554 4275 596 4335 de
621 4274 668 4335 iis
693 4275 833 4348 usibus,
859 4293 949 4353 quos
974 4273 1084 4334 lrabet
1107 4273 1140 4333 in
1165 4271 1381 4351 adjuvanda
1404 4270 1559 4332 risione.

667 4364 713 4423 Et
735 4364 840 4442 prius
864 4364 907 4423 de
933 4363 1016 4440 ipsa
1040 4362 1196 4422 visione.

338 4478 440 4540 LVII.
487 4477 647 4540 Axioma
670 4478 879 4559 Plrysicum.
930 4478 1013 4536 nxes
1037 4494 1091 4554 per
1114 4483 1220 4536 centra
1243 4474 1373 4553 pupillae
1398 4482 1430 4535 et
1449 4474 1603 4535 humorum

249 4570 403 4633 oculorum
425 4576 618 4629 transeuntes
642 4568 772 4629 naturali
795 4576 878 4628 motu
902 4567 950 4625 uel
974 4565 1074 4643 potius
1098 4565 1197 4644 quiete
1221 4564 1357 4641 paralleli
1387 4571 1472 4638 sunt,
1496 4564 1605 4625 volun·
1649 4570 1655 4578 ’

250 4658 328 4721 carie
352 4676 423 4719 vero
447 4664 681 4737 contorquentur
704 4657 742 4717 ad
765 4655 933 4736 propinqua
956 4654 1196 4732 contemplanda.

339 4747 457 4809 LVIII.
504 4746 708 4808 Definitio.
755 4745 910 4807 Distiucta
934 4743 1008 4805 visio
1033 4750 1099 4812 est,
1129 4743 1157 4803 iu
1190 4761 1249 4820 qua
1270 4747 1375 4823 partes
1399 4740 1442 4803 rei
1466 4740 1605 4803 subtilis-

253 4836 346 4899 sImae
370 4837 492 4898 elucent
515 4843 547 4897 et
569 4835 599 4896 in
623 4843 816 4916 conspectum
831 4832 966 4895 veniunt.
1001 4830 1145 4905 Confusa,
1171 4831 1199 4891 iu
1217 4831 1426 4910 quapartibus
1441 4830 1606 4910 majoribus

255 4925 468 5008 apparentibus
492 4925 622 4987 minores
654 4926 750 4987 latent
773 4933 805 4986 et
834 4922 927 4984 veluti
957 4921 1154 4983 obliterantur
1180 4939 1234 4980 seu
1262 4919 1446 4982 obliniuntur
1473 4920 1605 4981 confusis

256 5012 331 5083 tuter
352 5034 387 5079 se
410 5014 557 5077 terminis.
605 5015 707 5076 Fortis
730 5012 805 5075 visio
838 5032 892 5075 seu
924 5012 1008 5073 clara
1037 5017 1100 5084 est,
1131 5028 1197 5073 curu
1230 5028 1278 5071 res
1311 5008 1430 5071 videtur
1458 5008 1544 5090 qussi
1575 5008 1624 5070 in·
