3692 5842
348 470 413 542 100
838 474 1209 530 numentanorum

341 652 407 734 jam
430 652 594 729 (111610
618 662 666 714 Ω
689 653 791 716 videre
814 655 943 734 amplius
966 673 1025 717 non
1048 655 1143 735 potui,
1167 653 1373 720 solentne
1396 656 1424 728 Q
1447 652 1614 724 mittente,
1636 669 1698 712 cu

345 741 475 804 instaret
506 760 609 803 mense
640 742 799 805 Decembri
823 746 854 819 ό
877 740 917 819 Θ
943 752 969 813 d
992 744 1022 806 in
1049 739 1108 808 17·
1130 751 1170 817 t.
1216 743 1348 824 Ergois
1377 742 1512 821 planeta
1540 740 1594 801 rix
1613 738 1700 801 Jun'n

345 850 446 894 mense
470 850 557 893 mane
580 851 697 894 rursum
720 833 815 895 videri
837 834 946 913 potuit.
983 833 1162 896 Accesserit
1183 853 1258 896 sane
1280 852 1373 895 cansa
1389 831 1457 893 alia
1472 850 1533 912 per
1554 828 1699 903 accidens,

343 939 421 1002 quae
445 939 576 981 mensem
604 920 735 983 sortasse
758 941 846 984 unnm
876 922 987 984 diutius
1016 924 1099 1003 justo
1122 923 1254 985 Martem
1278 919 1461 989 detinuerit,
1489 929 1528 982 nt
1549 919 1578 982 si
1598 915 1700 981 Iunias

342 1009 462 1094 pluvius
486 1007 624 1072 inciderit
647 1011 700 1072 isc.
731 1035 737 1046 ·

432 1097 614 1160 Observatio
629 1098 770 1161 Mercurii
793 1098 822 1159 in
842 1096 914 1160 Sole
937 1098 975 1160 iis
999 1099 1099 1162 verbis
1122 1108 1172 1162 est
1188 1098 1414 1179 comprehensa,
1437 1108 1476 1160 ut
1498 1097 1605 1160 dicere
1627 1095 1702 1158 aliud

342 1206 400 1252 uon
424 1186 551 1268 possim,
582 1188 639 1250 nisi
663 1189 702 1249 ab
732 1197 903 1249 astronomo
940 1190 1141 1268 assignatam,
1172 1197 1204 1252 et
1226 1207 1329 1251 veram
1356 1187 1463 1262 credo,
1496 1186 1555 1249 aed
1578 1187 1701 1250 circnm-

343 1277 475 1340 stantiae
498 1288 638 1357 corrupto
662 1286 747 1339 textu
771 1277 866 1338 salsas
890 1296 959 1338 esse
983 1297 1107 1340 necesse
1128 1277 1180 1340 sit.
1217 1278 1350 1341 Primum
1370 1283 1454 1358 peto,
1479 1285 1518 1337 nt
1538 1294 1598 1356 pro
1615 1273 1697 1338 m

343 1363 411 1431 cal.
431 1366 549 1445 legatur
563 1366 618 1428 Vl.
643 1368 690 1429 Id.
727 1366 806 1429 liam
829 1366 1003 1429 intricatam
1027 1367 1119 1430 luisse
1138 1386 1258 1430 manum
1282 1367 1362 1429 unde
1384 1366 1506 1428 tacmm
1529 1375 1581 1428 est
1604 1382 1703 1427 ean·

340 1458 432 1538 plum,
458 1455 558 1535 arguit
583 1474 641 1516 vox
667 1455 833 1530 „Francis“
856 1475 911 1536 pro
936 1455 1069 1523 „Nobis“
1094 1457 1143 1519 rel
1166 1465 1281 1519 contra.
1324 1454 1408 1536 Ergo
1432 1456 1459 1518 si
1483 1454 1599 1518 ultima
1621 1454 1705 1516 litera

344 1546 373 1607 in
397 1564 471 1605 voce
506 1544 688 1618 „Mercurii“
722 1564 789 1607 cum
822 1544 911 1605 litera
935 1541 955 1607 6
982 1545 1070 1607 nimis
1101 1565 1195 1627 prope
1225 1546 1395 1625 composita
1426 1544 1541 1618 inerit,
1575 1544 1705 1625 speciem

344 1634 485 1715 praebuit
506 1634 622 1695 numeri
649 1630 698 1696 10.
746 1631 808 1696 Sed
835 1632 903 1696 cat.
926 1653 982 1714 pro
1006 1635 1058 1697 Id.
1085 1635 1143 1715 legi
1167 1634 1257 1697 facile
1278 1634 1388 1714 potuit,
1414 1633 1440 1695 si
1463 1635 1490 1697 d
1515 1632 1611 1698 litera
1631 1651 1705 1712 pan·

343 1723 436 1786 lulum
459 1722 629 1785 divaricata
651 1723 834 1802 pingeretur.
872 1723 906 1783 lu
932 1722 1127 1803 sequentibus
1148 1743 1203 1805 pro
1228 1734 1317 1799 „octo
1342 1723 1428 1784 dies“
1453 1723 1527 1803 lege
1553 1722 1705 1796 ,ocrim

343 1813 475 1874 fortasse
498 1811 626 1873 barbare
650 1811 782 1891 scripsit,
806 1819 840 1873 nt
863 1802 1028 1887 multoties,
1054 1813 1192 1889 octoties,
1217 1823 1270 1874 aut
1292 1821 1359 1874 tota
1382 1812 1447 1886 die,
1471 1823 1530 1874 ant
1553 1822 1628 1875 octo
1651 1812 1706 1873 diei

283 1984 285 1989 Ι
341 1899 433 1965 boris.
477 1900 558 1965 llam
585 1896 635 1963 16.
661 1899 728 1964 Cal.
753 1900 801 1962 vel
826 1897 856 1963 6.
887 1900 933 1962 Id.
958 1901 1075 1981 Aprilis
1099 1921 1156 1964 uon
1181 1911 1252 1964 sunt
1274 1921 1348 1963 sane
1371 1910 1440 1965 octo
1464 1901 1545 1964 dies.

432 2004 565 2088 Oportet
592 2007 677 2069 illum
710 2027 812 2069 secum
845 2008 910 2087 ipso
944 2008 1113 2071 consentire
1137 2018 1169 2071 et
1195 2018 1399 2072 astronomum
1427 2007 1525 2070 luisse
1558 2016 1650 2090 patet
1672 2028 1705 2069 en

342 2106 391 2161 tot
420 2097 581 2177 eclipsibus
614 2098 786 2171 annotatis,
821 2105 853 2157 et
880 2099 959 2177 quod
987 2098 1077 2160 scirit
1106 2118 1172 2160 esse
1203 2099 1324 2160 stellam
1347 2098 1516 2173 Mercurii:
1551 2098 1585 2161 id
1610 2108 1706 2160 autem

344 2187 436 2250 scivit
458 2206 495 2248 ex
519 2205 693 2267 quocunque
716 2187 842 2260 calculo,
867 2186 916 2266 qui
932 2186 1072 2249 Mercurii
1097 2189 1363 2250 commutationem
1386 2187 1469 2249 circa
1492 2188 1543 2250 Id.
1568 2188 1647 2267 Apr.
1671 2188 1706 2248 ad

344 2275 420 2343 807.
446 2276 519 2337 facit
542 2272 561 2338 3
586 2294 690 2355 sexag.
716 2276 763 2336 vel
787 2270 807 2337 6
831 2275 908 2354 sign.

432 2364 494 2427 Cur
517 2372 616 2426 autem
639 2382 742 2427 veram
765 2365 885 2427 credam
909 2364 987 2425 banc
1011 2363 1250 2428 observationem
1273 2385 1367 2427 causa
1390 2366 1465 2427 haec
1481 2376 1551 2428 est:
1580 2366 1705 2439 iureuio,

341 2456 369 2519 sl
392 2474 430 2516 ex
453 2464 556 2516 centro
582 2450 621 2531 Θ
648 2473 702 2535 per
725 2454 968 2516 intersectionem
993 2453 1150 2534 eclipticas
1174 2466 1206 2517 et
1228 2456 1310 2536 plani
1333 2455 1528 2518 Mercurialis
1553 2457 1605 2529 (iu
1627 2456 1706 2535 cujus

341 2545 439 2616 medio
463 2541 531 2616 Sol)
556 2543 683 2604 ducatur
710 2554 808 2618 recta,
839 2544 917 2623 quod
946 2542 1060 2605 incidat
1082 2544 1135 2604 illa
1158 2545 1236 2607 inter
1259 2542 1320 2608 25⁰
1341 2544 1379 2621 Υ
1401 2554 1434 2606 31
1458 2541 1521 2609 15⁰
1543 2547 1584 2620 ὅ.
1635 2544 1706 2607 Cum

343 2654 415 2715 ergo
440 2635 523 2694 facta
537 2633 628 2694 fuerit
642 2635 672 2709 ὅ
687 2630 766 2710 &li
789 2633 960 2712 retrogradi
983 2629 1189 2709 3113327Ὕ
1209 2644 1241 2694 et
1254 2634 1323 2695 nodi
1342 2635 1431 2695 tarde
1454 2642 1705 2714 transponantur,

341 2733 431 2807 patet
453 2723 531 2804 quod
555 2722 647 2782 etiam
671 2734 741 2783 ante
765 2721 831 2786 800
855 2742 948 2784 annos
981 2723 1034 2783 illa
1057 2725 1088 2798 ό
1110 2721 1140 2783 10
1162 2720 1225 2787 27⁰
1246 2722 1283 2798 Υ
1305 2742 1364 2785 non
1388 2724 1494 2802 procul
1528 2724 1667 2785 abfuerit
1689 2744 1706 2783 a

341 2813 430 2888 uodo,
465 2811 514 2892 qui
537 2810 718 2874 Mercurium
750 2811 804 2873 sub
829 2810 931 2874 Solem
960 2810 1085 2872 invehit.
1132 2809 1274 2874 Ceterum
1304 2831 1341 2873 ex
1369 2812 1417 2873 his
1444 2812 1705 2894 qualibuscunque

343 2900 604 2967 observationibus
636 2900 816 2965 desiderium
846 2900 971 2962 incessit
1001 2901 1121 2963 videndi
1153 2902 1296 2964 auctoris.
1342 2898 1439 2981 Spero
1469 2902 1553 2964 euim
1582 2903 1706 2982 praebi-

342 3000 441 3054 turum
465 3009 498 3050 se
522 2998 553 3049 et
576 2988 644 3050 aliis
666 2990 803 3070 partibus
834 2990 999 3052 fruendum.
1046 2990 1127 3051 Ecce
1157 2992 1255 3053 locum
1287 2991 1450 3064 beneflcio,
1483 2991 1620 3072 siquod
1644 2993 1708 3073 quis

343 3079 415 3143 mihi
440 3080 538 3139 facere
563 3079 654 3156 velit.¹

354 3179 358 3188 ·
430 3166 504 3215 Hanc
514 3166 616 3230 Kepleri
629 3167 833 3232 significationem
846 3169 944 3231 penitus
957 3166 1096 3231 intelligens
1109 3167 1291 3217 Hervartus
1302 3168 1367 3217 haec
1379 3168 1506 3231 rescripsit
1519 3166 1599 3228 (Nor.
1616 3166 1706 3225 tenti:

347 3242 395 3291 deu
415 3242 493 3288 Autor
511 3238 555 3287 der
572 3254 619 3287 ron
637 3240 683 3286 mir
700 3239 922 3287 tiberschriebeueu
941 3239 1137 3287 observationum
1156 3237 1255 3289 schicke
1273 3239 1313 3289 ich
1331 3238 1401 3298 hier,
1429 3240 1481 3288 und
1500 3241 1563 3289 vird
1583 3242 1630 3290 der
1648 3239 1707 3289 lien

344 3313 478 3366 1113331030,
497 3312 543 3358 vie
563 3309 627 3360 auch
646 3311 685 3358 eiu
706 3311 900 3359 observationem
912 3308 990 3364 Joris,
1008 3311 1071 3373 quod
1089 3310 1203 3359 videlicet
1221 3325 1286 3361 anuo
1304 3308 1366 3358 80⁷.
1384 3310 1462 3374 pridie
1483 3310 1538 3360 Cal.
1552 3312 1617 3363 Feb.
1638 3314 1706 3361 tnsra

343 3384 416 3435 Luna
429 3382 508 3437 llVll,
528 3382 625 3446 quando
638 3382 711 3429 stella
723 3381 789 3429 Jovis
808 3396 851 3444 per
864 3396 918 3431 eam
938 3382 1008 3445 quasi
1026 3384 1130 3430 transire
1148 3384 1201 3430 risa
1219 3384 1300 3433 luerit.
1319 3383 1345 3431 iu
1359 3380 1421 3431 Vita
1433 3381 1516 3431 Caroli
1530 3382 1580 3438 M..
1601 3399 1667 3448 qnae
1684 3387 1706 3431 iu

345 3455 462 3506 coenobio
481 3453 660 3517 [egolismensi
679 3455 818 3515 conscripta
836 3462 889 3511 est,
909 3452 1032 3503 betiudeu.
1070 3452 1158 3501 Dieses
1178 3452 1289 3502 Tractatl
1308 3453 1378 3503 labet
1404 3467 1483 3502 muns
1502 3457 1633 3504 incarnat.
1654 3456 1706 3504 Chr.

344 3529 456 3592 praecise
475 3540 517 3573 um
536 3522 551 3571 t
571 3524 660 3572 Monac
676 3524 759 3572 triiber
778 3537 826 3585 an,
854 3524 890 3572 als
909 3526 949 3573 die
967 3522 1069 3587 Epocha
1088 3523 1177 3573 Christi
1201 3525 1308 3590 vulgaris
1333 3538 1452 3591 rermag;
1482 3525 1515 3574 da
1534 3526 1588 3575 hab
1608 3528 1650 3576 ich
1667 3529 1704 3575 be

241 3619 244 3626 ¹
344 3599 461 3651 ltirchtet,
482 3597 515 3645 Er
532 3595 631 3646 mbcbte
650 3608 728 3643 annos
747 3597 841 3643 incarn.
856 3595 912 3643 Chr.
926 3610 968 3658 pro
988 3598 1060 3645 anuis
1074 3594 1164 3644 Christi
1182 3598 1235 3645 uati
1253 3596 1396 3660 simpliciter
1415 3599 1565 3657 mundun,
1588 3599 1639 3648 den
1658 3599 1705 3648 tal·

345 3671 426 3720 culum
446 3668 547 3717 auderat
565 3666 678 3715 belindeu
697 3666 747 3714 und
767 3666 872 3716 darnber
890 3666 1042 3731 uugsduldr'g
1063 3667 1169 3716 werden.
1206 3667 1317 3717 Desbalb
1334 3667 1384 3717 hab
1403 3667 1443 3717 icb
1461 3668 1544 3717 daron
1565 3670 1628 3720 kein
1648 3669 1705 3719 Mel

346 3742 413 3805 dung
432 3739 533 3804 gethan.
562 3738 594 3786 Er
612 3752 670 3800 mag
689 3738 733 3784 das
752 3736 846 3785 Bricbel
866 3738 991 3787 behalteu.

434 3812 485 3859 Des
504 3809 584 3857 Herm
604 3812 771 3870 conjecturam
790 3809 820 3857 de
839 3810 916 3857 verbis
938 3816 1008 3865 ,octo
1028 3808 1096 3857 dies“
1116 3809 1184 3857 kauu
1203 3810 1243 3858 ich
1261 3809 1321 3867 mir,
1340 3810 1405 3873 quod
1423 3818 1510 3859 tamen
1536 3819 1628 3861 mente
1647 3814 1708 3860 bona

346 3884 456 3937 dixerim,
476 3878 618 3929 schwerlich
637 3878 758 3942 eingehen
777 3880 867 3928 lassen.
905 3880 947 3929 lcb
967 3880 1078 3928 rerstehe
1098 3895 1124 3929 ea
1144 3882 1203 3929 aber
1222 3880 1311 3940 dahiu,
1338 3881 1383 3930 das
1403 3882 1470 3931 dieta
1490 3883 1568 3931 stella
1588 3882 1607 3931 8
1627 3882 1708 3932 (113οω

346 3960 402 4018 post
420 3955 483 4001 diem
503 3950 528 3998 0.
548 3950 584 3999 ld.
605 3952 642 3998 uit
659 3950 768 4013 genehen
794 3952 909 4006 wordeu;
935 3953 981 3999 vie
1001 3952 1067 3999 daun
1086 3965 1103 4000 a
1121 3951 1161 4000 die
1180 3952 1222 4000 vl.
1243 3952 1279 4001 ld.
1300 3953 1332 4001 ad
1350 3952 1416 4000 XVI.
1437 3951 1489 4001 Cal.
1512 3954 1600 4018 gleich
1619 3953 1638 4002 8
1656 3954 1708 4018 'lag

347 4029 407 4076 teiu.
434 4025 476 4072 Da
488 4023 554 4070 lrauu
569 4023 627 4070 aber
645 4021 788 4085 gleichwohl
807 4023 934 4083 yeweilleu
948 4023 992 4070 das
1006 4022 1102 4071 Wetter
1114 4023 1163 4071 uud
1177 4022 1264 4073 Nebell
1277 4023 1501 4090 Verbinderungen
1513 4027 1600 4090 geben
1619 4026 1706 4075 bassa

435 4113 534 4161 Gratias
554 4124 630 4174 agens
648 4125 691 4172 pro
716 4110 807 4158 donato
835 4110 894 4160 libro
913 4112 1078 4175 Koplarns
1097 4109 1132 4172 (d.
1154 4110 1195 4160 12.
1214 4110 1375 4174 13311103)
1402 4113 1466 4162 baec
1494 4122 1599 4163 tautam
1625 4116 1706 4164 addit:

348 4184 426 4256 Quid
460 4193 558 4243 autem
592 4181 828 4260 respondendum
858 4183 897 4243 ad
927 4184 1162 4244 numerationem
1194 4204 1335 4247 annorum
1369 4185 1485 4248 Christi
1517 4206 1580 4247 non
1613 4188 1708 4248 baben

348 4276 438 4347 aliud,
455 4274 512 4333 nisi
532 4272 609 4350 quod
633 4271 753 4331 memini
772 4290 817 4331 me
834 4272 909 4333 hauc
926 4274 1131 4353 quaestionem
1147 4274 1176 4334 in
1192 4273 1340 4355 Scaligeri
1357 4276 1544 4354 temporibus
1562 4280 1706 4357 reperire.

347 4365 382 4425 ln
407 4381 551 4442 praeseus
575 4360 726 4438 negotium
749 4360 836 4420 nimis
859 4362 1006 4440 prolixum
1031 4371 1087 4423 est.
1113 4392 1154 4404 -
1216 4393 1219 4398 ·

436 4465 556 4516 Libellum
576 4466 605 4514 de
625 4465 737 4515 Mercurii
762 4468 930 4517 observatione
959 4471 1122 4533 couscriptum
1151 4470 1287 4518 transmisit
1305 4471 1428 4534 Keplerua
1446 4470 1581 4522 Hervarto
1610 4475 1708 4529 (literae

348 4540 449 4602 Keplari
469 4540 500 4587 ab
520 4539 578 4586 anni
598 4534 673 4585 1008.
693 4539 742 4586 fine
762 4538 877 4598 desunt).
897 4555 943 4604 quo
963 4548 1065 4601 accepto
1085 4541 1227 4590 Hervartus
1246 4541 1308 4592 haec
1328 4544 1470 4606 respondit:
1499 4544 1593 4599 Edler,
1617 4549 1705 4597 [bren-

349 4620 442 4667 rester,
462 4609 533 4658 Hoch
551 4610 601 4657 und
620 4609 798 4673 ll'olgelerter,
819 4610 887 4660 Eucb
905 4614 976 4661 seiud
993 4616 1074 4662 meine
1093 4614 1269 4678 lreuudwillige
1288 4615 1369 4663 dieunt
1387 4617 1479 4671 beror,
1508 4619 1617 4668 sondera
1637 4622 1707 4670 heber

349 4683 413 4733 llerr
431 4685 481 4731 und
500 4690 596 4745 guetter
615 4681 633 4728 F
636 4682 719 4729 reund.

439 4759 490 4801 Ans
509 4754 564 4800 dem
583 4751 676 4799 11113031
696 4754 726 4801 (13
745 4757 891 4815 apparentia
909 4753 1024 4804 Mercurii
1043 4758 1067 4803 in
1088 4754 1143 4805 Sola
1169 4755 1276 4804 habich
1294 4773 1354 4822 geru
1379 4758 1488 4822 gescheu
1509 4760 1562 4808 und
1583 4767 1632 4811 mit
1651 4763 1706 4812 Les:

350 4826 490 4890 abgelesen,
511 4824 566 4870 dass
580 4824 612 4870 llr
625 4824 718 4872 solebes
731 4837 919 4890 φαινομενον.
940 4827 1019 4875 daron
1033 4830 1075 4874 wir
1088 4828 1151 4875 auch
1165 4828 1284 4876 einander
1296 4829 1466 4893 gescbrieben.
1486 4832 1558 4879 vahr
1574 4834 1703 4884 belnudea.

440 4897 558 4943 Gewisser
576 4895 611 4941 als
631 4898 725 4955 gewiss,
745 4897 802 4944 dass
821 4899 888 4946 circa
906 4906 1017 4960 tempora
1036 4898 1116 4947 Caroli
1135 4899 1169 4947 M.
1190 4900 1215 4946 in
1234 4900 1373 4949 Germaniis
1399 4902 1515 4966 vulgares
1535 4909 1600 4954 anni
1622 4907 1704 4955 Chasa

351 4983 400 5018 non
420 4980 435 5013 a
454 4967 558 5012 statione
582 4969 732 5022 nativitatis,
755 4968 833 5015 seda
852 4979 961 5031 tempore
989 4972 1165 5019 incarnationis
1184 4970 1273 5020 Christi
1299 4972 1414 5036 gezehlet
1432 4975 1544 5025 worden.
1587 4978 1652 5028 lrret
1669 4979 1703 5026 dn

350 5038 455 5099 objectio
475 5049 504 5083 ex
522 5033 641 5098 Scaligeri
660 5037 772 5102 allegatis
791 5041 829 5087 uit
846 5040 919 5089 alleiu
938 5054 984 5104 gar
1002 5041 1090 5098 uicbts,
1109 5042 1215 5092 scudem
1231 5045 1341 5105 probiret
1357 5044 1406 5094 hoc
1423 5047 1521 5109 lpanm,
1541 5059 1611 5100 sama
1630 5051 1702 5100 stelen

1416 5251 1432 5284 1
