3692 5842
831 489 914 556 cupae
933 490 1008 541 ffl-
1052 531 1055 536 -
1529 487 1596 556 739

246 662 355 745 quibus
386 663 569 744 singulorum
603 666 752 729 bominum
782 667 864 730 salus
892 668 1055 731 consistit?
1089 666 1177 739 Quod
1206 668 1298 748 igitur
1324 668 1352 729 in
1382 668 1465 730 coelo
1497 687 1592 731 novus

245 760 366 816 cometa
388 753 567 826 discurrens,
590 755 645 817 hoc
669 756 709 817 sit
732 757 761 818 in
786 758 887 822 Terris
909 776 1004 820 novus
1029 758 1138 839 aliquis
1162 758 1263 832 bomo,
1288 757 1337 838 qui
1360 777 1415 819 seu
1438 758 1592 837 magnitu-

246 841 316 904 dine
339 842 455 922 imperii
478 862 531 904 seu
554 844 645 906 armis
669 864 722 906 seu
746 845 887 925 dogmate
909 847 1103 928 praecipuam
1126 846 1256 927 aliquam
1279 847 1316 907 de
1331 866 1364 907 se
1385 847 1497 909 famam
1519 866 1594 908 con-

245 930 322 995 citet
343 938 377 994 et
398 941 431 994 ut
460 940 577 994 cometa
609 940 738 1010 terrore,
769 935 813 996 sic
835 937 884 1000 hic
907 938 938 999 vi
957 937 1052 998 illata
1082 955 1135 998 seu
1158 936 1219 997 elia
1250 936 1422 997 calamitate
1455 954 1596 1014 magnam

244 1019 364 1101 generis
387 1020 508 1084 humani
530 1031 648 1101 partem
671 1023 813 1102 exagitet.
859 1027 949 1088 Anno
974 1045 1031 1105 quo
1055 1032 1144 1086 natus
1167 1024 1351 1098 Alexander,
1377 1024 1426 1105 qui
1449 1024 1595 1100 bellorum

245 1109 366 1173 turbiue
381 1127 419 1171 ex
431 1108 554 1190 Europa
568 1110 597 1172 iu
612 1111 719 1174 Asiam
743 1115 892 1177 translato
915 1115 1063 1176 maximas
1088 1114 1217 1176 humano
1234 1114 1335 1193 generi
1356 1113 1460 1175 clades
1482 1113 1594 1187 intulit,

243 1197 362 1262 Plinius
385 1209 534 1261 cometam
557 1200 649 1262 fuisse
673 1201 767 1263 refert
793 1203 935 1283 xiphiam.
981 1205 1073 1266 Anno
1097 1210 1128 1264 et
1151 1221 1208 1283 quo
1236 1211 1324 1264 uatus
1347 1201 1541 1264 Mithridates
1565 1210 1598 1264 et

245 1306 304 1369 quo
326 1286 482 1368 imperium
505 1287 593 1362 adiit,
627 1289 786 1352 horribiles
814 1293 924 1354 lulsere
955 1301 1101 1356 cometae.
1149 1291 1183 1354 Si
1206 1300 1341 1353 cometae
1369 1291 1454 1353 coelo
1478 1291 1596 1352 discur-

243 1384 347 1440 rentes
370 1377 410 1439 nd
432 1376 566 1456 singulos
598 1378 787 1454 monarchas,
818 1381 926 1443 stellae
956 1400 1052 1443 novae
1076 1401 1134 1443 non
1162 1381 1374 1454 discurrentes,
1404 1381 1458 1442 sed
1491 1381 1596 1442 eodem

246 1466 315 1548 loco
347 1466 436 1538 lixae,
466 1467 505 1527 ad
535 1467 721 1546 respublicas
745 1487 797 1530 seu
826 1469 961 1550 integros
983 1470 1110 1552 populos
1142 1469 1247 1532 referri
1279 1469 1448 1541 debebunt,
1480 1487 1534 1532 seu
1557 1469 1595 1532 ad

244 1554 404 1635 generales
428 1574 537 1618 causas
560 1573 775 1637 permagnam
798 1569 915 1637 partem
940 1560 1059 1640 generis
1083 1560 1203 1621 humaui
1225 1559 1423 1639 pertinentes.

218 1688 220 1692 ·
336 1648 398 1724 Qui
420 1652 499 1716 banc
513 1653 602 1715 viam
624 1654 800 1733 ingreditur,
824 1657 852 1720 is
876 1658 986 1733 eliciet,
1011 1675 1118 1719 novam
1138 1675 1175 1718 ex
1194 1656 1251 1719 hoc
1274 1664 1408 1737 tempore
1432 1655 1595 1735 rempubli-

244 1760 314 1805 cam
346 1740 535 1819 adolescere,
574 1743 659 1822 cujus
691 1745 814 1825 imperio
847 1747 981 1827 generali
1018 1766 1112 1826 regua
1142 1746 1229 1808 hodie
1262 1746 1345 1808 varie
1383 1745 1596 1807 tumultuantia

244 1830 425 1911 subigantur
446 1830 537 1893 olim:
568 1839 602 1894 ut
625 1832 674 1894 ita·
691 1836 818 1897 mundus
836 1829 964 1897 ¹nimium
992 1836 1143 1915 inquietus
1167 1844 1198 1895 et
1222 1836 1307 1895 ferox
1335 1834 1518 1914 aliquamdiu
1541 1835 1596 1896 sub

245 1920 336 2001 hujus
366 1919 556 1982 monarchiae
589 1922 686 1984 tutela
716 1926 919 2005 conquiescat.
966 1923 1083 1996 Quodsi
1117 1924 1320 1986 addiderimus
1350 1923 1490 2003 planetas
1521 1942 1596 1988 con-

242 2010 389 2092 junctos:
423 2009 660 2091 circumscriptio
684 2013 796 2076 existet
819 2015 950 2093 gemina,
984 2022 1073 2096 prout
1095 2013 1151 2075 bos
1175 2012 1473 2075 consideraverimus.
1512 2013 1596 2074 =Nam

245 2097 370 2164 silicet
397 2106 429 2161 et
459 2099 505 2160 fas
537 2108 585 2161 est
612 2100 668 2162 Dei
701 2110 830 2164 mentem
858 2122 897 2164 ex
918 2110 1028 2165 natura
1060 2102 1188 2183 simplici
1219 2102 1408 2182 planetarum
1438 2101 1595 2180 conjicere,

246 2187 320 2270 quia
340 2195 412 2268 poet
434 2187 659 2267 conjunctiones
684 2197 756 2264 tres,
780 2186 903 2255 Saturni
926 2199 959 2254 et
980 2192 1082 2265 Jovis,
1107 2179 1230 2254 Saturni
1253 2198 1286 2251 et
1307 2191 1430 2265 Martis,
1454 2190 1541 2252 Jovis
1565 2197 1597 2251 et

245 2277 358 2341 Martis
380 2275 542 2345 mobilium,
566 2285 598 2339 et
611 2278 660 2359 qni
679 2279 777 2359 juncti
800 2281 900 2343 solent
922 2281 1045 2343 turbare
1069 2289 1102 2343 et
1114 2298 1235 2343 movere
1263 2286 1402 2341 naturam
1424 2277 1596 2347 animalem,

246 2366 339 2430 altior
361 2374 394 2429 et
416 2366 526 2428 clarior
548 2367 661 2429 effulsit
682 2388 742 2432 una
764 2370 841 2432 fixa:
871 2370 1031 2451 significari
1054 2369 1172 2432 videtur
1191 2368 1377 2449 'simpliciter
1399 2375 1470 2448 post
1492 2369 1597 2430 turbas

246 2456 343 2537 quies.
390 2454 540 2527 Quorsum
571 2457 704 2535 pertinet
734 2458 809 2521 baec
841 2459 1088 2536 circumstantia,
1121 2460 1200 2540 qnod
1233 2458 1324 2521 stella
1354 2477 1411 2519 non
1440 2457 1471 2519 in
1500 2457 1597 2537 ipsum

245 2544 464 2626 conjunctionis
488 2545 594 2620 locum,
619 2546 674 2607 sed
696 2547 786 2627 paulo
810 2557 880 2610 ante
903 2548 1022 2616 incidit,
1046 2548 1163 2610 scilicet
1186 2566 1223 2609 ne
1245 2565 1362 2610 rursum
1390 2546 1491 2627 aliqua
1512 2547 1599 2608 fieret

246 2634 417 2715 conjunctio
440 2634 546 2697 Novae
570 2653 636 2696 cum
660 2636 776 2698 duobus
799 2637 954 2716 planetis?
986 2636 1039 2698 Sic
1067 2646 1099 2699 et
1129 2636 1272 2699 articulus
1302 2636 1425 2697 ultimae
1453 2634 1595 2715 conjunc-

247 2723 341 2785 tionis
358 2721 425 2801 jam
448 2723 632 2798 transierat:
656 2725 713 2787 luit
736 2726 814 2788 enim
837 2726 866 2787 in
890 2727 1012 2789 meridie
1037 2726 1096 2788 diei
1119 2722 1150 2791 9.
1175 2724 1331 2799 Octobris,
1361 2742 1427 2787 oum
1451 2732 1595 2805 sequente

246 2830 377 2893 vespera
399 2811 580 2875 Maestlinus
603 2815 733 2877 nondum
762 2817 941 2895 flagrantem
963 2816 1075 2879 viderit
1102 2816 1232 2878 stellam.
1279 2814 1346 2877 Hac
1375 2814 1477 2895 itaque
1506 2814 1596 2876 stella

189 2952 191 2956 .
246 2900 347 2964 indice

566 2991 594 3046 Si
616 3010 672 3064 qua
690 3001 804 3049 manent
823 2995 935 3049 sceleris
956 2994 1079 3067 vestigia
1097 2992 1193 3058 nostri,

566 3073 649 3129 irritu
669 3082 808 3145 perpetua
828 3077 938 3130 solvent
961 3074 1104 3131 formidine
1123 3081 1225 3129 terras.

245 3167 306 3233 His
338 3167 448 3249 quippe
479 3167 615 3230 versibus
649 3168 803 3250 Vergilius
836 3171 986 3233 tollendos
1019 3178 1118 3235 motus
1150 3170 1254 3232 civiles
1286 3175 1317 3231 et
1348 3169 1416 3249 ipsa
1451 3168 1597 3232 malorum

246 3257 365 3321 semina
387 3256 533 3319 radicitus
557 3257 753 3337 exstirpanda
770 3260 875 3323 innuit.
913 3260 994 3322 Nam
1009 3260 1144 3323 Pollione
1169 3259 1299 3326 consule,
1323 3260 1361 3319 ad
1380 3277 1468 3340 quem
1491 3258 1598 3320 scribit

246 3346 418 3426 Virgilius:
446 3357 557 3427 „Teque
570 3358 639 3412 adeo
654 3360 736 3413 decus
758 3360 811 3413 hoc
830 3359 900 3424 aevi,
916 3366 945 3415 te
966 3360 1087 3423 consule,
1110 3357 1198 3432 inibit,
1214 3358 1303 3411 Pollio
1315 3356 1340 3411 :⁴⁴
1362 3346 1448 3409 initio
1468 3347 1596 3410 aestatis

249 3434 368 3500 Caesar
395 3443 428 3497 et
455 3435 622 3498 Antonius'
637 3455 712 3517 pace
746 3439 829 3501 lacta
860 3437 990 3500 Romam
1018 3438 1172 3500 intrarunt
1204 3436 1290 3499 amici
1301 3455 1310 3511 ;
1343 3436 1463 3517 quantis
1495 3435 1597 3517 populi

247 3524 373 3602 studiis,
406 3543 495 3606 quam
522 3524 631 3586 faustis
659 3526 937 3597 acclamationibus,
969 3546 1008 3588 ex
1030 3527 1126 3588 Dione
1155 3524 1257 3587 videre
1285 3532 1352 3599 est;
1386 3543 1510 3605 quarum
1537 3544 1597 3587 una

248 3623 300 3680 eac
326 3614 402 3678 haec
434 3632 550 3695 quoque
573 3613 745 3694 Virgiliana
773 3617 812 3678 ad
834 3615 1010 3680 Pollionem.
1058 3614 1206 3678 Saturnus
1239 3624 1340 3677 tamen
1372 3622 1442 3700 ante
1475 3615 1596 3677 stellam

247 3703 373 3769 relictus
397 3704 478 3766 intra
500 3703 575 3764 duos
599 3722 716 3766 menses
740 3705 783 3768 illi
803 3706 924 3786 Junctus
948 3713 1016 3767 est:
1041 3703 1125 3784 quasi
1149 3713 1180 3766 et
1202 3705 1259 3766 hoc
1282 3703 1410 3765 dixisset
1432 3704 1593 3783 Virgilius:

250 3795 365 3862 ,Paua
383 3800 477 3850 tamen
496 3795 631 3849 suberunt
650 3794 759 3866 priscae
779 3796 901 3869 vestigia
920 3796 1054 3852 fraudis.“

339 3872 394 3937 Sin
418 3883 519 3936 autem
546 3874 603 3936 hoc
634 3875 812 3955 recipimus,
843 3876 940 3937 Deum
964 3877 1002 3938 a'd
1034 3873 1230 3954 astrologiam
1262 3875 1451 3954 respexisse,
1481 3880 1516 3934 ut
1544 3870 1598 3934 illa

248 3963 363 4029 usitate
391 3960 515 4025 discitur
539 3971 573 4025 ct
592 3972 749 4028 exercetur
778 3965 855 4028 inter
888 3966 1021 4028 homines
1045 3964 1108 4040 (cui
1135 3962 1303 4042 sententiae
1334 3965 1417 4026 favet
1439 3963 1484 4037 id,
1517 3962 1597 4043 qnod

249 4052 329 4134 Oap.
352 4052 457 4117 XXV.
481 4051 563 4114 dixi:
596 4053 690 4115 videri
713 4055 872 4140 praecipue
901 4054 1084 4117 astronomis
1109 4054 1262 4116 incensam
1289 4072 1377 4115 esse:
1411 4052 1481 4133 quia
1502 4051 1593 4130 vulgo

248 4163 310 4208 non
333 4142 378 4204 ita
401 4142 489 4206 facilc
513 4142 610 4205 notari
632 4144 740 4223 potuit,
764 4152 798 4206 ut
819 4144 900 4226 prior
922 4144 978 4206 illa
1000 4145 1071 4206 anni
1091 4140 1201 4218 1572),
1221 4142 1284 4221 jam
1307 4142 1382 4205 haec
1406 4141 1497 4203 stella
1518 4139 1592 4202 nihil

248 4232 333 4297 aliud
357 4230 464 4306 luerit,
495 4231 554 4294 nisi
577 4231 747 4314 obsignatio
781 4234 927 4314 quaedam
955 4232 1171 4314 conjunctionis
1204 4250 1331 4310 magnae
1354 4240 1388 4293 et
1411 4229 1596 4292 confirmatio

250 4321 384 4386 omnium
407 4320 540 4394 illorum,
565 4340 640 4401 quae
664 4324 811 4403 astrologi
834 4323 964 4385 maxime
993 4322 1085 4385 sobrii
1108 4341 1146 4384 ex
1167 4321 1338 4403 praeceptis
1362 4320 1436 4383 artis
1461 4321 1497 4381 de
1521 4337 1596 4386 con.-
1626 4344 1631 4354 ·

243 4410 403 4496 junctione
432 4427 542 4489 magna
573 4409 730 4486 dixemut,
763 4430 885 4492 quorum
916 4411 1017 4493 aliqua
1048 4412 1127 4474 inlra
1157 4409 1332 4473 videbimus.
1384 4411 1490 4490 Itaque
1521 4426 1596 4487 quae

250 4500 329 4582 Gap.
352 4498 471 4563 XXIX.
496 4518 534 4560 ex
556 4508 666 4562 natura
688 4502 768 4562 nuda
790 4502 999 4577 refutavimus,
1024 4521 1061 4565 ea
1084 4520 1208 4562 accessu
1235 4500 1343 4562 stellae
1366 4519 1419 4579 per
1442 4499 1498 4559 hoc
1520 4519 1593 4575 μεγα

248 4595 315 4654 λων
337 4588 446 4668 aitqua
467 4587 516 4652 bic
538 4608 640 4652 rursus
663 4591 916 4652 confirmarentur.
962 4592 1041 4653 Nam
1064 4590 1136 4660 nibil
1165 4587 1338 4651 incredibile
1368 4588 1505 4668 amplius,
1529 4586 1593 4667 pri-

249 4699 331 4744 mum
355 4689 452 4761 atque.
468 4680 632 4741 advocatur
648 4683 726 4750 deoc
742 4678 804 4742 ἀπο
819 4701 955 4761 utramc-
993 4681 1089 4759 Igitur
1113 4687 1144 4741 et
1163 4687 1280 4761 tempus
1304 4679 1513 4740 decerneretur
1531 4671 1596 4738 200

250 4787 416 4840 annorum,
445 4776 476 4831 et
498 4769 595 4842 locus,
623 4768 796 4849 Huugaria,
824 4769 979 4842 Moravia,
1011 4769 1177 4849 Hispania,
1211 4786 1288 4849 quae
1319 4768 1374 4829 sub
1397 4766 1595 4846 Sagittarium

250 4858 441 4924 referuntur:
473 4857 627 4937 imperium
657 4878 728 4920 vero
751 4859 919 4920 Romanum
943 4867 995 4920 aut
1026 4868 1093 4921 tota
1117 4857 1293 4920 Christiana
1324 4856 1455 4937 respubl.
1489 4872 1596 4926 exeo,

252 4948 342 5030 quod,
362 4956 400 5010 ut
422 4947 496 5008 haec
519 4956 590 5009 sont
611 4950 774 5029 praecipua
797 4948 890 5011 totius
914 4948 1147 5029 orbis-imperia,
1172 4947 1215 5009 sic
1230 4945 1413 5025 Sagittarius
1437 4945 1492 5006 boc
1515 4952 1595 5006 tem-

250 5056 326 5120 pore
349 5035 526 5118 praecipuus
548 5037 625 5098 coeli
648 5039 741 5113 locus,
766 5048 799 5102 nt
817 5038 846 5100 in
866 5057 923 5119 quo
946 5037 1063 5101 initium
1085 5037 1195 5117 trigoni
1217 5035 1297 5116 ignei
1320 5042 1353 5096 et
1369 5036 1510 5115 planetae
1533 5043 1596 5097 tres

1330 5136 1386 5193 47·
