3692 5842
821 478 904 530 Norae
921 476 1035 529 thanus.
1215 549 1217 554 Α
1542 478 1608 548 413

243 661 383 708 erratorum
400 655 486 707 naert
504 655 620 706 immunis
639 660 692 710 est,
712 653 810 718 quando
828 654 927 720 quidem
946 661 1048 712 eumer,
1071 655 1136 720 quod
1155 657 1208 719 ejus
1225 669 1289 719 paee
1307 656 1400 708 dictum
1419 656 1488 713 vole,
1518 656 1608 707 alicubi

242 728 355 793 gnsiter
369 725 544 778 hahueiuatur.
581 725 690 775 caman
706 731 881 788 praematurae
895 724 958 775 Solis
977 726 1139 789 apparitionis
1154 728 1179 775 iu
1198 727 1276 776 solam
1294 729 1369 778 maris
1387 727 1610 778 detumesceniiam

246 796 377 861 conjicit.u
414 797 482 848 Dein
509 798 663 864 geometrica
688 796 897 846 demonstratione
922 810 983 846 usus
1010 798 1119 847 ostendit
1142 798 1300 862 Breuggerus
1329 802 1416 861 ,juxta
1432 798 1464 848 lt.
1486 800 1609 850 ratonem

242 870 322 917 maris
340 870 496 933 superficiem
515 867 581 917 nitra
601 865 633 915 12
651 866 730 916 miliia
747 881 864 929 passuum
883 867 1033 918 descendero
1050 870 1192 931 oportuisse.
1232 868 1280 928 Qui
1298 869 1350 918 fieri
1372 871 1487 934 potuerit,
1506 876 1534 919 ut
1553 877 1608 919 tam

242 938 354 989 insolens
378 941 453 989 maris
475 952 548 987 casus
564 938 675 987 Batavos
691 937 811 987 latuerit?
830 938 895 1004 Ergo
912 937 987 987 sliam
1004 940 1104 989 subesse
1121 938 1193 1002 hujus
1210 941 1371 1003 apparentiae
1388 954 1490 990 causam
1505 945 1609 1004 eportet.

243 1010 277 1061 de
295 1024 347 1075 qua
367 1010 426 1075 quid
445 1024 492 1075 ego
510 1011 626 1061 sentiam,
644 1012 697 1070 jam
716 1008 807 1058 dudum
826 1023 892 1058 anno
911 1003 953 1058 08.
975 1010 1007 1058 ab
1025 1012 1111 1059 amicis
1129 1011 1268 1074 requisitus,
1286 1011 1411 1075 exposui.u
1450 1010 1533 1071 Quam
1550 1024 1608 1060 aen·

244 1083 362 1140 ιοιιιιιιιι,
386 1080 469 1131 Solen:
480 1093 525 1144 per
540 1080 714 1129 remotionem
726 1081 751 1127 in
771 1085 828 1129 atre
840 1094 959 1143 saporose
978 1081 1055 1130 denso
1068 1083 1220 1145 apparuisse,
1240 1082 1346 1132 breviter
1362 1082 1504 1145 subiiciens,
1525 1082 1608 1132 addit:

337 1150 394 1210 „De
411 1152 460 1202 hae
471 1165 505 1201 re
524 1152 595 1200 selim
613 1150 646 1200 D.
666 1150 795 1199 Rbsiiuum
818 1152 933 1215 privatim
950 1151 981 1200 ab
1000 1154 1085 1202 amicis
1101 1153 1204 1209 moneri,
1226 1159 1256 1202 nt
1274 1153 1294 1201 si
1312 1155 1351 1203 ita
1375 1154 1496 1204 ridebitur
1512 1154 1565 1218 ipse
1582 1166 1610 1203 se

251 1225 376 1289 corrigere
393 1224 480 1288 pessit.
498 1236 530 1272 na
547 1223 609 1271 iorte
629 1222 660 1271 ab
680 1222 735 1271 aliis
753 1222 848 1285 publice
868 1224 1037 1285 corripiatur.“

337 1293 411 1355 Quae
427 1293 532 1359 posthac
553 1292 711 1358 Breuggerus
727 1292 776 1343 hac
795 1294 826 1344 de
844 1309 871 1343 re
896 1295 1016 1352 senserit,
1043 1294 1159 1360 leguntur
1176 1295 1203 1344 in
1228 1294 1306 1345 literis
1328 1296 1404 1360 ipsius
1424 1295 1456 1345 ad
1473 1294 1609 1360 Kepleram

244 1365 321 1426 datis,
340 1379 402 1429 quas
420 1379 478 1432 pag.
498 1361 541 1411 11.
564 1366 741 1428 proposuimus.

335 1435 414 1486 Dav.
441 1435 612 1485 Fabricius
635 1435 702 1483 hanc
728 1449 824 1500 qnoque
850 1435 1020 1500 quaestionem
1048 1438 1163 1487 movebat
1187 1437 1213 1484 iu
1242 1434 1404 1501 compluribus
1424 1437 1456 1487 ad
1475 1435 1609 1502 Keplerum

244 1508 311 1558 datis
329 1506 418 1564 literis,
435 1507 541 1571 primum
559 1501 594 1567 (d.
614 1503 657 1554 28.
678 1507 736 1569 Apr.
757 1521 779 1555 ι.
799 1513 831 1556 ιι.
855 1504 934 1568 1602)
953 1506 991 1557 his
1010 1508 1103 1557 verbis:
1130 1508 1247 1558 Hellandi
1267 1522 1332 1557 anno
1352 1503 1393 1556 96.
1421 1509 1609 1573 superveniente

244 1585 366 1629 autum
386 1584 412 1627 et
429 1578 512 1643 glacie
529 1576 680 1641 impediente
700 1577 732 1627 ad
750 1578 840 1627 fretum
856 1577 971 1642 Weigatz
990 1578 1152 1628 hibernarent
1170 1577 1215 1628 sub
1232 1579 1293 1627 elev.
1312 1579 1361 1642 pell
1377 1574 1433 1628 76⁰.
1470 1579 1547 1628 lsthic
1565 1595 1610 1645 per

244 1661 367 1716 mgnum
386 1649 549 1712 quadrantem
568 1648 697 1712 aliquoties
718 1653 744 1697 et
762 1649 893 1713 diiigenter
917 1650 1091 1706 observarunt,
1112 1664 1190 1713 eoque
1209 1663 1275 1698 anno
1293 1647 1335 1699 ²4.
1356 1649 1412 1701 Oct.
1433 1665 1457 1698 v.
1476 1659 1507 1699 st.
1527 1651 1610 1701 Solem

243 1722 271 1771 Ιιι
294 1715 344 1770 10ο
362 1718 464 1785 bviii,
483 1720 618 1769 secundam
637 1718 739 1782 Jcsephi
759 1718 849 1769 Scalae
861 1719 1036 1782 Ephemerides
1056 1717 1264 1781 (Venet.1589).
1283 1723 1371 1785 quibus
1389 1722 1427 1771 usi
1444 1729 1510 1771 aaut
1539 1721 1610 1771 Tunc

245 1792 335 1842 ultr'me
359 1799 496 1841 extremum
515 1790 579 1841 Solis
607 1791 706 1839 limbum
725 1792 787 1840 usui
811 1805 894 1839 eorum
919 1805 947 1840 se
972 1790 1158 1842 subtrahentem
1184 1792 1353 1848 observarunt,
1380 1792 1534 1857 eundemque
1552 1807 1609 1842 rere

243 1861 348 1914 limbum
366 1877 461 1912 mmum
488 1875 554 1911 anno
575 1858 618 1909 07.
647 1860 688 1909 1t.
709 1862 768 1912 Jau.
787 1864 862 1925 primo
887 1871 1055 1927 emergentem
1080 1869 1260 1926 conspexerunt
1281 1868 1308 1911 et
1332 1865 1431 1925 majoris
1457 1865 1610 1914 certitudinis

245 1947 327 1984 eausa
347 1932 450 1993 addunt,
470 1933 546 1984 inisse
565 1948 595 1982 eo
614 1932 656 1982 die
675 1934 874 1995 conjunctionem
892 1933 960 1982 Joris
977 1942 1003 1983 st
1018 1934 1106 1983 Lunae
1124 1936 1151 1984 iu
1165 1933 1256 1983 Tauro.
1292 1933 1364 1984 Haec
1384 1936 1487 1984 emersio
1506 1937 1609 1999 primum

244 2012 302 2069 post
324 2001 427 2053 11-16
447 2004 499 2053 dies
518 2004 544 2052 iu
563 2019 595 2054 ea
620 2004 757 2054 elevatione
785 2004 837 2052 fieri
864 2004 996 2054 debuisset.
1035 2005 1106 2055 Haec
1134 2020 1172 2054 res
1200 2006 1263 2053 mira
1290 2012 1329 2054 est
1353 2012 1440 2054 etant
1467 2006 1610 2071 generalem

244 2076 340 2126 Terrae
360 2075 537 2125 rotunditatem
563 2076 628 2123 toilit
646 2083 691 2123 aut
715 2075 814 2124 tabulas
840 2078 909 2140 primi
936 2076 1032 2125 mobilis
1059 2076 1176 2125 falsitatis
1204 2075 1294 2141 arguit.
1331 2074 1459 2125 Refractio
1479 2078 1525 2126 etsi
1543 2076 1611 2126 bidui

244 2147 282 2197 rel
301 2148 379 2196 tridui
399 2148 506 2210 spatium
524 2148 550 2195 in
569 2148 623 2194 istis
636 2146 697 2195 locis
715 2141 833 2196 inducere
851 2148 968 2209 potuerit,
985 2146 1045 2196 nihil
1063 2153 1149 2196 tamen
1168 2147 1236 2206 lacit,
1256 2160 1314 2196 nam
1330 2149 1366 2196 sic
1385 2149 1461 2197 etiarn
1478 2150 1503 2196 iu
1522 2148 1611 2197 nldma

246 2218 416 2269 occultatione
444 2218 551 2267 eandem
576 2217 741 2267 differentiam
768 2218 900 2277 intulisset,
929 2232 1002 2282 quam
1020 2222 1046 2267 in
1068 2219 1149 2282 prima
1177 2219 1313 2267 emersione
1339 2220 1413 2274 iecit:
1442 2220 1487 2268 sed
1512 2226 1610 2283 tempus

244 2290 350 2340 ultimae
379 2289 553 2339 cordationis
580 2290 688 2352 proxime
707 2289 740 2337 ad
757 2289 868 2338 tabulam
897 2303 949 2338 asc.
978 2290 1091 2354 obliquae
1114 2287 1162 2337 ⁷6⁰
1189 2290 1317 2354 congruit,
1346 2292 1448 2340 emersio
1476 2303 1532 2340 rere
1550 2303 1608 2339 non.

245 2361 313 2427 Ergo
332 2375 364 2410 ex
381 2360 530 2410 retractione
557 2362 657 2409 minime
676 2367 715 2410 est
742 2360 786 2409 illa
809 2359 958 2409 differentia.
995 2359 1095 2410 Montes
1120 2375 1215 2425 queque
1242 2360 1312 2418 nulli,
1341 2376 1396 2411 cum
1421 2362 1524 2426 planum
1541 2374 1610 2412 mare

244 2446 331 2483 nesus
355 2431 482 2481 meridiem
510 2431 557 2480 illis
583 2432 656 2481 luerit
682 2433 708 2480 in
737 2440 879 2495 conspectu.
918 2430 1018 2492 Quaeso
1037 2432 1143 2482 Domine
1171 2438 1200 2480 ut
1227 2431 1294 2482 hunc
1320 2432 1413 2482 nodum
1438 2432 1611 2484 miraculosum

249 2503 386 2555 enucleare
405 2502 516 2552 studeas.

338 2572 477 2638 Responsio
495 2572 598 2639 Kepleri
618 2572 695 2623 deest.
728 2572 895 2622 Fabricius
914 2574 940 2622 iu
959 2573 1064 2637 epistola
1082 2573 1106 2623 d.
1126 2573 1149 2623 d.
1171 2570 1239 2636 illl.
1259 2575 1324 2639 Aug.
1345 2571 1422 2623 1602.
1440 2573 1505 2625 baec
1523 2574 1609 2639 prieri-

244 2647 291 2697 tm
308 2643 421 2709 Kepiero
445 2645 596 2709 respondeus
615 2643 701 2694 addit:
721 2643 761 2693 Ad
782 2650 902 2708 punctum
922 2645 953 2694 de
972 2645 1101 2695 Hollaudis
1126 2645 1207 2695 baec:
1231 2644 1352 2707 Maiorem
1370 2645 1420 2696 illic
1440 2659 1494 2695 esse
1517 2647 1609 2696 rehae-

245 2720 341 2767 tlcuern
359 2731 410 2765 non
428 2716 522 2772 dubito,
540 2722 626 2766 umen
643 2730 693 2765 non
712 2722 780 2779 puto,
800 2715 866 2780 qued
884 2711 1106 2765 ostentationem
1126 2719 1275 2766 constituere
1297 2717 1388 2780 possit,
1408 2716 1472 2766 alias
1491 2718 1536 2766 sub
1554 2715 1610 2780 pelo

245 2789 358 2855 lugeam
375 2788 554 2853 magnitudinis
572 2795 646 2838 esset.
686 2786 801 2837 Concede
820 2792 903 2837 adrem
921 2789 1043 2851 puriorem
1061 2788 1088 2836 iu
1106 2788 1194 2837 ultima
1215 2787 1381 2838 crematione
1400 2787 1471 2843 Solis,
1492 2801 1567 2852 matu
1582 2788 1610 2837 in

246 2862 328 2924 prima
346 2862 491 2916 emersione,
509 2860 557 2908 hoc
575 2874 659 2909 verum
677 2867 774 2909 tantsm
793 2860 818 2908 in
838 2859 922 2923 aliqua
950 2859 1081 2909 altitudine
1106 2873 1181 2922 sopra
1201 2859 1363 2909 horizontem.
1399 2859 1492 2909 Verum
1509 2859 1609 2923 quando

244 2934 298 2995 iam
317 2930 419 2981 &ahda
438 2931 520 2981 iactus
537 2932 617 2995 ipsum
635 2932 787 2980 humanatam
805 2931 919 2995 attigerit
937 2935 964 2981 et
981 2930 1128 2987 eccmtetur,
1147 2944 1198 2980 non
1215 2936 1298 2994 petest
1316 2943 1370 2980 esse
1388 2933 1467 2992 maior
1483 2932 1609 2987 retractio.

246 3016 322 3068 quam
349 3017 407 3053 cum
421 3002 448 3051 iu
466 3003 547 3068 prima
572 3004 708 3052 emersione
733 3002 886 3052 horizontem
913 3003 1024 3067 attingit
1063 3002 1146 3052 Causa
1165 3008 1203 3052 est
1231 3001 1295 3065 quud
1313 3000 1370 3059 Sol,
1399 3009 1427 3053 ut
1452 3001 1609 3053 ascendendo

247 3079 333 3126 uram
350 3074 473 3137 puriorem
485 3074 566 3123 reddit
578 3080 604 3122 et
615 3074 788 3124 refractionem
806 3074 935 3134 minorem,
954 3075 989 3124 sic
1004 3073 1178 3124 descendendo
1197 3075 1343 3124 crassiorem
1356 3078 1439 3124 abrem
1452 3075 1610 3136 etmalorum

246 3160 344 3212 queque
362 3144 536 3195 refractionem
554 3159 648 3194 rursum
668 3144 737 3197 iacit,
758 3146 836 3193 etsie
855 3146 984 3209 utrobique
997 3145 1022 3194 iu
1041 3145 1129 3195 nltma
1147 3144 1315 3195 occultatione
1334 3152 1360 3194 et
1378 3147 1457 3209 prima
1476 3145 1610 3196 emersione

247 3220 390 3281 atraeque
409 3216 565 3266 crassussit.
603 3215 638 3265 Ut
656 3215 825 3279 crepusculum
843 3218 994 3264 matutinum
1012 3222 1039 3264 et
1056 3218 1223 3280 vespertinum
1241 3215 1374 3266 in‘eadem
1400 3215 1531 3267 altitudine
1551 3230 1609 3280 ape·

246 3288 318 3347 rltur,
339 3301 384 3337 cur
399 3302 450 3336 nen
470 3288 594 3336 crassities
612 3301 707 3350 quoqne
727 3289 791 3336 aeris
816 3300 917 3350 vespere
937 3295 963 3336 et
980 3294 1077 3337 mature
1103 3287 1190 3337 eadem
1214 3286 1300 3336 meet?
1319 3287 1373 3353 Ego
1392 3287 1478 3352 loquor
1495 3286 1526 3337 de
1544 3288 1611 3352 puris

247 3358 343 3418 diebus,
362 3373 410 3407 nee
429 3359 527 3415 dubito,
546 3358 596 3406 iilic
614 3371 709 3422 quoque
728 3373 801 3420 puros
825 3358 947 3407 interdurn
966 3365 993 3407 et
1011 3359 1090 3408 clares
1110 3372 1164 3407 esse
1183 3358 1244 3407 dies.
1275 3357 1340 3423 Ergo
1360 3359 1393 3408 mi
1411 3357 1520 3422 Keplere
1538 3357 1612 3424 longe

247 3431 300 3481 aha
317 3430 383 3479 ratio
411 3432 458 3479 erit
479 3429 553 3492 huius
578 3429 762 3493 discrepantiae
780 3431 805 3478 in
825 3428 888 3479 Solis
913 3444 1006 3479 occasu
1025 3437 1051 3478 et
1068 3436 1130 3478 crta.
1170 3429 1309 3493 Diligenter
1327 3443 1387 3493 crgo
1410 3429 1547 3480 considera.
1585 3429 1611 3478 Si

246 3503 356 3554 mamma
374 3504 418 3550 atr
435 3503 462 3550 iu
480 3502 561 3565 prima
578 3501 714 3550 emersione
739 3502 835 3550 ratione
857 3515 975 3563 raporum
998 3501 1149 3550 terrestrium
1175 3502 1280 3550 crassior
1305 3501 1406 3557 luisset,
1435 3507 1520 3550 nmen
1539 3500 1608 3550 t-t

248 3573 373 3639 graduum
391 3572 557 3622 &herentem
576 3585 663 3635 parere
681 3586 753 3635 posse
773 3578 856 3623 aerem
874 3587 924 3621 neu
944 3578 984 3623 est
1001 3572 1126 3622 credibile.

337 3641 414 3692 Mirer
431 3657 536 3707 quoque,
556 3648 582 3692 te
600 3650 697 3694 montes
710 3650 736 3693 et
748 3644 818 3693 arida
836 3645 1010 3707 terrestriaque
1022 3644 1080 3693 loca
1091 3643 1198 3692 fumaria
1215 3642 1298 3694 iacere
1311 3648 1338 3692 et
1349 3658 1399 3694 uon
1412 3646 1493 3707 petius
1511 3644 1612 3695 nubium

247 3729 352 3768 amam
370 3716 395 3764 iu
414 3717 494 3766 maria
513 3716 672 3765 mustituere.
710 3714 814 3765 Raticm
839 3716 943 3765 vicinius
961 3723 999 3765 est
1018 3715 1132 3775 credere,
1157 3714 1222 3779 quod
1241 3729 1271 3764 ex
1293 3713 1399 3764 humidis
1424 3716 1484 3765 locis
1509 3729 1612 3780 vapores

247 3786 403 3845 asceudant,
432 3801 506 3851 quam
524 3800 555 3836 cx
574 3787 697 3843 annosis,
726 3787 808 3836 saxeis
830 3794 856 3836 et
880 3787 946 3836 dans
972 3787 1095 3836 montibus
1115 3793 1141 3835 et
1158 3787 1237 3836 terris.
1276 3785 1432 3840 &uterium
1450 3787 1490 3837 hic
1508 3789 1534 3837 in
1552 3788 1612 3838 loeis

245 3860 311 3910 mari
331 3858 417 3907 ricinis
436 3857 545 3923 quotidie
564 3858 710 3920 experimur.
736 3856 819 3921 Major
837 3864 874 3906 est
894 3858 1018 3921 dispositio
1038 3856 1164 3923 aquaead
1184 3856 1271 3916 hunos,
1290 3872 1364 3923 quam
1383 3867 1473 3909 terrae.
1504 3858 1612 3924 Adspice

246 3929 310 3979 ollas
328 3930 381 3993 igni
400 3930 527 3993 appositas
547 3934 574 3979 et
591 3929 678 3977 viridia
696 3927 774 3994 ligna,
795 3934 820 3978 et
839 3929 901 3979 dura
919 3930 1035 3993 siccaque
1054 3928 1192 3979 considera.
1218 3928 1354 3979 'laetantur
1372 3946 1467 3996 quoque
1484 3930 1614 3981 itineraria

245 3999 351 4056 Indica,
377 3999 433 4049 illas
452 4003 584 4050 continuas
612 4000 708 4064 pluries
726 4002 752 4049 in
771 3999 917 4050 littoralibus
943 3999 1003 4050 locis
1030 4002 1110 4066 magis
1138 4015 1212 4066 quam
1231 4001 1257 4050 in
1274 4001 1462 4052 mediterraneis
1484 4002 1546 4053 fleri.
1584 4001 1612 4052 ln

245 4078 346 4136 menta
365 4084 444 4121 causa
462 4079 509 4126 est,
529 4072 589 4135 qnia
606 4085 675 4120 mare
695 4070 798 4122 exhalat
814 4073 946 4121 materiam
964 4072 1109 4137 pluviarum.

338 4149 433 4212 Οιίιιιιι
451 4149 612 4215 Keplerns
630 4148 666 4210 (d.
687 4150 711 4200 2.
726 4152 789 4200 Dec.
811 4149 892 4213 1602)
915 4153 1057 4217 respondit:
1085 4147 1129 4199 De
1158 4145 1326 4200 refractione
1353 4148 1381 4200 in
1415 4147 1482 4201 iocis
1510 4148 1612 4217 hyper·

247 4224 340 4280 harem
370 4224 575 4296 'argumentaris
604 4241 659 4279 uon
679 4232 712 4279 ut
732 4227 766 4278 de
786 4243 817 4280 re
847 4227 979 4297 physica,
1011 4228 1059 4279 sed
1081 4233 1112 4279 ut
1132 4228 1166 4279 de
1196 4227 1340 4295 parallari
1368 4233 1419 4281 aut
1445 4226 1542 4296 eclipsi
1563 4234 1613 4281 ant

245 4305 422 4377 longitudine
443 4305 556 4369 dierum,
579 4304 621 4359 ita
640 4306 846 4361 mathematice.
890 4309 960 4370 Non,
982 4306 1082 4376 inquis,
1104 4312 1187 4359 tauta
1207 4323 1269 4359 esse
1290 4313 1397 4377 potest,
1419 4324 1454 4359 ne
1475 4308 1526 4359 sub
1546 4305 1612 4376 pole

244 4387 295 4440 hat
316 4385 426 4456 iugens.
469 4386 514 4440 lta
533 4402 576 4440 me
599 4388 679 4440 doces
707 4388 914 4457 argumentari:
938 4387 965 4441 in
986 4386 1122 4457 Styriacia
1150 4386 1262 4455 alpibns
1288 4402 1424 4456 perennes
1453 4402 1514 4439 esse
1535 4387 1612 4440 nives

245 4473 397 4536 nequeunt,
416 4465 490 4519 alias
511 4465 539 4519 in
559 4466 662 4531 Dania,
686 4484 758 4537 quae
782 4466 1028 4537 septentrionalior
1049 4475 1108 4531 est,
1131 4482 1210 4520 neruo
1230 4466 1316 4535 plane
1341 4466 1445 4535 poterit
1473 4466 1612 4520 habitare.

245 4546 309 4600 Non
329 4545 463 4617 sequitur.
492 4545 564 4600 Sunt
585 4546 651 4599 locis
674 4563 743 4600 suae
765 4548 961 4617 proprietates,
984 4554 1083 4601 auctae
1106 4547 1214 4617 quidem
1235 4548 1310 4609 alibi,
1333 4545 1401 4599 alibi
1422 4546 1555 4599 remissae
1576 4548 1613 4600 ab

246 4626 437 4680 monomicis
463 4626 569 4688 causis,
601 4628 649 4679 sed
679 4635 775 4681 tamen
796 4645 851 4681 non
872 4629 909 4682 ab
930 4628 973 4682 his
994 4627 1060 4681 solis
1090 4628 1295 4697 dependentes,
1322 4642 1417 4680 verum
1445 4624 1562 4695 seipsis
1583 4634 1613 4679 et

247 4705 406 4761 conditione
427 4705 471 4761 sui
491 4705 611 4775 subjecti
632 4707 727 4762 nixae.

335 4786 469 4857 Ejusdem
489 4803 587 4840 census
607 4793 652 4840 est
666 4794 696 4843 et
709 4788 762 4842 illa
779 4794 830 4842 tua
851 4787 943 4842 altera
963 4786 1107 4857 exceptio:
1133 4786 1180 4842 Sel
1199 4788 1274 4841 altus
1297 4787 1402 4841 alterat
1422 4786 1612 4852 refractioues,

246 4868 360 4924 declivis
381 4884 436 4922 neu
456 4867 531 4922 item.
573 4866 629 4921 Imo
659 4867 731 4924 haec
764 4868 895 4922 alteratio
916 4886 972 4923 non
993 4876 1037 4922 est
1058 4885 1076 4923 a
1095 4867 1160 4923 Sele
1189 4875 1298 4922 tantum
1318 4867 1347 4921 in
1375 4869 1433 4921 alto
1455 4875 1485 4920 et
1505 4868 1612 4932 declivi,

246 4955 389 5020 utusque
410 4946 499 5020 frigus
521 4945 618 5001 hiemis
640 4956 670 5002 et
690 4949 770 5002 calor
795 4947 929 5003 aestatis:
959 4951 1007 5002 sed
1029 4955 1058 5002 et
1080 4950 1150 5002 haee
1169 4956 1200 5003 et
1219 4947 1271 5001 iila
1290 4947 1374 5002 etiam
1394 4963 1413 5002 a
1432 4946 1614 5003 diuturnitate

247 5028 388 5099 temporo.
429 5027 469 5083 Et
488 5043 594 5100 uagam
615 5046 671 5084 uon
703 5036 804 5099 potes,
827 5029 982 5084 Hellaudos
1012 5028 1114 5084 diutius
1135 5028 1200 5084 Sole
1221 5028 1359 5093 caruisse,
1390 5027 1447 5097 jam
1472 5030 1613 5095 redeunte,
