3692 5842
336 461 398 532 ¹42
808 460 1000 529 rumpamus
1017 465 1043 515 n
1063 463 1229 517 vienensem.

332 661 498 725 perquem
523 639 578 703 Sol
602 640 702 703 radiat
729 638 879 720 proxime,
911 639 956 702 sic
980 650 1013 703 ut
1035 661 1095 704 nna
1127 644 1291 724 eademque
1316 648 1395 709 aeris
1427 646 1510 726 regio
1541 646 1632 709 alteri
1656 646 1699 709 sit

333 729 591 813 splendidissima,
615 728 712 804 alteri,
737 728 783 789 cui
799 727 854 789 Sol
869 729 931 790 alia
946 750 1013 791 sese
1037 730 1178 807 insinuat,
1204 734 1301 795 minus
1325 737 1503 815 splendida:
1528 736 1593 799 atri
1619 736 1698 798 enim

332 840 389 884 ana
412 829 462 882 est
483 820 595 882 albedo
618 839 673 881 seu
704 819 797 880 color.
844 816 877 879 Si
907 839 1000 881 causa
1029 839 1086 881 non
1119 822 1246 884 dilucide
1280 824 1357 886 satis
1381 833 1430 887 est
1463 826 1566 900 dicta,
1602 825 1700 888 lector

332 909 424 973 aliam
446 907 700 971 comminiscatur.
747 906 844 968 Simul
872 907 1068 970 fundamenta
1090 910 1139 973 hic
1167 912 1367 976 halooibas
1391 922 1423 976 et
1451 915 1698 995 crepusculis

329 999 443 1081 jecisse
467 998 581 1060 videor.

422 1087 513 1166 l’rop.
537 1086 657 1148 XXIV.
681 1085 1286 1169 Luxrepercnssaasnperfioie
1310 1092 1494 1170 corporis,
1518 1099 1699 1171 qnatenus

334 1194 482 1257 corpus,
507 1195 578 1237 nou
603 1175 805 1236 coloratur.
852 1174 934 1235 bam
956 1175 1081 1253 parib
1106 1177 1190 1238 color
1218 1177 1298 1240 inest
1321 1180 1496 1257 corporibus
1519 1200 1573 1260 per
1597 1189 1699 1243 mate·

335 1267 426 1339 mam,
462 1284 538 1345 quae
563 1274 626 1325 tres
658 1262 860 1325 dimensiones
884 1263 995 1335 habet;
1028 1264 1201 1346 superficies
1233 1267 1326 1329 habet
1350 1277 1468 1330 tantum
1493 1270 1580 1331 duas.
1622 1269 1699 1333 lt'on

334 1364 386 1417 est
409 1370 479 1432 ergo
503 1353 532 1415 in
557 1353 610 1414 illa
632 1352 725 1413 color
772 1349 860 1421 Quod
895 1360 995 1413 autem
1028 1353 1140 1435 aliquid
1170 1354 1280 1417 coloris
1314 1356 1472 1431 miscetur,
1508 1358 1565 1420 lroc
1589 1376 1700 1438 corpas

336 1443 423 1523 cujus
446 1451 496 1503 est
518 1441 691 1522 superficies
715 1440 752 1500 de
775 1459 829 1501 suo
854 1440 955 1514 addit,
989 1443 1162 1522 quantulum
1194 1445 1312 1523 quidem
1337 1465 1394 1506 non
1420 1446 1447 1506 in
1472 1446 1555 1508 illum
1580 1455 1699 1509 tantum

339 1533 439 1596 locum
463 1532 517 1593 sed
540 1541 573 1593 et
596 1529 788 1592 circumcirca
811 1530 937 1607 spargit.
946 1526 979 1601 *t

425 1621 520 1723 Ρτορ.
553 1619 657 1682 XXV.
716 1619 790 1679 Lux
824 1637 886 1697 per
917 1620 1069 1680 medium
1103 1620 1293 1683 transiens
1333 1623 1538 1686 coloratum
1577 1623 1700 1703 magis

338 1710 530 1789 magisque
549 1709 759 1779 coloratur,
780 1717 816 1768 et
834 1707 1075 1770 rubicundior
1094 1710 1184 1782 exit,
1201 1712 1526 1791 quaeprofnndins
1545 1714 1700 1776 medinm

336 1799 507 1877 trajecit.
554 1799 647 1860 Patet
669 1815 724 1877 per
751 1791 798 1858 16.
847 1793 928 1865 Quia
951 1799 1033 1859 color
1064 1798 1180 1876 objectu
1210 1800 1284 1862 lucis
1308 1819 1364 1861 non
1395 1811 1511 1863 tantnm
1537 1804 1565 1864 in
1589 1821 1700 1883 snper·

340 1888 407 1949 licie
431 1886 485 1948 sed
509 1895 541 1947 et
564 1887 593 1947 in
617 1905 740 1966 corpore
764 1894 821 1947 est.
833 1882 887 1951 **)

429 1976 519 2055 Ρτορ.
554 1975 674 2037 XXVI.
727 1974 842 2036 Lucis
874 1974 971 2035 radii
1001 1992 1038 2035 se
1069 1984 1194 2037 mutuo
1227 1995 1342 2056 neque
1373 1979 1547 2040 colorant
1581 1998 1701 2059 noque

332 2065 542 2128 illustrant
563 2083 680 2144 neque
704 2062 907 2144 impediunt
931 2064 1006 2124 ullo
1030 2065 1142 2125 modo.
1181 2062 1272 2125 Rodii
1293 2065 1370 2128 enirn
1387 2085 1441 2147 per
1459 2063 1491 2129 t.
1515 2068 1592 2129 nibil
1617 2068 1698 2130 aliud

339 2162 424 2228 sant,
451 2173 538 2234 quam
562 2155 628 2234 ipse
661 2164 760 2215 motus
794 2151 868 2213 lucis
891 2162 923 2214 et
956 2152 1074 2221 coloris,
1107 2154 1214 2214 necin
1239 2153 1298 2214 illis
1329 2156 1379 2215 lna
1403 2168 1450 2217 est
1473 2159 1545 2237 (per
1566 2155 1619 2231 8),
1644 2157 1698 2218 sed

337 2245 402 2325 jam
427 2243 559 2306 transiit.
606 2240 688 2304 Sane
711 2252 746 2303 nt
768 2260 823 2303 nec
846 2239 989 2321 physicus
1013 2250 1111 2303 motus
1135 2242 1214 2303 alter
1237 2241 1363 2304 alterum
1389 2258 1498 2307 movet.

429 2332 521 2412 Prop.
540 2331 678 2394 XXVll.
712 2329 789 2391 Lux
813 2330 848 2391 in
873 2330 995 2391 eodem
1020 2330 1137 2391 medio
1161 2332 1296 2409 partim
1320 2335 1590 2412 repercutitur.
1615 2352 1698 2413 par-

338 2421 404 2486 tim
429 2420 668 2501 infringitur,
701 2419 840 2498 partim
869 2428 908 2479 et
935 2419 969 2479 in
1003 2420 1128 2480 colore
1161 2420 1270 2481 medii
1302 2422 1556 2495 adhaerescit,
1592 2442 1701 2484 sena

336 2511 461 2573 colore
485 2510 704 2572 revibratur
732 2516 842 2588 atque
875 2508 929 2569 ita
953 2507 985 2568 in
1019 2508 1207 2571 tenuiores
1241 2510 1344 2571 luces
1373 2511 1562 2574 dividitur.
1610 2509 1698 2583 Qua·

338 2609 427 2661 tenus
452 2599 531 2662 enirn
555 2598 627 2661 ferit
649 2597 849 2676 superficiem,
874 2597 1074 2676 repercutitur
1097 2616 1150 2676 ρετ
1177 2595 1228 2669 18,
1262 2608 1408 2676 qnatenus
1432 2620 1503 2662 vern
1527 2620 1565 2662 ea
1589 2619 1699 2681 supar-

340 2689 423 2751 flcies
447 2697 495 2750 est
519 2687 660 2768 pellucidi
684 2686 827 2766 corporis,
852 2705 906 2766 ρετ
923 2683 972 2748 tt).
991 2685 1100 2746 transit
1115 2696 1146 2747 et
1165 2705 1218 2766 per
1238 2684 1289 2749 20.
1307 2688 1489 2768 refringitur.
1528 2689 1608 2752 Dum
1628 2708 1701 2769 ergo

340 2777 399 2840 dno
423 2777 543 2856 objecta
566 2776 710 2849 illustrat,
735 2776 861 2836 alterum
876 2793 929 2854 ρετ
944 2792 1150 2853 repercussum
1170 2774 1296 2836 alterum
1312 2796 1365 2856 per
1379 2780 1551 2853 refractum,
1579 2787 1697 2841 utr'um·

338 2886 396 2947 que
420 2866 578 2946 aequalem
602 2866 647 2938 ei,
679 2882 843 2943 perquem
868 2864 981 2925 directe
1006 2862 1114 2925 fuisset
1142 2863 1350 2927 illustratura:
1385 2875 1561 2930 attenuatur
1584 2867 1699 2949 ntique,

339 2956 412 3036 qnia
448 2954 524 3016 haec
560 2952 692 3014 delinitio
728 2952 898 3015 tenuitatis.
955 2952 1043 3013 Facit
1079 2952 1134 3013 hnc
1171 2952 1264 3031 ipsius
1302 2955 1392 3017 medii
1429 2976 1541 3038 auceps
1578 2965 1699 3020 natum.

339 3044 481 3121 Adiuvat
513 3043 647 3105 essentia
680 3042 753 3103 lucis
786 3041 948 3102 densitatis
980 3041 1148 3120 particeps,
1181 3062 1272 3121 quare
1302 3053 1333 3104 et
1357 3046 1385 3106 in
1410 3057 1514 3126 partes
1546 3046 1701 3109 tenuiores

338 3133 432 3195 dividi
456 3142 569 3211 potest.
616 3131 649 3193 ln
675 3144 756 3193 motu
780 3130 903 3211 physico
929 3130 984 3191 hoc
1008 3131 1051 3190 ita
1074 3130 1197 3191 evidens
1221 3150 1278 3192 non
1304 3141 1360 3206 eat,
1386 3136 1456 3214 quia
1481 3134 1647 3198 materiata
1669 3146 1702 3196 et

339 3222 415 3283 dnra
438 3221 547 3294 omnia,
573 3221 621 3283 hic
644 3220 716 3281 nihil
741 3222 812 3281 tale.
860 3219 987 3280 Vitellio
1010 3219 1120 3298 probat
1143 3220 1367 3299 experimentis.

427 3310 516 3389 Prnp.
542 3309 692 3371 XXVIII.
741 3309 862 3370 Luces
886 3307 1013 3369 variae
1037 3307 1070 3368 in
1096 3307 1187 3369 idem
1215 3310 1399 3386 objectum
1429 3310 1641 3375 incidentes
1665 3323 1702 3373 et

339 3401 620 3462 accumnlantnr
643 3410 680 3459 et
704 3399 978 3480 permiscentur
998 3404 1070 3457 tum
1090 3398 1186 3459 inter
1208 3418 1246 3459 se
1263 3409 1334 3460 tnm
1354 3400 1462 3461 etiam
1483 3418 1559 3462 cum
1575 3402 1701 3463 colore

426 3574 452 3636 ‘i
475 3572 552 3634 Quod
576 3572 601 3625 in
626 3586 788 3641 repercussu
811 3586 862 3621 nnn
885 3568 1024 3621 coloretur
1044 3569 1108 3631 lux,
1131 3569 1321 3639 experimento
1348 3577 1460 3623 constat
1485 3570 1577 3634 sacili,
1601 3571 1625 3626 ai
1647 3572 1700 3627 ali·

338 3659 405 3725 quot
435 3652 529 3705 ordine
560 3652 673 3720 patellis
704 3650 840 3703 rariorum
872 3649 992 3701 colorum
1024 3649 1149 3703 humores
1186 3647 1357 3719 (aequaliter
1388 3657 1479 3703 tamen
1508 3648 1612 3719 puros)
1642 3651 1701 3706 soti

337 3733 510 3803 exposueris,
533 3732 571 3784 sic
592 3740 623 3785 ut
643 3746 820 3799 repercussus
842 3729 868 3781 in
892 3728 979 3781 locum
1010 3730 1117 3783 feratur
1147 3732 1300 3783 umbrosum
1322 3738 1353 3783 et
1373 3747 1457 3799 super
1484 3730 1578 3784 albam
1600 3748 1698 3802 anper·

337 3812 434 3873 ficiem.
476 3813 520 3865 lta
541 3812 583 3865 bia
605 3809 802 3881 experimentis
823 3809 855 3861 tit
875 3808 997 3871 evidens,
1019 3809 1125 3862 colores
1149 3828 1201 3862 nou
1223 3826 1284 3862 esse
1299 3810 1327 3863 in
1348 3809 1494 3879 superficie
1515 3812 1563 3864 sed
1586 3809 1615 3864 in
1637 3828 1699 3881 pro·

338 3891 440 3947 nnus:
470 3891 584 3961 proinde
615 3893 725 3944 elucere
755 3896 838 3958 atque
867 3890 937 3942 adeo
966 3889 991 3941 in
1023 3890 1141 3943 materia
1170 3892 1369 3960 quadamtenus
1398 3889 1539 3959 pellucida
1569 3892 1699 3946 haerare.

338 3971 454 4025 Omnino
482 3988 581 4040 corpus
608 3970 752 4041 requirunt
773 3969 877 4023 colores
905 3986 958 4022 non
986 3969 1073 4022 minus
1102 3977 1185 4039 atque
1212 3970 1284 4023 iufra
1313 3965 1395 4039 (Cap.
1425 3964 1487 4034 Vl.)
1516 3970 1576 4024 lux.
1621 3972 1700 4035 Qnod

338 4058 431 4105 antem
452 4052 627 4105 nihilominus
655 4065 773 4118 corpora
798 4049 1015 4117 repercutientis
1040 4050 1265 4103 communicatam
1287 4065 1365 4103 suam
1387 4050 1474 4103 luce·
1503 4050 1701 4105 orbiculariter

337 4146 463 4201 sparsam
478 4131 563 4185 etiarn
585 4145 766 4200 repercussae
788 4127 1003 4191 intermisceant,
1026 4139 1106 4199 patet
1125 4130 1152 4182 in
1175 4129 1374 4183 radiationibus
1390 4146 1439 4183 sen
1460 4129 1700 4186 illustrationibus

338 4211 535 4265 debilioribus:
558 4219 590 4263 nt
611 4209 725 4279 specula
746 4210 881 4277 quaedam
902 4210 1044 4262 metallica
1064 4210 1160 4262 taciem
1181 4216 1398 4279 repraesentant
1417 4210 1612 4273 rubicundam,
1635 4211 1701 4281 quia

338 4308 378 4346 aa.
401 4291 443 4344 sui
464 4291 564 4344 coloris
586 4290 663 4344 radio
684 4288 799 4357 simplici
828 4289 972 4342 illustrant
991 4297 1021 4341 et
1051 4290 1163 4359 tingant
1190 4289 1357 4342 retiiormera
1378 4306 1432 4358 nnp
1452 4290 1541 4343 multo
1567 4290 1699 4352 debilius.

338 4387 419 4443 qaam
441 4371 520 4425 tacioi
542 4372 635 4424 radius
656 4369 759 4437 duplex
782 4368 840 4420 sire
861 4387 1039 4438 repercussus
1061 4385 1080 4421 a
1099 4370 1218 4438 speculo.
1251 4369 1323 4422 Hinc
1344 4386 1394 4438 per
1415 4365 1468 4423 28.
1487 4370 1520 4423 dt
1539 4371 1642 4425 mixtio
1662 4389 1699 4425 ει

341 4458 458 4521 tetroque
480 4460 509 4504 ct
530 4467 615 4504 norun
637 4450 713 4502 color
733 4448 759 4501 in
782 4449 868 4502 oculo.

419 4529 459 4595 ⁸)
474 4530 666 4599 Propositione
678 4528 724 4581 25.
740 4529 815 4581 color
829 4529 855 4580 in
871 4527 1016 4597 superficie
1032 4546 1084 4581 non
1095 4528 1179 4582 aliter
1192 4528 1334 4589 statuitur,
1352 4544 1434 4597 quam
1444 4544 1532 4598 supra
1542 4531 1636 4601 (prop
1651 4530 1699 4586 idi

339 4610 481 4671 donitas:
512 4617 610 4680 estque
641 4625 755 4662 sensns:
787 4611 857 4677 quod
889 4608 1023 4660 hactenus
1045 4609 1151 4677 quidem
1173 4610 1222 4661 lux
1243 4616 1341 4677 utpote
1372 4609 1508 4677 quaedam
1538 4611 1700 4681 mperflcies

338 4707 424 4762 passa
445 4691 481 4745 sit
502 4706 519 4743 a
540 4691 679 4744 densitate
706 4687 791 4740 solius
822 4686 993 4756 superficiei,
1025 4687 1090 4755 quia
1116 4687 1239 4740 densitas
1269 4688 1459 4757 corpulentiae
1481 4688 1550 4742 attii
1572 4689 1701 4744 habebat

339 4787 399 4825 ωιιι
420 4772 470 4826 illa
491 4786 640 4824 commune.
683 4769 745 4820 Jarn
767 4783 832 4819 vero
854 4767 929 4819 color
951 4767 1036 4818 omnis
1058 4784 1107 4834 per
1129 4777 1214 4821 totam
1243 4770 1364 4836 corporis
1396 4768 1615 4837 profunditatem
1645 4770 1700 4824 inci

339 4853 440 4923 partini
461 4859 598 4923 cognatus
614 4858 666 4908 est,
689 4848 724 4900 ob
739 4848 830 4910 luceria¹
849 4845 1037 4913 potentialem,
1061 4848 1160 4915 partim
1182 4848 1343 4910 contrarius,
1366 4850 1401 4901 ob
1421 4848 1599 4904 intermixtas
1620 4858 1700 4904 tana·

338 4932 412 4986 laras.
455 4934 510 4986 Per
530 4937 618 4984 totam
640 4929 726 4999 igitur
746 4925 947 4994 corpulentiam
975 4926 1103 4992 pellucidi
1126 4929 1174 4981 lux
1196 4942 1214 4980 a
1234 4929 1325 4980 colore
1348 4928 1483 4986 afficitur.
1511 4945 1567 4984 uon
1589 4939 1700 4986 hatum

339 5011 367 5072 in
390 5013 510 5083 trajectu
533 5008 696 5084 superficiei,
719 5023 778 5060 cum
799 5005 970 5079 refringitur.
