3692 5842
848 477 930 542 capus
949 477 992 529 XI·
1535 475 1599 542 357

239 656 325 718 sinus
349 663 433 718 totus
457 654 496 717 ad
519 662 676 716 secantem
710 654 874 716 distantiae
899 653 981 715 Solis
1005 675 1023 715 a
1047 654 1176 728 vertice,
1202 652 1246 715 ita
1269 660 1398 733 tangens
1422 655 1600 717 minutorum

240 744 410 825 quindecim
434 743 474 806 ad
499 744 699 824 quantitatem
723 743 938 805 semidiametri
962 742 1117 817 brevioris,
1143 742 1172 803 in
1196 761 1344 817 mensura,
1370 763 1429 825 qua
1446 744 1516 818 AN,
1532 746 1599 819 NB,

240 854 279 897 ex
302 833 500 913 tangentibus
524 832 623 894 datur.
660 833 746 893 Haeo
763 833 855 912 igitur
878 832 1038 894 ordinatim
1063 832 1216 911 applicata
1235 841 1283 894 est
1301 833 1412 911 justior
1436 834 1600 913 amplitudo

239 923 355 987 circelli
378 922 511 984 minoris.
553 921 597 983 Et
619 921 689 1001 qnia
712 921 875 1001 pericnlum
900 930 958 994 est,
982 930 1015 982 nt
1037 922 1067 982 A
1092 930 1123 983 et
1145 921 1171 981 B
1194 930 1306 999 puncta
1329 941 1387 983 non
1411 922 1547 1000 praecise
1572 923 1600 984 in

239 1012 339 1076 medio
364 1011 552 1073 circularium
577 1009 695 1091 apicum
719 1011 832 1090 signes,
856 1010 986 1072 maxime
1011 1018 1046 1072 ut
1067 1018 1190 1089 propter
1214 1031 1328 1071 moram
1352 1011 1601 1074 intervenientem

240 1102 321 1166 radii
343 1101 448 1181 apices
471 1119 509 1161 ex
531 1101 571 1175 A,
595 1100 622 1160 Β
645 1099 728 1179 prius
752 1098 926 1172 discedant,
951 1118 1039 1178 qnam
1064 1098 1098 1174 (i,
1124 1100 1152 1160 D
1176 1107 1288 1178 puncta
1312 1102 1517 1180 expresseris:
1544 1119 1600 1181 quo

241 1199 334 1272 pacto
358 1187 548 1271 quantitates
563 1186 618 1251 CL
637 1196 669 1250 et
686 1187 751 1249 DM
773 1189 972 1250 vitiarentur:
998 1188 1065 1249 ideo
1085 1207 1138 1267 per
1151 1189 1177 1262 I,
1195 1185 1248 1250 21.
1274 1188 1444 1251 conioorum
1463 1189 1600 1251 notabis:

242 1289 275 1341 ut
298 1287 348 1340 est
372 1278 489 1358 longior
511 1278 658 1340 diameter
680 1276 736 1337 AB
761 1277 957 1357 (Apollonius
982 1297 1068 1338 axem
1097 1277 1209 1356 figurae
1239 1280 1341 1350 vocat)
1366 1280 1404 1339 ad
1435 1278 1600 1340 breviorem

242 1369 285 1442 (in
311 1386 436 1448 genere,
461 1374 496 1428 ut
518 1367 631 1446 figurae
656 1365 736 1427 latus
769 1376 974 1428 transversum
999 1366 1190 1439 adfectum)
1224 1364 1268 1426 sic
1292 1386 1360 1429 esse
1392 1368 1602 1446 rectaugulnm

241 1457 327 1521 ALB
352 1457 391 1520 ad
415 1455 594 1537 quadratum
617 1452 682 1529 LO,
708 1462 740 1516 et
767 1456 976 1534 rectaugulum
1000 1455 1090 1516 AMB
1115 1455 1153 1514 ad
1178 1456 1356 1534 quadratum
1380 1456 1452 1517 MD.
1499 1459 1601 1535 Atque

241 1546 298 1610 hoo
321 1555 413 1626 pacto
436 1545 636 1607 restituuntur
657 1541 711 1605 OL
726 1543 843 1616 etDM,
868 1544 892 1605 si
918 1544 1022 1605 vitium
1046 1544 1160 1604 habeut
1178 1563 1215 1603 ex
1239 1544 1486 1623 consignatione3
1511 1547 1599 1606 modo

242 1635 299 1698 AB
320 1635 409 1714 justa
431 1634 473 1696 sit
496 1643 528 1695 et
543 1632 621 1709 C,D
645 1641 823 1711 punctorum
838 1634 921 1694 locus
941 1634 1019 1695 inter
1038 1634 1077 1707 A,
1095 1634 1129 1706 B,
1155 1652 1248 1694 eausa
1271 1632 1465 1712 longitudinis
1486 1634 1600 1711 justus,

243 1724 294 1786 ubi
317 1723 415 1785 minus
440 1722 539 1784 estin
564 1721 792 1799 consignatione
815 1722 950 1801 periculi.
996 1721 1175 1799 Exemplum
1199 1722 1278 1783 infra
1302 1723 1330 1783 in
1355 1723 1451 1801 probl.
1477 1719 1528 1785 23.

330 1811 526 1874 Problema
557 1810 678 1874 XVIII.
734 1810 1006 1871 Inclinationes
1041 1811 1207 1871 Lunares
1244 1810 1421 1890 excipere
1460 1812 1602 1873 instru-

242 1910 378 1964 mento.
427 1898 604 1973 Circellnnr,
640 1898 737 1977 qualis
767 1907 815 1959 est
841 1899 870 1959 in
904 1899 1017 1960 tabella
1041 1898 1188 1972 exterior,
1220 1899 1384 1960 solidarum
1418 1901 1548 1980 partium
1573 1909 1605 1963 et

241 1991 370 2053 recisum
393 1988 533 2069 undique,
559 1987 687 2049 divisum
706 2009 725 2047 a
743 2007 857 2048 summo
882 1988 910 2048 in
936 1996 1038 2067 partes
1061 1983 1135 2060 360,
1162 2006 1336 2068 quacunque
1362 1990 1477 2050 ratione
1503 1997 1603 2051 statue

241 2079 269 2141 in
292 2078 509 2159 perpendiculo
542 2077 694 2139 radiomm
718 2077 897 2149 Lunarinm,
931 2078 975 2137 sic
998 2083 1031 2137 ut
1062 2076 1177 2138 initium
1209 2076 1364 2138 divisionis
1397 2078 1437 2139 sit
1469 2077 1604 2157 praecise

241 2188 383 2250 supremo
407 2168 487 2242 loco,
522 2185 579 2246 qno
603 2173 754 2227 momento
779 2166 1004 2227 inclinationem
1036 2165 1158 2245 deliquii
1182 2165 1312 2227 Lunaris
1337 2167 1421 2247 cupis
1447 2175 1603 2229 annotare.

242 2257 395 2320 Volvatnr
418 2256 447 2317 in
471 2255 581 2318 circulo
610 2255 729 2332 regula,
766 2255 882 2333 longior
914 2255 1060 2316 diametro
1092 2254 1213 2329 circuli,
1248 2255 1276 2315 in
1301 2257 1406 2335 regula
1429 2255 1470 2317 sit
1498 2265 1603 2317 trans-

241 2347 362 2409 versale
381 2345 504 2425 regulae
518 2345 775 2424 perpendiculare.
806 2342 965 2405 Collocato
981 2343 1082 2422 itaque
1103 2343 1224 2404 circello
1239 2352 1273 2405 ut
1288 2344 1392 2424 jussus
1412 2365 1454 2420 es,
1471 2345 1604 2407 transfer

242 2436 360 2499 oculum
385 2434 424 2496 ad
447 2435 582 2514 regulam
605 2452 729 2513 eamque
753 2433 840 2493 volve
865 2442 896 2494 et
920 2434 1035 2495 oculum
1060 2452 1156 2504 move,
1181 2434 1275 2495 donec
1300 2435 1506 2495 transversale
1531 2451 1600 2495 cor·-

242 2524 330 2588 nibus
366 2523 471 2585 Lunae
504 2521 704 2585 subtendatur
736 2541 774 2581 ea
806 2541 911 2600 aequo.
965 2521 1083 2599 Regula
1116 2523 1257 2583 ostendet
1285 2522 1313 2583 iu
1347 2523 1456 2584 circulo
1490 2523 1602 2603 gradus

242 2612 448 2677 inclinationis
477 2612 642 2694 quaesitos.
689 2609 798 2672 Solent
824 2611 1091 2672 instrumentorum
1120 2611 1338 2673 rnetallicorum
1370 2612 1501 2673 artifices
1525 2632 1601 2692 qua-

242 2703 384 2766 drantem
408 2701 436 2763 in
460 2702 582 2781 planum
606 2699 760 2761 verticalis
789 2708 1009 2779 competentem
1042 2700 1163 2779 infigere
1192 2699 1317 2780 tripodi,
1351 2701 1435 2762 etin
1460 2700 1602 2763 circulum

242 2791 407 2853 immittere
440 2789 637 2869 quadrantem
673 2796 777 2868 operto
809 2790 944 2863 alveolo;
978 2787 1120 2850 circulum
1151 2808 1221 2850 vero
1246 2809 1284 2849 ex
1307 2789 1423 2851 duobus
1455 2788 1603 2870 oppositis

242 2881 365 2962 punctis
390 2880 419 2941 in
444 2879 524 2940 linea
546 2876 693 2940 horizonti
716 2877 863 2957 parallelo
884 2878 981 2939 eidem
1006 2878 1116 2960 tripodi
1141 2879 1274 2958 ailigere.
1313 2879 1348 2941 Id
1372 2878 1602 2940 instrumentum

244 2970 382 3051 apprime
406 2977 454 3029 est
477 2968 559 3029 utile.

331 3059 400 3120 Hac
424 3057 540 3120 ratione
555 3057 585 3118 in
601 3055 706 3134 eclipsi
721 3055 826 3116 Lunae
851 3055 1003 3127 utendum,
1028 3056 1078 3117 nbi
1098 3064 1232 3117 nostrum
1252 3057 1483 3117 instrumentum
1508 3057 1603 3135 eclip-

240 3149 333 3211 ticum
357 3167 416 3209 non
441 3147 516 3208 satis
541 3146 653 3207 clarum
678 3152 815 3223 praestat
838 3144 955 3204 radium
977 3146 1082 3206 Lunae
1107 3145 1272 3207 deficientis
1297 3147 1325 3206 in
1350 3146 1487 3220 obscuro,
1513 3153 1603 3225 atque

240 3238 344 3300 radius
369 3236 434 3315 ipse
458 3235 662 3316 praesentiam
691 3234 811 3294 accensi
839 3232 917 3293 cerei
943 3253 999 3293 non
1029 3235 1088 3295 fert
1112 3234 1150 3295 ad
1180 3234 1411 3297 dinumerandos
1434 3235 1462 3295 in
1489 3235 1604 3294 tabella

240 3328 355 3407 gradus
380 3323 625 3388 inclinationum:
651 3331 704 3383 aut
723 3323 749 3383 si
772 3323 877 3384 crebra
901 3342 1053 3384 cereorum
1074 3342 1139 3383 curn
1165 3325 1297 3386 tenebris
1320 3324 1501 3402 permutatio
1526 3322 1603 3383 visui

241 3415 501 3495 indignoscendo
525 3413 610 3475 radio
633 3410 845 3491 impedimento
870 3420 928 3471 est.
977 3414 1011 3472 In
1036 3414 1111 3473 lrunc
1139 3413 1259 3473 modurn
1288 3413 1446 3474 observavi
1478 3412 1601 3491 eclipsin

244 3506 368 3579 Lunae,
400 3523 476 3583 quae
510 3502 567 3564 fuit
596 3521 673 3562 anno
706 3498 799 3564 1603.
838 3496 886 3562 14.
912 3496 964 3562 24.
991 3501 1083 3575 Maii,
1119 3501 1203 3580 cujus
1235 3501 1457 3563 observationis
1492 3502 1601 3562 seriem

244 3592 404 3674 subjiciam
427 3591 608 3672 problemati
633 3590 686 3652 21.

331 3680 527 3745 Problema
562 3680 651 3741 XIX.
713 3678 953 3757 Populariter
991 3678 1166 3758 quasdam
1209 3679 1406 3759 utriusque
1445 3677 1605 3757 deliquii

244 3770 517 3836 inclinationes
542 3779 737 3831 annotare.
775 3767 906 3845 Respice
932 3766 1093 3846 diligenter
1112 3768 1150 3828 ad
1170 3788 1207 3829 ea
1223 3777 1383 3839 momenta,
1408 3787 1474 3829 cum
1499 3768 1605 3828 umbra

244 3861 382 3942 praecise
416 3861 464 3923 vel
488 3859 516 3921 in
549 3859 662 3919 vertice
694 3864 743 3917 est
773 3856 821 3915 vel
849 3855 877 3916 in
910 3856 972 3917 ima
1004 3856 1157 3917 luminaris
1188 3865 1276 3935 parto
1307 3858 1355 3918 vel
1385 3858 1424 3918 ab
1457 3858 1605 3920 alterutro

243 3952 356 4025 latere,
381 3950 437 4011 hoc
462 3958 511 4011 est
533 3968 599 4010 curn
624 3966 735 4008 cornua
759 3946 806 4006 vel
830 3946 966 4025 praecise
998 3965 1114 4006 sursum
1145 3947 1253 4025 supina
1275 3947 1323 4007 vel
1347 3948 1486 4008 deorsum
1511 3964 1607 4026 prona

244 4048 394 4120 vergunt,
426 4040 474 4100 vel
503 4038 542 4100 ad
574 4035 817 4117 perpendicnlum
848 4043 950 4095 erecta
982 4043 1075 4097 stant.
1122 4036 1201 4097 Nam
1232 4055 1290 4097 uon
1325 4035 1414 4097 facile
1447 4036 1495 4097 hio
1526 4035 1606 4097 fallit

244 4128 431 4192 aestimatio.
484 4128 568 4189 Haec
599 4132 750 4187 momenta
787 4123 946 4202 diligenter
982 4133 1095 4185 annota
1130 4125 1226 4185 modis
1259 4125 1313 4198 iis,
1348 4124 1396 4204 qui
1431 4133 1604 4203 sequnntur.

245 4218 345 4298 Hujus
370 4217 525 4298 praecepti
549 4216 644 4277 multa
667 4213 806 4292 exempla
834 4212 1063 4291 suppeditantur
1087 4234 1125 4274 ex
1148 4212 1410 4275 observationibus
1435 4212 1605 4294 Tyclronis;

244 4308 399 4388 etiamque
423 4325 462 4366 ex
484 4306 532 4380 iis,
558 4323 633 4383 quae
658 4325 676 4364 a
699 4321 746 4363 me
770 4301 934 4363 observata
952 4302 1016 4381 jam
1040 4303 1145 4363 statim
1169 4302 1357 4383 subjungam.

287 4450 377 4512 Alio
406 4447 511 4509 modo
540 4445 617 4508 sino
647 4444 890 4507 instrumento
922 4442 1077 4522 deliquii
1100 4444 1257 4506 Lunaris
1286 4442 1560 4507 inclinationes

830 4541 1021 4594 annotare.

332 4661 417 4726 Pene
440 4668 475 4724 ut
497 4659 579 4740 prius
604 4667 739 4738 tempora
762 4666 844 4733 nota,
870 4658 989 4737 quando
1013 4676 1123 4718 cornua
1139 4656 1243 4718 Lunae
1267 4675 1333 4716 cum
1358 4655 1459 4735 aliqua
1481 4657 1605 4718 fixarum

245 4762 300 4815 aut
329 4753 521 4833 planetarum
552 4749 724 4810 coincidunt
748 4748 776 4809 in
810 4749 936 4809 eandem
968 4756 1082 4809 rectam
1112 4754 1164 4806 aut
1194 4746 1291 4805 eidem
1320 4746 1606 4823 perpendiculariter

244 4843 456 4905 obvertuntur.
503 4837 566 4902 Sed
590 4847 659 4900 tunc
684 4838 713 4898 in
738 4837 935 4898 extricatione
960 4836 1128 4897 memineris
1157 4833 1348 4914 parallaxeos
1371 4836 1490 4908 Lunae,
1515 4854 1605 4914 prae-

244 4931 352 4994 sertim
366 4932 394 4994 si
410 4931 449 4994 ad
473 4929 594 4991 stellam
618 4927 747 4989 vicinam
772 4933 949 5006 comparata
964 4925 1029 4987 fuit.
1067 4924 1167 4986 Aliter
1191 4924 1267 4984 eninr
1292 4942 1403 4984 cornua
1426 4923 1483 4985 fuit
1505 4924 1606 5003 appli-

245 5030 373 5101 catura,
408 5020 436 5083 si
465 5038 504 5080 ex
534 5026 636 5080 centro
662 5017 774 5077 Terrae
807 5021 948 5093 spectata
980 5014 1098 5076 fuisset.
1144 5013 1210 5075 Hoc
1244 5031 1332 5074 unum
1360 5013 1386 5075 si
1414 5020 1538 5088 teneas,
1571 5013 1608 5073 de
