3692 5842
346 503 413 572 226
681 523 684 530 ·
816 497 1010 562 Paralipomana
1027 497 1053 546 in
1071 495 1238 547 Vitellionem.

347 683 448 765 Tycho
472 680 649 741 creberrime
682 676 871 755 exploravit,
906 684 940 736 ut
968 674 1129 753 aliqnando
1157 674 1293 753 patebit,
1318 674 1385 735 Deo
1414 674 1555 748 volente,
1580 673 1707 751 exejus

346 770 591 833 observationum
615 767 709 828 libris.
756 765 815 825 Est
838 774 938 825 autem
963 772 995 824 et
1017 763 1198 824 Maestlinus
1222 764 1260 825 ob
1283 764 1436 842 singulare
1468 764 1550 824 visus
1580 780 1706 824 acumen

346 860 377 923 in
402 859 522 920 Venere
546 858 583 918 de
607 856 655 917 die
680 854 870 915 observanda
894 853 1175 914 exercitatissimus.

927 1302 1045 1399 Caput
1082 1301 1124 1372 V.

859 1481 914 1541 Dc
937 1481 1029 1541 modo
1052 1479 1191 1541 cisionis.

436 1645 515 1705 Dum
549 1640 688 1703 diametri
721 1639 909 1700 luminarium
940 1649 970 1699 et
1000 1638 1187 1717 quantitates
1213 1637 1294 1699 Solis
1329 1637 1484 1715 eclipsium
1517 1637 1706 1698 fundamenti

348 1736 414 1796 loco
439 1740 621 1793 annotantur
645 1730 682 1788 ab
708 1728 897 1800 astronomis,
923 1727 1018 1788 oritur
1042 1728 1142 1807 aliqua
1161 1728 1243 1787 visus
1269 1727 1405 1805 deceptio
1429 1726 1538 1805 partim
1563 1727 1604 1787 ab
1627 1726 1705 1788 arti·

348 1822 414 1884 licio
439 1818 620 1882 observandi
645 1827 721 1890 orta,
748 1836 835 1896 quam
860 1836 951 1895 supra
975 1836 1041 1895 cap.
1058 1817 1098 1877 ll.
1124 1815 1328 1887 discussimus,
1352 1816 1461 1895 partim
1486 1816 1524 1877 ab
1549 1815 1615 1895 ipso
1640 1815 1705 1876 visu

349 1911 496 1990 simplici:
532 1928 606 1988 qnae
641 1906 738 1987 quoad
776 1926 833 1966 non
868 1906 1001 1979 tollitur,
1037 1904 1195 1984 plurimum
1232 1905 1346 1984 negotii
1379 1904 1505 1965 facessit
1538 1905 1706 1967 artificibus

349 1999 540 2078 detrahitque
565 1996 639 2057 artis
673 1994 900 2056 existimationi.
949 1994 1067 2054 Erratis
1100 1994 1200 2074 itaque
1226 1994 1253 2053 iu
1284 1993 1350 2054 visu
1378 1993 1498 2055 occasio
1532 1993 1707 2073 quaerenda

350 2088 451 2150 estin
482 2086 575 2167 ipsius
608 2085 685 2146 oculi
718 2084 953 2145 conformatione
979 2092 1010 2142 ct
1033 2082 1244 2144 functionibus.
1292 2081 1376 2152 Quas
1401 2084 1426 2144 si
1450 2083 1542 2161 optici
1566 2083 1705 2147 Alhazeu

349 2186 403 2239 ant
427 2176 552 2237 Vitellio
577 2183 629 2235 aut
651 2182 723 2252 post
755 2173 822 2233 illos
856 2171 1019 2232 anatomici
1051 2172 1248 2232 tradidissent
1282 2173 1377 2245 clare,
1411 2171 1539 2232 dilucide
1569 2183 1601 2233 et
1630 2173 1708 2233 citra

350 2264 572 2328 incertitudinis
596 2265 704 2331 aleam,
730 2262 912 2323 liberassent
932 2281 978 2320 mc
998 2260 1054 2320 boc
1079 2261 1191 2329 labore,
1208 2261 1437 2339 l'aralipomena
1454 2261 1495 2321 ad
1508 2260 1709 2324 l'itcllionem

350 2356 379 2416 in
413 2355 469 2414 boc
503 2371 617 2433 qnoque
650 2350 750 2429 capite
787 2349 991 2411 continuandi.
1047 2349 1090 2411 Ut
1124 2360 1223 2411 autem
1257 2351 1312 2410 hoc
1345 2349 1497 2429 negotium
1535 2350 1707 2412 methodice

352 2443 529 2522 expediam:
562 2440 688 2519 primum
722 2440 940 2517 descriptiones
974 2438 1051 2498 oculi
1084 2439 1229 2516 partium,
1265 2459 1340 2518 quae
1374 2438 1403 2498 in
1434 2438 1709 2501 considerationem

351 2532 482 2606 venient,
507 2550 545 2590 ex
568 2528 845 2607 probatissimorum
875 2528 1112 2589 anatomicorum
1138 2528 1194 2588 lide
1219 2530 1304 2606 quasi
1329 2528 1357 2588 in
1385 2527 1597 2607 principiorum
1621 2539 1708 2607 parte

351 2620 526 2682 collocabo:
551 2638 619 2679 nam
644 2618 735 2677 infida
758 2626 790 2677 et
813 2619 938 2678 confusa
963 2616 1137 2676 Vitellianis
1163 2626 1211 2677 est
1239 2616 1411 2696 descriptio.
1459 2616 1600 2679 Secundo
1624 2636 1709 2678 sum·

351 2710 447 2771 maria
471 2707 587 2768 ratione
610 2708 738 2779 modurn,
765 2725 821 2784 quo
846 2707 898 2766 fiat
924 2705 1014 2776 cisio,
1044 2705 1237 2766 adumbrabo.
1286 2706 1386 2766 Tertio
1411 2705 1511 2766 omnia
1534 2715 1567 2767 et
1590 2705 1711 2784 singula

351 2797 576 2860 demonstrabo.
624 2794 750 2868 Quarto,
777 2795 846 2873 quid
871 2794 982 2872 fugerit
1007 2794 1252 2854 ratiocinationes
1281 2797 1446 2873 opticorum
1470 2806 1503 2856 ct
1525 2795 1709 2857 medicorum

352 2887 433 2949 circa
457 2886 533 2945 hanc
558 2883 750 2956 functionem,
776 2883 925 2960 detegam.
964 2883 1099 2961 lienique
1124 2883 1316 2962 deceptiones
1341 2886 1434 2956 visus,
1460 2884 1498 2944 ab
1519 2884 1711 2946 instrumenti

352 2975 522 3037 conditione
547 2982 640 3047 ortas,
666 2971 822 3051 explicabo
847 2981 878 3032 et
902 2973 940 3032 ad
965 2990 1048 3031 usum
1073 2971 1306 3034 astronomicum
1332 2974 1575 3036 accommodabo.

847 3112 873 3172 l.
906 3111 1015 3173 Oculi
1042 3122 1219 3174 anatome.

444 3236 594 3299 Condncit
618 3237 656 3296 ad
681 3237 768 3296 tidem
792 3237 1056 3305 demonstrationi,
1086 3258 1174 3315 quam
1199 3258 1265 3300 sum
1291 3240 1450 3309 allaturus,
1482 3241 1711 3313 conciliandam,

355 3349 412 3391 non
446 3327 567 3409 propria
601 3325 654 3385 sed
688 3325 1017 3403 praestantissimorum
1052 3328 1232 3388 medicorum
1266 3329 1386 3406 publica
1417 3330 1453 3388 de
1487 3331 1573 3390 oculo
1606 3332 1713 3393 afferre

355 3418 570 3497 experimenta.
629 3412 734 3483 Quidsi
770 3433 896 3494 namque
926 3434 972 3475 me
1008 3416 1072 3494 quis
1111 3426 1163 3476 aut
1201 3418 1298 3477 malae
1333 3418 1400 3477 fidei
1441 3419 1593 3497 arguerit,
1627 3419 1713 3500 qnasi

354 3505 556 3569 stabiliendae
587 3503 726 3582 propriae
758 3503 888 3583 opinioni
921 3504 1082 3571 intentum,
1112 3517 1164 3564 ant
1188 3506 1356 3583 imperitiae
1381 3508 1562 3583 sectionum,
1588 3528 1715 3588 quarum

355 3615 505 3676 nunqnam
530 3602 621 3653 antea
645 3612 740 3671 neque
766 3603 921 3670 spectator
947 3592 1051 3652 luerim
1076 3613 1168 3671 ireque
1194 3595 1394 3656 administer?
1423 3596 1601 3676 Loquantnr
1625 3599 1716 3676 igitur

355 3704 409 3765 pro
426 3683 542 3745 metiri
569 3692 708 3760 receptae
734 3681 923 3741 auctoritatis
945 3681 981 3740 de
1006 3682 1132 3741 materia
1152 3684 1225 3761 ipsis
1250 3685 1418 3756 notissima,
1443 3686 1541 3764 quoad
1562 3688 1717 3765 negotium

356 3775 395 3835 ad
420 3793 503 3832 rucae
528 3770 725 3850 professionis
756 3770 864 3830 limites
895 3771 984 3829 fuerit
1015 3770 1196 3833 desolutum.
1246 3773 1328 3834 Tunc
1352 3774 1430 3834 enim
1456 3775 1534 3835 baud
1564 3777 1717 3854 gravatim

356 3873 389 3923 et
412 3862 481 3921 mibi
507 3861 649 3938 lampada
673 3859 803 3933 tradent,
830 3858 928 3937 quoad
953 3859 1034 3919 illam
1056 3861 1084 3919 in
1109 3861 1324 3922 mathematica
1348 3864 1480 3941 legitime
1501 3884 1566 3925 snm
1589 3865 1716 3945 pracla-

357 3960 451 4021 turus,
477 3950 512 4009 de
538 3968 594 4028 quo
619 3948 783 4027 peritorum
808 3947 863 4007 erit
884 3948 1038 4024 judicium.

447 4036 591 4101 Consului
625 4037 814 4115 potissimum
847 4036 990 4096 Felicis
1024 4036 1167 4097 Plateri
1204 4039 1324 4100 tabulas
1357 4040 1393 4100 dc
1426 4040 1560 4119 corporis
1594 4040 1719 4103 hnmani

356 4136 510 4189 structura
530 4135 561 4186 et
581 4145 644 4199 usn,
670 4146 746 4204 quac
771 4145 849 4185 anno
874 4124 966 4186 1583.
994 4126 1092 4186 editae
1118 4139 1287 4189 mernerunt
1307 4130 1362 4190 boc
1381 4149 1458 4190 arrno
1478 4125 1571 4191 1603.
1593 4131 1719 4204 recudi;

358 4236 483 4298 quocum
508 4215 679 4293 comparavi
701 4215 739 4274 1).
766 4214 784 4273 J
792 4234 857 4273 oari
867 4216 920 4276 uis
945 4214 963 4273 J
971 4217 1114 4276 essenii
1139 4238 1157 4276 a
1181 4217 1201 4276 J
1209 4237 1315 4277 essen
1341 4218 1428 4278 amici
1447 4218 1719 4281 meiAnatomiam

356 4306 562 4384 Ptagensem:
587 4312 747 4382 propterea
772 4305 849 4382 (quod
875 4304 899 4363 is
926 4325 981 4364 uon
1013 4313 1128 4365 tantum
1153 4305 1500 4384 Aquapendeutium
1523 4327 1557 4368 se
1587 4309 1717 4387 potissi-

356 4413 435 4455 mum
459 4393 542 4472 sequi
567 4395 751 4471 profiteatur,
777 4394 830 4452 sed
856 4402 1017 4471 etsnopte
1043 4394 1142 4453 Marte
1171 4394 1328 4472 plurimum
1358 4396 1537 4457 anatomicis
1562 4396 1719 4458 laboribus

356 4481 546 4562 impenderit.
595 4480 628 4541 Si
654 4501 727 4559 quos
752 4482 780 4542 in
806 4482 861 4541 boc
887 4483 990 4542 ordine
1016 4482 1129 4542 meliori
1159 4482 1264 4542 merito
1288 4483 1352 4562 ipse
1382 4486 1569 4562 professione
1594 4486 1716 4547 matbe-

355 4572 471 4634 matica
494 4570 745 4648 occupatissimus
770 4572 921 4647 praeterii,
948 4572 1064 4631 reniam
1090 4572 1160 4630 mibi
1185 4571 1307 4632 dabunt.
1327 4570 1368 4640 ⁸⁸)

447 4657 559 4720 Oculus
584 4681 602 4718 a
627 4657 745 4719 Graeco
770 4658 840 4734 dap,
867 4661 944 4719 uude
970 4658 1133 4732 ὁπτεσθαι,
1158 4658 1244 4738 ὄψις,
1269 4660 1445 4738 dedititiae,
1470 4663 1548 4741 quod
1573 4663 1632 4726 hae
1656 4665 1719 4726 sint

356 4749 448 4812 rimae
473 4768 526 4808 seu
547 4756 653 4826 aperta
679 4748 833 4821 foramina,
859 4749 1050 4807 etencbroso
1071 4749 1170 4826 capite
1191 4750 1218 4810 in
1239 4751 1351 4812 clarum
1372 4758 1472 4812 a'erem
1495 4752 1718 4832 pertingentia:

356 4847 390 4900 nt
414 4836 566 4898 contraria
590 4837 704 4898 ratione
731 4837 816 4914 lupus
842 4858 859 4895 a
883 4839 970 4904 λυκος
999 4838 1096 4898 dictus
1121 4858 1188 4898 esse
1217 4839 1355 4900 videtur:
1385 4861 1443 4902 non
1472 4840 1510 4899 ab
1539 4842 1716 4914 occulendo,

357 4947 425 4989 narn
450 4925 545 4988 clausi
570 4927 650 4986 nullo
675 4936 745 4985 suut
768 4926 843 4985 usui.
881 4925 949 4985 llini
971 4935 1041 4985 sunt
1061 4926 1088 4986 iu
1114 4928 1292 4988 animalibus
1313 4940 1343 4989 et
1367 4928 1505 5009 paralleli
1529 4939 1562 4992 et
1585 4950 1717 5009 congruo

356 5015 528 5090 intervallo,
555 5025 587 5075 nt
610 5033 701 5093 supra
716 5035 741 5075 c.
759 5014 812 5074 ill.
833 5025 864 5074 ct
889 5014 967 5075 infra
982 5034 1006 5074 c.
1022 5015 1078 5075 lx.
1099 5016 1223 5089 dicetur,
1247 5017 1285 5078 ob
1304 5019 1469 5083 distantias
1483 5036 1583 5083 retunt
1601 5032 1716 5084 uman-
