3692 5842
797 466 1030 518 cxxvi-cxxx.
1346 508 1358 520 .
1526 466 1593 536 553

227 638 353 716 punctis
377 638 569 704 incidentiae.
616 641 694 704 Sunt
717 643 796 703 enirn
819 644 850 704 lri
879 651 1041 723 tangentes
1072 644 1220 723 paralleli.
1268 644 1369 716 Quare
1393 654 1425 707 et
1448 646 1591 710 retractio

227 726 290 790 erit
313 728 429 802 eadem,
455 740 487 792 et
502 731 624 792 refracti
643 750 681 792 ex
700 751 823 810 corpore
840 733 941 806 ¹denso
957 733 984 793 in
1005 733 1126 811 plagam
1150 741 1307 813 utramque
1332 742 1419 796 erunt
1441 735 1590 815 paralleli,

226 823 263 878 ut
275 814 347 892 BG,
363 816 430 880 ΕΗ.
468 819 584 882 Eadem
608 820 699 899 igitur
723 821 911 899 divergentia
935 830 988 882 aut
1011 823 1228 901 convergentia
1242 822 1300 884 ΕΗ
1318 824 1492 888 exeuntium
1513 842 1590 903 quae

227 902 288 968 ΟΒ
312 906 562 986 ingredientium:
588 911 764 989 quantisper
788 910 906 989 quidem
921 910 984 984 BE,
1002 908 1054 972 OF
1078 910 1159 972 intra
1183 930 1290 989 corpus
1314 912 1454 990 paralleli
1469 911 1589 975 fuernt.

320 993 470 1059 CXXIX.
517 998 744 1077 Propositin.
792 999 883 1060 Radii
908 998 993 1059 nnius
1017 1000 1121 1077 puncti
1146 1000 1174 1060 in
1195 1000 1305 1061 lentem
1321 1000 1409 1064 simul
1424 1019 1589 1064 convexam

226 1089 261 1144 et
285 1101 393 1146 cavam
417 1086 521 1148 eodem
544 1087 653 1150 ciuculo
678 1087 861 1160 incidentes,
888 1088 912 1148 si
937 1096 1078 1165 punctum
1104 1088 1296 1168 longinquum
1322 1088 1424 1161 fuerit,
1459 1089 1590 1154 transita

226 1170 312 1320 lelpte
330 1180 540 1272 'cqnvergunm
573 1175 599 1234 si
628 1174 820 1256 propinquius
845 1175 992 1236 diametro
1017 1176 1135 1249 circuli,
1167 1176 1325 1255 divergunt
1349 1178 1475 1257 amplius
1500 1198 1589 1260 quam

225 1277 245 1320 a
293 1277 419 1338 origine.

318 1347 426 1410 Puncti
451 1348 529 1410 enirn
554 1348 704 1429 longinqui
734 1351 809 1411 radii
838 1361 909 1414 sunt
937 1353 1075 1430 paralleli
1103 1372 1158 1431 per
1180 1353 1302 1416 XXIII.
1350 1354 1493 1415 Paralleli
1517 1373 1588 1416 vero
1667 1417 1675 1431 ,

224 1434 255 1498 in
280 1455 449 1498 convexum
473 1437 593 1498 densius
608 1438 774 1500 incidentes
789 1458 843 1517 per
856 1441 1012 1504 XXXIV.
1033 1450 1220 1518 convergunt
1235 1442 1314 1504 intra
1329 1462 1436 1523 corpus
1453 1444 1586 1506 deosum.

317 1524 396 1586 Esto
420 1534 452 1587 ut
477 1524 507 1587 G
531 1527 572 1586 sit
595 1526 787 1605 longisquum
810 1540 952 1606 punctum
978 1541 1009 1590 et
1034 1528 1104 1603 ΟΒ,
1132 1527 1187 1591 ΟΟ
1212 1531 1364 1607 paralleli,
1390 1540 1419 1593 et
1444 1530 1510 1607 BE,
1537 1530 1588 1594 CF

224 1623 424 1693 convergunt.
471 1614 538 1676 Erit
571 1615 661 1692 igitur
683 1615 737 1676 EF
766 1617 883 1679 brevior
912 1639 1000 1697 quam
1026 1616 1089 1679 ΒΟ.
1136 1618 1262 1680 Rectior
1286 1619 1375 1698 igitur

224 1701 395 1764 incidentia
417 1703 511 1783 ipsius
530 1703 583 1764 BE
608 1705 637 1766 in
653 1704 705 1766 EF
729 1725 818 1786 quarn
843 1706 870 1765 in
885 1705 951 1767 ΒΟ.
994 1706 1094 1770 Minor
1117 1705 1208 1786 igitur
1231 1708 1374 1769 retractio
1423 1690 1476 1755 ΗΒ·
1497 1686 1539 1738 ³³·

224 1791 253 1853 iu
287 1790 315 1852 E
350 1811 438 1871 quarn
469 1792 499 1853 iu
529 1792 565 1852 Β.
618 1791 719 1864 Quare
752 1794 846 1872 major
880 1796 1007 1874 angulus
1042 1793 1126 1858 GBE
1157 1814 1246 1876 quam
1279 1795 1373 1858 BEH.
1456 1806 1498 1878 jn*

224 1880 295 1942 Non
320 1881 412 1960 igitur
437 1878 492 1942 ΟΒ
518 1890 549 1941 et
568 1882 624 1943 ΕΗ
647 1882 821 1962 parallelae.
859 1883 904 1944 At
929 1881 996 1956 ΟΒ,
1018 1882 1073 1945 ΟΟ
1098 1893 1247 1962 ponuntur
1270 1885 1373 1964 paral·

224 1968 314 2031 lelae.
356 1969 439 2050 Ergo
462 1969 529 2044 ΕΗ,
550 1972 603 2031 FA
627 1971 749 2032 refracti
774 1982 959 2051 convergunt
983 1974 1161 2051 tandemque
1187 1983 1372 2035 concurrent.
1434 1979 1459 2026 1³¹
1499 1965 1513 2010 ⁰·

317 2055 434 2120 Contra
457 2056 542 2119 sitG
567 2068 708 2139 punctnur
732 2060 854 2121 radians
877 2060 1072 2141 propinquius
1093 2061 1239 2122 diametro
1261 2062 1372 2137 circuli,
1436 2060 1454 2100 Ε
1498 2060 1514 2099 ¹³

224 2154 315 2208 erunt
349 2148 441 2227 igitur
474 2144 545 2221 ΟΒ,
582 2146 638 2210 GC
669 2148 745 2210 radii
779 2148 980 2228 divergentes.
1033 2148 1084 2211 Sic
1115 2157 1215 2210 auteur
1245 2150 1373 2229 ingressi

224 2254 394 2298 convexum
414 2236 535 2298 densius
560 2238 655 2299 minus
674 2237 792 2317 quidem
818 2238 984 2316 divergent,
1011 2238 1064 2300 sed
1084 2247 1183 2300 tamen
1205 2239 1372 2322 divergent,
1466 2225 1471 2276 '²

224 2343 282 2406 per
306 2324 475 2390 XXXVII.

316 2410 393 2476 Cum
417 2413 509 2493 igitur
534 2414 693 2492 divergant
710 2414 774 2488 ΒΕ,
792 2412 844 2476 CF
866 2433 972 2475 versus
997 2434 1102 2476 cavum
1126 2415 1259 2493 corporis
1285 2415 1371 2477 densi

224 2501 385 2564 terminum
415 2503 451 2577 E,
486 2505 518 2570 F,
555 2503 648 2581 major
682 2503 739 2563 erit
768 2502 822 2563 EF
854 2503 1039 2583 quam‘BC.
1092 2502 1248 2583 Obliquior
1281 2503 1371 2584 igitur

224 2589 390 2654 Incidentia
404 2593 457 2653 BE
481 2590 551 2652 inE
576 2611 664 2672 quam
690 2592 717 2652 iu
736 2594 772 2664 Β,
798 2593 892 2670 major
916 2592 1008 2672 igitur
1031 2592 1173 2653 retractio
1198 2591 1258 2652 illic
1283 2612 1371 2671 quaru

224 2680 283 2742 iric.
333 2680 432 2741 Minor
455 2680 548 2758 igitur
570 2679 697 2758 angulus
719 2679 811 2755 GBE,
836 2682 931 2760 major
949 2681 1044 2755 BEII,
1069 2700 1126 2742 non
1151 2680 1243 2761 igitur
1266 2682 1369 2761 paral-

224 2768 304 2830 lelae
321 2766 378 2831 ΟΒ
394 2777 425 2829 et
438 2769 503 2842 EII,
529 2770 583 2830 sed
599 2769 683 2848 quasi
704 2779 917 2832 concurrentes
940 2769 1019 2832 inter
1033 2790 1076 2843 se,
1093 2770 1118 2830 si
1136 2770 1371 2847 producerentur

224 2877 333 2922 versus
358 2857 395 2917 Η.
441 2858 514 2920 Plus
542 2858 633 2937 igitur
661 2858 820 2938 dIvergunt
843 2881 862 2920 a
885 2879 917 2919 se
948 2868 1047 2920 mutuo
1076 2858 1199 2920 refracti
1223 2858 1290 2933 ΕΗ,
1314 2858 1370 2921 FA

224 2965 314 3030 qnam
339 2945 484 3025 primitivi
510 2943 575 3021 ΟΒ,
603 2944 669 3008 GC.

317 3033 449 3098 CXXX.
487 3034 709 3113 Propositio.
755 3034 789 3097 Si
813 3036 930 3096 cavitas
955 3056 992 3096 ex
1016 3035 1120 3114 majori
1145 3035 1255 3098 cuculo
1281 3034 1371 3096 fuerit

224 3144 316 3208 quam
331 3125 517 3198 convexitas,
542 3124 618 3185 radii
633 3125 735 3203 puncti
755 3124 904 3203 longinqui
926 3125 1056 3203 trajecta
1071 3125 1149 3185 lente
1166 3130 1368 3202 convergunt:

224 3214 293 3294 plus
318 3213 437 3294 quidem
461 3215 529 3286 (seu
552 3222 623 3292 post
646 3214 766 3275 brevius
790 3213 982 3274 intervallum
1012 3232 1099 3292 quarn
1124 3213 1148 3273 si
1174 3213 1269 3273 solum
1294 3231 1369 3274 con·

224 3321 335 3365 vexurn
358 3304 455 3377 esset)
480 3304 505 3363 si
529 3302 672 3363 caritatis
702 3302 827 3364 circulus
857 3302 953 3380 major
987 3302 1077 3362 iuuerit
1100 3301 1190 3379 triplo
1224 3301 1326 3362 clrcnli
1360 3301 1583 3377 convexitatis3

224 3392 324 3455 minus
349 3410 419 3453 uero
444 3393 491 3464 (et
514 3401 585 3471 post
608 3392 703 3472 majus
728 3391 934 3465 intervallum)
960 3390 985 3450 si
1009 3390 1105 3452 minor
1128 3390 1219 3467 triplo
1245 3389 1346 3451 luerit.

873 3479 934 3541 Seu

315 3567 443 3633 Cavitas
467 3568 589 3647 majorIs
613 3567 716 3630 circuli
741 3568 889 3646 derogans
919 3565 1103 3629 convexitati
1128 3565 1251 3627 minoris
1279 3572 1420 3643 praestat
1443 3562 1583 3626 effectum

224 3658 430 3724 convexitatis
461 3658 563 3719 circuli
597 3658 684 3719 valde
715 3657 824 3736 magni
875 3657 1002 3717 Dicatur
1034 3654 1224 3715 meniscus.
1280 3653 1475 3733 Aeanpcllet
1509 3652 1583 3713 lenti

224 3769 297 3830 pure
324 3766 487 3808 convexae.

315 3835 385 3898 SInt
419 3834 485 3909 CF,
517 3832 571 3894 BE
602 3833 725 3893 refracti
758 3835 837 3895 intro
871 3853 979 3912 corpus
1013 3831 1121 3911 allapsi
1155 3853 1172 3891 a
1206 3838 1315 3911 puncto
1350 3829 1379 3891 G
1410 3828 1582 3910 longinquo.

224 3925 421 4004 Convergent
445 3924 535 4002 igitur
559 3940 662 3981 versus
687 3921 740 3982 EF
763 3941 814 4002 per
838 3923 990 3990 XXXIV,
1015 3922 1111 3982 minor
1133 3919 1224 3999 igitur
1248 3918 1306 3980 erit
1327 3919 1380 3979 EF
1405 3937 1494 3998 quam
1516 3917 1582 3982 ΒΟ.

224 4019 269 4081 Ar
293 4014 384 4077 slmul
408 4022 439 4073 ct
463 4011 589 4072 circulus
614 4010 679 4088 ejus
703 4011 807 4089 major.
847 4011 944 4089 Igitur
957 4010 1011 4073 BE
1036 4010 1146 4070 rectius
1166 4008 1236 4069 inE
1261 4007 1373 4068 incidet
1397 4026 1485 4087 quam
1500 4007 1531 4068 in
1546 4010 1583 4071 Β.

224 4105 327 4168 Minor
348 4103 452 4182 itaque
477 4099 618 4162 refractis
644 4100 671 4158 in
696 4099 722 4158 E
748 4119 834 4178 quam
859 4100 887 4159 iu
911 4102 948 4162 B.
996 4100 1094 4158 Minor
1119 4098 1210 4176 igitur
1238 4096 1364 4174 angulus
1388 4095 1472 4159 BEH
1497 4114 1584 4175 quarn

224 4191 322 4258 EBG.
370 4191 438 4252 Nou
470 4198 540 4251 sunt
571 4188 662 4266 igitur
694 4187 770 4248 iuter
794 4208 827 4248 se
857 4188 995 4268 paralleli
1019 4187 1075 4250 ΗΕ
1100 4195 1130 4247 et
1153 4185 1227 4260 BG,
1256 4186 1310 4247 sed
1341 4184 1478 4266 producti
1509 4204 1583 4246 ccu-

224 4289 390 4354 cnrrerent
418 4288 448 4340 et
471 4280 515 4340 sic
538 4276 604 4351 Ell,
629 4277 684 4337 FH
708 4276 785 4337 inter
809 4296 840 4338 se
865 4285 1049 4354 convergent
1072 4295 1178 4337 versus
1200 4276 1239 4337 H.

317 4368 368 4431 Sit
396 4369 461 4446 jam
485 4371 516 4428 A
539 4375 674 4427 centrum
699 4365 801 4426 circuli
829 4364 892 4432 ΒΟ,
919 4375 950 4426 et
974 4364 1030 4426 ΟΗ
1063 4365 1156 4443 tripla
1186 4365 1224 4424 ad
1250 4361 1317 4425 cu.
1364 4362 1406 4422 Et
1435 4362 1477 4422 sit
1506 4361 1586 4422 infra

224 4459 254 4522 Η
279 4466 421 4537 puuctum
444 4456 484 4517 R.
533 4453 647 4524 Quodsi
678 4453 731 4514 ΒΟ
762 4456 827 4515 solu
856 4455 960 4526 fuerit,
990 4460 1173 4532 convergeut
1202 4453 1256 4514 BE
1285 4459 1316 4512 et
1349 4448 1401 4512 CF
1424 4449 1454 4510 in
1478 4450 1508 4511 H
1530 4467 1584 4528 per

224 4545 381 4612 XXXIV.
429 4544 478 4606 Sit
503 4544 569 4624 jam
603 4544 696 4622 Ipsius
724 4543 777 4604 EF
808 4544 910 4604 circuli
945 4550 1079 4604 centrum
1102 4542 1141 4603 R.
1189 4540 1231 4602 Et
1254 4541 1345 4601 ducta
1368 4539 1425 4600 ER
1453 4558 1583 4619 perpen-

224 4636 363 4710 dIculari,
386 4634 441 4697 BE
466 4634 503 4694 ab
527 4632 585 4693 ER
608 4633 789 4711 refringatur
811 4652 865 4711 per
889 4633 927 4695 II.
953 4640 984 4693 et
1013 4651 1103 4710 supra
1126 4630 1156 4691 H
1180 4650 1246 4691 curn
1271 4627 1328 4691 ΟΗ
1352 4635 1517 4701 concurret,
1542 4627 1584 4689 sit

224 4725 255 4788 in
280 4726 315 4788 P.
362 4725 443 4802 Ergo
468 4722 521 4783 ΕΡ
545 4730 576 4781 et
600 4721 649 4782 FP
673 4721 768 4800 magis
794 4730 978 4800 convergunt
1006 4739 1094 4800 quarn
1117 4718 1181 4793 BE,
1208 4715 1259 4780 CF
1271 4740 1278 4779 :
1305 4726 1335 4778 ct
1360 4714 1412 4779 ΟΡ
1436 4715 1585 4780 distantia

225 4834 390 4878 concursus
415 4813 440 4873 P
463 4811 559 4873 minor
583 4820 629 4871 cst
654 4829 740 4888 quarn
766 4808 831 4872 CII.

315 4902 447 4966 Rursum
478 4900 572 4981 ipsius
595 4898 647 4959 EF
679 4898 783 4961 circuli
816 4909 949 4966 centrum
973 4901 1015 4963 sit
1044 4917 1134 4976 supra
1157 4896 1196 4972 Η,
1222 4904 1297 4976 puta
1320 4896 1349 4957 iu
1373 4896 1413 4969 P,
1438 4901 1469 4955 et
1492 4894 1585 4956 ducta

225 4989 467 5087 perpendiculari
498 4989 567 5062 ΕΡ,
601 4988 701 5051 radius
728 4987 783 5051 BE
816 4988 996 5072 refringetur
1028 4989 1057 5051 in
1087 4987 1114 5049 E
1144 5007 1164 5049 a
1194 4982 1433 5140 pemenppculad
1464 4982 1582 5066 lougius

1353 5089 1370 5121 a
