3692 5842
792 464 874 531 Caput
892 464 913 516 l.
1474 460 1534 529 135

169 644 304 726 subjecti
327 643 473 707 terminos
501 644 686 718 continetur,
713 653 742 705 ut
775 645 839 717 lux,
873 663 950 723 quas
985 645 1012 704 in
1044 641 1193 703 coloribus
1225 642 1315 713 latet,
1352 642 1492 721 quamdiu
1516 664 1535 702 a

169 729 248 797 Sole
272 752 333 796 nou
357 734 556 796 illustrantur.
596 733 725 797 Nescias
749 742 862 807 tamen,
887 752 924 794 an
950 752 1007 794 non
1028 741 1060 794 et
1083 732 1199 792 colores
1215 732 1251 791 de
1275 731 1423 809 profunda
1446 739 1533 792 nocto

170 824 291 886 lunulas
325 830 474 904 spargant
505 841 587 885 snas.
645 821 706 885 Sed
740 824 814 884 baec
848 821 976 883 materia
1012 821 1257 902 philosophorum
1292 818 1534 883 acutissimorum

170 913 294 993 ingenia
316 911 400 974 varie
423 911 559 974 exercuit
579 920 612 974 et
630 919 737 974 tantae
759 920 808 971 est
828 910 1032 983 obscuritatis,
1056 919 1166 969 utnon
1191 908 1289 986 possit
1308 908 1335 969 in
1361 908 1534 987 praesentia

170 1000 320 1082 expediri,
344 1020 418 1063 sane
441 1000 513 1082 quia
535 1019 590 1063 nec
613 1000 773 1081 praecipue
799 1000 886 1079 hujus
911 1000 968 1061 loci
993 1008 1050 1061 est.
1090 997 1123 1058 Si
1148 996 1275 1075 objicias
1300 1000 1440 1058 tenebras
1465 1017 1533 1058 esse

168 1088 384 1170 privationem,
409 1108 467 1152 non
486 1107 577 1169 posse
597 1109 669 1169 ergo
689 1090 750 1151 fieri
774 1089 936 1168 positivum
962 1086 1114 1168 quippiam
1139 1095 1169 1146 et
1193 1086 1369 1166 qualitatem
1391 1086 1531 1158 activam,

169 1178 345 1241 radiantem
369 1179 487 1241 scilicet
509 1187 541 1239 et
562 1180 736 1259 pingentem
759 1178 913 1258 parietes:
941 1177 1080 1256 objiciam
1106 1185 1137 1236 et
1161 1193 1216 1253 ego
1242 1174 1350 1255 frigus,
1382 1176 1460 1255 quud
1484 1184 1532 1236 est

171 1287 258 1331 mera
280 1267 412 1347 privatio
436 1275 468 1329 et
490 1275 592 1330 tamen
617 1269 644 1329 in
669 1268 796 1328 materia
819 1268 853 1327 tit
876 1265 977 1326 activa
1001 1265 1143 1344 qualitas.
1155 1256 1189 1336 *)

263 1355 355 1436 Prop.
379 1355 468 1419 XVI.
516 1357 591 1418 Lux
613 1376 676 1436 per
699 1356 867 1417 colorata
895 1354 1084 1416 transiens
1113 1352 1273 1432 undique
1302 1352 1472 1414 afficitur
1495 1361 1531 1413 ct

170 1445 208 1507 in
234 1444 440 1525 superfiuis
464 1446 557 1507 etin
591 1445 800 1518 soliditate,
834 1453 1018 1524 qnatenus
1050 1461 1092 1503 ea
1122 1442 1297 1503 colorata
1330 1449 1397 1503 est.
1445 1440 1531 1511 tinae

169 1534 251 1596 eninr
276 1543 349 1596 sunt
372 1535 429 1597 suh
462 1533 567 1595 eodem
598 1553 718 1614 genere,
751 1543 823 1613 apta
855 1532 977 1594 suntin
1002 1552 1035 1593 se
1064 1537 1166 1592 mutuo
1190 1549 1290 1610 agere.
1340 1528 1402 1592 Sed
1428 1531 1477 1591 lux
1500 1538 1532 1592 et

168 1624 255 1686 color
277 1622 335 1686 sub
358 1624 463 1685 eodem
486 1630 557 1686 sunt
585 1642 695 1703 genere
718 1641 772 1701 per
799 1621 848 1684 15.
896 1620 988 1683 Color
1014 1639 1082 1681 vero
1110 1638 1164 1699 per
1193 1620 1320 1682 eandem
1344 1618 1372 1679 in
1404 1618 1533 1681 materia

166 1711 459 1792 perluciditatem.
490 1721 523 1772 ct
545 1712 674 1774 materia
701 1720 764 1773 tres
788 1712 881 1772 habet
911 1709 1134 1782 dimensiones‚·
1167 1728 1257 1789 quare
1290 1707 1347 1769 luci
1378 1708 1460 1770 actio
1484 1716 1532 1769 est

169 1800 265 1863 etiarn
291 1801 318 1862 in
343 1820 410 1864 enm
434 1800 575 1874 colorem,
600 1800 649 1881 qui
673 1802 701 1862 iu
725 1800 871 1879 profundo
896 1799 986 1860 medii
1012 1806 1069 1859 est.

262 1889 353 1970 Prop.
378 1889 481 1951 XVIl.
529 1887 688 1969 Opacum
722 1897 779 1950 est
810 1897 848 1949 et
880 1888 929 1962 id,
953 1888 1056 1968 quod
1090 1885 1214 1947 multis
1251 1882 1531 1965 superficiebus

168 1980 435 2058 confragosum
458 1985 532 2052 est,
556 1988 594 2040 st
617 1979 665 2053 id,
691 1979 781 2059 quod
805 1977 954 2039 multam
983 1975 1132 2038 obtinet
1161 1974 1401 2046 densitatem,
1425 1981 1462 2035 et
1485 1972 1530 2047 id,

170 2068 269 2149 quod
297 2068 447 2130 multum
475 2067 631 2129 colorem
663 2068 721 2128 vel
751 2066 784 2127 in
814 2065 1024 2145 quantitate
1059 2064 1116 2124 vel
1149 2062 1181 2122 in
1211 2063 1403 2141 qualitate
1433 2061 1531 2123 obti-

168 2164 243 2217 net
300 2154 436 2237 Opacum
464 2155 543 2218 enim
576 2164 639 2227 est,
670 2156 747 2237 quod
777 2156 852 2217 lucis
881 2154 983 2216 radios
1016 2171 1073 2214 non
1103 2150 1290 2213 transmittit.
1347 2150 1392 2211 At
1420 2151 1531 2212 multae

168 2245 348 2325 superficies
381 2245 508 2307 multum
535 2244 701 2325 impediunt
728 2245 828 2306 radios
856 2262 909 2324 per
942 2240 991 2313 12,
1016 2242 1060 2303 sic
1084 2250 1115 2303 et
1139 2240 1262 2301 multum
1287 2240 1399 2300 densae
1422 2258 1531 2320 super·

168 2333 255 2396 ficies
287 2352 342 2414 per
379 2332 431 2409 14,
471 2333 515 2394 ita
547 2343 579 2395 et
605 2334 729 2396 multum
762 2334 914 2395 coloratae
946 2351 1000 2412 per
1033 2326 1088 2404 16,
1123 2348 1174 2390 seu
1209 2329 1408 2409 quantitatem
1439 2328 1531 2391 colori

168 2421 267 2485 addat
297 2423 488 2503 profunditas
512 2422 602 2484 medii
626 2443 678 2485 seu
701 2424 783 2484 color
815 2423 879 2502 ipse
911 2421 1035 2482 multnrn
1059 2418 1097 2480 ab
1129 2417 1266 2480 albedine
1296 2417 1421 2479 recedat
1442 2426 1530 2479 teus-

167 2511 353 2591 brarumque
377 2512 502 2574 multum
525 2512 567 2573 sit
588 2512 751 2593 particeps.

260 2599 340 2662 Esse
364 2619 435 2662 uero
459 2598 532 2662 nihil
556 2601 692 2662 absolute
718 2619 854 2679 opacum,
879 2597 971 2659 etiam
995 2593 1180 2657 Aristoteles
1205 2594 1279 2658 libro
1300 2594 1337 2655 de
1361 2591 1531 2657 Sensilibus

171 2688 299 2769 recepit.

261 2776 510 2840 Corollrrrium
539 2776 580 2837 de
608 2778 788 2838 methodo.
836 2773 912 2837 Cum
945 2791 1016 2853 ergo
1042 2774 1092 2834 lux
1120 2772 1194 2835 dnos
1222 2772 1336 2834 habeat
1363 2780 1550 2853 respectus,-

170 2876 205 2928 et
228 2866 391 2938 essentiae,
418 2885 477 2946 qua
502 2866 551 2926 lux
575 2876 631 2939 est,
657 2876 688 2927 et
711 2864 929 2945 quantitatum,
954 2881 1029 2942 quas
1052 2862 1173 2943 recipit,
1199 2862 1274 2924 duas
1298 2861 1390 2923 etiam
1414 2861 1532 2924 obtinet

169 2956 325 3036 energias,
348 2953 479 3036 priorem
502 2962 602 3017 motus
626 2954 732 3017 localis
756 2964 785 3017 et
809 2954 1007 3035 posteriorem
1032 2951 1133 3013 ordine
1158 2959 1298 3023 naturae,
1322 2952 1371 3031 qui
1395 2951 1452 3012 fine
1475 2968 1530 3012 sen
1612 3021 1616 3026 ¹

168 3047 269 3108 forma
300 3043 382 3124 prior
404 3053 469 3115 est,
500 3044 552 3123 qui
581 3052 630 3105 est
659 3043 822 3106 illustratio
856 3044 960 3123 (quam
993 3041 1154 3102 comitatur
1188 3041 1373 3115 calefactio),
1407 3057 1531 3121 quorum

169 3133 278 3197 localis
313 3132 431 3214 quidem
457 3132 514 3193 luci
545 3142 669 3213 propter
702 3133 889 3211 quantitates
923 3129 1081 3207 competit,
1116 3129 1278 3191 illustratio
1308 3149 1378 3191 vero
1406 3138 1532 3209 propter

170 3242 258 3285 suam
290 3222 469 3294 essentiam,
502 3241 561 3301 qua
589 3224 639 3284 lux
672 3232 731 3283 est.
777 3220 948 3283 Secundum
982 3218 1058 3281 duas
1090 3218 1146 3279 bas
1180 3218 1319 3298 energias
1348 3219 1405 3280 dno
1438 3219 1531 3281 etiam

169 3312 266 3375 habet
288 3310 424 3389 objecta,
459 3312 648 3390 quantitates
672 3318 704 3371 et
726 3311 870 3384 colorem,
906 3327 992 3388 quem
1023 3307 1184 3369 comitatur
1211 3307 1349 3370 materia.
1396 3307 1439 3368 Et
1461 3306 1533 3388 quia

171 3409 273 3463 motus
298 3400 404 3461 localis
438 3399 530 3460 etiam
554 3400 612 3460 duo
645 3418 758 3478 genera
790 3398 884 3460 habet
916 3398 1112 3478 objectorum,
1148 3404 1178 3456 et
1212 3396 1339 3458 medium
1371 3415 1424 3475 per
1453 3395 1530 3475 qnod

172 3490 285 3554 transit
309 3495 341 3550 et
363 3507 427 3550 rem
449 3488 487 3549 ad
512 3507 601 3567 quam
624 3489 728 3562 fertur,
753 3489 810 3549 duo
831 3487 923 3548 etiam
948 3487 1082 3548 existunt
1102 3486 1190 3565 liujus
1211 3484 1350 3564 energiae
1373 3492 1530 3564 respectus

172 3581 202 3641 in
227 3580 316 3652 luce;
339 3596 433 3639 causa
450 3577 540 3638 medii
563 3585 705 3658 penetrat
724 3579 774 3639 lux
796 3577 925 3638 medium
946 3574 1126 3636 stamedio
1150 3574 1333 3653 refringitur,
1358 3573 1385 3635 si
1409 3572 1531 3634 densius

171 3676 240 3731 est:
274 3686 370 3730 cansa
391 3666 435 3727 rei
470 3667 538 3727 ferit
564 3668 613 3727 lux
643 3666 828 3746 superficiem
860 3684 950 3746 quam
982 3663 1108 3725 offendit
1135 3673 1166 3724 et
1189 3664 1227 3725 ab
1252 3682 1288 3723 ea
1321 3660 1530 3741 repercutitur.

173 3758 276 3821 Aliter
299 3756 330 3817 hi
354 3756 411 3816 duo
435 3765 592 3835 respectus
620 3763 726 3817 contra
748 3774 782 3816 se
811 3754 1043 3834 distinguuntur.
1090 3752 1170 3815 Nam
1201 3754 1250 3813 lux
1280 3760 1363 3812 motu
1387 3758 1419 3811 et
1441 3767 1531 3830 spar-

171 3848 256 3929 gitur
287 3863 343 3925 per
374 3843 503 3905 medium
531 3852 564 3905 et
596 3844 769 3925 impingitur
795 3844 826 3906 iu
860 3842 1052 3923 superficies:
1087 3841 1277 3922 vicissimque
1312 3848 1364 3901 aut
1392 3861 1411 3900 a
1442 3836 1533 3901 medii

171 3934 317 4019 pellucidi
340 3932 496 4014 superficie
520 3934 671 4013 colligitur
695 3943 747 3995 aut
771 3954 789 3994 a
812 3932 932 3995 termini
956 3930 1111 4011 superficie
1137 3928 1346 4011 repercutitur.
1394 3927 1531 4009 Denique

172 4025 253 4107 qnod
277 4022 390 4085 attinet
412 4021 657 4096 illustrationem,
688 4024 766 4102 qnod
791 4030 839 4083 est
860 4021 1035 4101 primarium
1065 4019 1139 4083 lucis
1163 4040 1252 4100 opus,
1283 4018 1400 4081 colores
1425 4039 1443 4080 a
1467 4018 1531 4080 luce

172 4114 336 4185 diluuntur,
362 4111 414 4173 lux
437 4132 456 4171 a
479 4111 628 4174 coloribus
658 4111 784 4190 tingitur
810 4119 841 4172 et
868 4110 1006 4172 inlicitur.
1052 4109 1099 4170 De
1128 4109 1234 4189 quibus
1264 4107 1400 4168 omnibus
1429 4105 1533 4169 ordine

172 4205 203 4267 iu
227 4200 435 4283 sequentibus.

263 4293 353 4348 Nocet
372 4308 438 4346 vero
460 4290 505 4343 hic
535 4291 622 4344 lector
652 4290 786 4362 originem
817 4297 935 4360 quartae
971 4288 1039 4342 lucis
1075 4288 1191 4357 speciei,
1224 4303 1304 4358 quarn
1336 4285 1420 4339 ceteri
1449 4283 1532 4354 optici

172 4374 276 4446 frigide
298 4377 432 4426 tractant

264 4526 293 4598 ·)
313 4530 449 4586 Videntur
479 4530 559 4583 albus
582 4538 610 4583 ct
641 4531 721 4602 niger
751 4532 830 4601 opaci
858 4532 883 4584 iu
915 4548 1018 4584 summo
1049 4547 1098 4582 suo
1129 4530 1237 4600 gradu:
1269 4527 1367 4597 reliqui
1396 4523 1534 4596 pellucido

156 4612 258 4668 -etiam
281 4612 311 4666 in
331 4627 435 4666 summo
456 4611 545 4681 gradu
568 4610 658 4663 inesse
689 4621 812 4682 possunt.
855 4614 975 4683 Cumque
997 4612 1051 4663 hnc
1076 4608 1183 4663 ratione
1212 4609 1292 4662 albus
1314 4615 1344 4661 et
1365 4606 1446 4678 niger
1467 4622 1533 4677 quo·

172 4694 318 4749 dammodo
339 4690 479 4745 materiati
494 4690 551 4744 sive
573 4692 711 4761 corporati
733 4691 788 4746 sint
809 4692 923 4755 colores,
947 4690 1089 4744 discrimen
1113 4698 1204 4743 tamen
1218 4688 1271 4741 hoc
1285 4694 1336 4749 cst,
1360 4688 1430 4757 quod
1452 4687 1533 4740 albus

172 4773 283 4846 corpori
304 4772 417 4833 lucenti,
438 4779 471 4825 ut
491 4770 571 4834 Solis,
595 4771 674 4843 niger
695 4772 801 4841 corpori
824 4773 971 4826 tenebroso
993 4770 1107 4823 similior
1127 4777 1178 4822 est.

265 4853 449 4924 smaragdum
483 4852 576 4906 ridere
604 4860 660 4915 est,
682 4861 712 4905 ct
732 4870 867 4923 pyropum
889 4862 918 4905 ct
949 4851 1129 4923 hyacinthum
1150 4857 1179 4902 et
1200 4850 1345 4908 electrum,
1377 4847 1534 4918 pellucidar

172 4934 266 4999 viridi,
295 4935 397 4996 rubeo,
428 4933 499 4986 llnro
520 4933 672 4997 coloribus,
696 4932 800 4987 nullum
822 4934 880 4987 tale
902 4949 1000 5003 corpus
1023 4947 1126 4985 summe
1147 4931 1240 4983 album
1262 4934 1292 4982 et
1312 4927 1434 4999 nigrum,
1463 4929 1535 4999 quod

174 5016 255 5070 sirnul
276 5014 316 5069 sit
335 5012 511 5084 pellucidum.
525 5007 548 5071 ⁸)
