3692 5842
244 469 310 537 390
738 476 911 525 Antronomiac
929 473 992 528 Para
1010 474 1109 540 Optica.

243 651 383 730 exempla
407 650 531 711 duarum
555 658 773 729 postremarum
797 650 877 713 Solis
902 651 1074 732 eclipsim,
1108 653 1215 733 quibus
1246 653 1341 715 totins
1372 655 1434 717 iere
1460 653 1535 717 artis
1558 655 1601 718 his

243 737 286 803 32
309 739 545 818 problematibus
570 740 699 800 traditae
724 741 876 820 specimen
901 741 1058 803 exhibebo.

330 828 436 890 Prius
467 829 680 906 exemplum.
729 831 817 890 Anno
844 825 938 892 1600.
971 830 1018 892 die
1043 826 1096 892 30.
1120 829 1203 892 Jnnii
1236 831 1285 892 vel
1316 829 1367 895 10.
1396 832 1472 894 Julii
1504 831 1601 895 Gratii

242 916 365 1000 Styriae
389 918 588 979 instrumento
613 917 726 997 ligneo,
758 919 843 997 cujus
874 919 1036 999 descriptio
1068 919 1158 999 plane
1182 926 1270 981 extat
1300 921 1397 1000 probl.
1425 921 1454 997 1,
1480 922 1603 985 subdio

243 1007 286 1067 fui
309 1006 501 1086 circumjecta
525 1026 625 1067 scena.
666 1006 800 1087 Cumque
826 1007 954 1069 noudum
979 1016 1062 1070 esset
1085 1009 1212 1069 divisum
1235 1009 1467 1072 instrumentum
1487 1012 1516 1072 in
1536 1031 1602 1074 snas

243 1094 419 1176 particulas,
445 1104 534 1156 notas
562 1092 600 1156 15
626 1095 769 1176 insculpsi
794 1096 914 1158 cultello
940 1116 1050 1177 easque
1079 1097 1183 1158 ordine
1207 1099 1270 1158 suis
1293 1100 1424 1161 numeris
1453 1100 1601 1180 insignivi,

244 1203 378 1268 quaeque
402 1185 441 1246 ad
465 1191 553 1246 notas
577 1184 711 1263 singulas
736 1185 764 1245 in
791 1185 905 1246 tabella
928 1186 1110 1260 viderentur,
1139 1187 1266 1248 seorsim
1288 1188 1319 1248 in
1341 1208 1458 1270 papyro
1482 1191 1601 1270 consig-

242 1275 322 1336 navi.
378 1272 441 1336 Sed
473 1272 580 1335 seriem
614 1274 835 1335 observationis
868 1275 1082 1338 candidissime
1116 1274 1171 1336 tibi
1204 1295 1242 1336 ex
1276 1279 1390 1339 scheda
1423 1279 1600 1358 descriptam

244 1363 400 1426 exhibebo.
449 1361 508 1424 Odi
533 1362 611 1423 cuim
634 1386 688 1433 τας
711 1367 991 1444 προσθαφαιρεσεις
1019 1363 1141 1446 ἄτεχνος
1165 1373 1197 1426 11
1223 1365 1349 1441 infidas,
1383 1386 1461 1447 qnae
1492 1369 1599 1429 utinam

243 1471 300 1513 non
331 1452 509 1533 praecipuas
534 1452 700 1513 Ptolemaei
732 1453 960 1514 observationes
992 1454 1175 1515 obsiderent.
1221 1453 1288 1536 Ego
1320 1455 1441 1535 quidem
1470 1457 1515 1519 sic
1547 1459 1599 1519 ista

242 1541 351 1615 scribo,
376 1560 412 1602 ac
437 1541 462 1602 si
486 1558 660 1620 persuasum
685 1541 828 1615 habeam,
855 1543 882 1603 in
908 1562 1013 1604 manus
1045 1543 1238 1623 posteritatis
1262 1552 1398 1607 ventura
1447 1543 1550 1615 Quare
1572 1555 1598 1606 nt

237 1629 382 1708 judicium
407 1631 434 1691 ei
454 1630 483 1691 in
509 1637 663 1710 utramque
687 1638 803 1710 partem
827 1632 975 1694 sincerum
990 1641 1021 1694 11
1035 1632 1161 1695 liberum
1184 1632 1391 1714 relinquatur:
1416 1635 1492 1696 nihil
1515 1635 1595 1695 etiam

241 1719 291 1781 vel
314 1719 514 1782 simulandum
538 1719 586 1780 vel
610 1719 858 1781 dissimulandum
882 1720 949 1782 erit.

240 1853 449 1908 Azimuthornm
495 1853 599 1924 Augnli
627 1854 767 1907 verticalis
794 1871 855 1908 cum
880 1854 982 1908 circulo
1002 1871 1054 1924 per
1214 1856 1305 1927 Digiti
1326 1857 1353 1910 in
1376 1859 1483 1912 umbra.

263 1941 293 1990 et
302 1933 456 1990 altitudinis
539 1941 643 1988 centra.
681 1935 906 1989 Numerabantur
928 1936 964 1988 ab
985 1935 1058 1988 infra

263 2022 356 2070 notae.
538 2031 634 2068 versus
649 2032 776 2069 occasum
790 2032 876 2086 usque
892 2017 927 2068 ad
942 2014 1056 2069 indicem

536 2089 595 2165 (qni
626 2097 723 2149 stabat
752 2115 768 2148 e
796 2096 912 2166 regione
943 2097 1056 2149 umbrae

535 2175 614 2230 radii.
656 2176 733 2247 Ergo
761 2177 789 2229 in
819 2178 930 2230 easdem
960 2183 1056 2246 partes

535 2271 595 2309 cum
615 2256 697 2310 Luna
717 2255 746 2310 in
766 2250 867 2326 coelo.)

397 2375 403 2389 .
447 2374 453 2388 .
496 2335 580 2406 6272.
602 2337 647 2390 vel
670 2335 739 2405 120,
745 2374 1053 2391 .......
1095 2335 1122 2388 0.
1144 2333 1262 2390 Initium.
1293 2336 1407 2408 Regula
1428 2334 1500 2390 texit
1517 2342 1579 2389 notae

497 2494 534 2551 58
1183 2415 1365 2471 denariorum.

283 2857 290 2871 .
348 2857 354 2871 .
397 2857 404 2870 .
446 2855 453 2870 .
499 2815 543 2870 13.
567 2816 684 2871 circiter.
1173 2816 1279 2868 Versus
1301 2820 1400 2870 ortum.

284 2938 290 2953 .
348 2937 355 2951 .
399 2936 405 2950 .
448 2935 454 2949 .
517 2898 536 2950 4
538 2936 1054 2953 ...........
1097 2896 1114 2950 6
1147 2894 1264 2950 circiter.

284 3019 291 3032 .
348 3017 354 3031 .
397 3015 404 3030 .
447 3020 453 3032 .
496 2975 683 3031 1111111111.
746 3016 1052 3033 .......
1095 2976 1123 3031 6.
1147 2975 1210 3045 plns
1231 2977 1375 3046 putabam.
1408 2975 1495 3029 Valde
1512 2968 1573 3042 palli·

283 3099 289 3112 .
347 3097 353 3110 .
397 3097 403 3109 .
446 3097 452 3110 .
496 3056 543 3110 32.
1185 3058 1234 3109 dus
1256 3056 1445 3111 etconfusns.

243 3139 289 3194 10.
346 3177 353 3191 .
397 3176 404 3190 .
447 3176 453 3190 .
496 3138 533 3191 41
537 3176 1051 3193 ...........
1095 3136 1111 3189 5
1146 3136 1265 3191 circiter.

243 3220 289 3275 ll.
347 3216 541 3272 ...59.
597 3216 1122 3272 ........111115.

242 3299 289 3355 12.
346 3339 353 3353 .
396 3337 402 3351 .
446 3337 452 3352 .
495 3299 534 3352 64
536 3335 1049 3353 ...........
1092 3297 1260 3351 4circiter.

242 3379 288 3435 13.
345 3418 351 3434 .
394 3417 401 3432 .
444 3420 450 3432 .
493 3378 759 3449 64.15‘praecisc
793 3418 1049 3433 ......
1092 3376 1119 3430 3.
1142 3377 1191 3432 55⁴

241 3462 287 3517 14.
345 3503 351 3517 .
395 3499 402 3514 .
445 3500 451 3513 .
495 3459 532 3515 80
536 3499 951 3515 .........
980 3459 1056 3511 ultra
1097 3457 1123 3522 2,
1146 3457 1317 3511 aestimando
1338 3476 1394 3513 111
1408 3454 1576 3513 mensurando·

265 3593 292 3643 F,
342 3587 392 3641 13²
517 3541 583 3595 Cum
609 3539 669 3608 jam
691 3535 733 3608 (in
756 3534 848 3605 radio)
870 3557 925 3593 non
949 3538 1067 3608 amplius
1091 3538 1245 3592 discernere
1275 3556 1404 3609 possem,
1435 3541 1578 3594 deficeretur

286 3607 320 3659 ¹⁸·
395 3627 401 3640 ’
428 3621 492 3691 quid
514 3639 550 3676 11
570 3637 649 3674 secus
672 3615 831 3687 (deficiebat
856 3627 951 3674 tamen
972 3619 1061 3672 adhuc
1086 3622 1114 3684 Ἰ,
1143 3618 1252 3672 circiter
1273 3626 1302 3672 11
1321 3621 1415 3691 pallor
1444 3614 1579 3674 11111110

324 3693 375 3766 ΔΟ
426 3717 512 3757 causa
531 3696 607 3770 ruit),
630 3701 770 3755 verticalis
792 3701 913 3771 angulus
936 3706 1000 3753 erat
1019 3701 1137 3752 nondum
1160 3699 1220 3755 90⁰.

518 3783 563 3836 15.
590 3783 680 3834 Panlo
701 3789 766 3835 ante
787 3782 867 3836 finem
888 3783 1007 3834 nondum
1028 3787 1091 3832 erat
1112 3779 1149 3833 90
1173 3780 1202 3835 11
1221 3779 1333 3835 vertice.

514 3863 589 3916 Nota
617 3864 650 3914 de
678 3862 721 3916 his
750 3861 838 3926 notis,
872 3861 1072 3916 azimnthornm
1102 3860 1235 3913 indicibus
1267 3868 1298 3914 et
1325 3859 1515 3916 altitudinum:
1542 3858 1581 3911 fine

425 3949 576 3998 transtrum
597 3959 647 3997 seu
666 3942 768 4016 regula
788 3941 970 3997 horizontalis
992 3942 1185 4011 propendebat
1198 3949 1228 3994 et
1248 3941 1425 3996 altitudinem
1445 3939 1582 4012 praebebat

259 4031 269 4152 l
423 4041 700 4160 111111180111111111
725 4105 869 4159 schemata
889 4120 941 4173 per
966 4102 1035 4158 tecti
1060 4100 1144 4158 rimas
1170 4103 1242 4158 hanc
1266 4101 1412 4156 habebant
1438 4096 1583 4157 formauit

264 4185 267 4199 '
422 4187 506 4256 plano
527 4185 687 4242 horizontis.

511 4320 562 4380 De
587 4315 782 4379 azimuthis
807 4325 843 4376 et
865 4315 1129 4378 altitudinibus
1154 4313 1309 4375 adhaec
1337 4311 1376 4374 15
1400 4318 1582 4374 momenta

421 4409 565 4470 Perfecta
600 4406 810 4468 observatione
847 4404 1085 4485 quadrangulum
1118 4422 1215 4464 meum
1252 4401 1436 4463 azimnthale
1475 4401 1583 4462 divisum

348 4461 398 4521 ΟΒ
425 4499 482 4560 1111
512 4497 541 4558 11
572 4495 668 4557 altero
701 4495 796 4557 latere
826 4494 855 4554 in
888 4494 1044 4556 meridiem
1076 4498 1216 4573 porrecto
1247 4491 1276 4552 in
1308 4487 1395 4553 2000
1423 4489 1582 4569 particular.

240 4588 355 4669 reliquo
386 4586 466 4667 quod
489 4586 519 4647 in
551 4592 649 4647 ortum
674 4590 705 4646 et
737 4602 877 4645 occasum
908 4584 1071 4663 spectabat
1102 4581 1239 4661 utrinqne
1269 4580 1299 4641 in
1329 4577 1411 4642 1200
1441 4579 1583 4641 earundem

239 4677 465 4758 particularum.
511 4673 578 4736 Hoc
602 4674 781 4754 quadratum
805 4672 909 4734 diebus
939 4671 1188 4734 antecedentibus
1216 4679 1365 4749 utcunque
1389 4669 1430 4730 ad
1453 4667 1581 4761 aestima·

240 4768 355 4830 tionem
370 4767 398 4828 in
418 4763 573 4826 meridiem
597 4763 775 4830 direxeram,
800 4781 856 4841 quo
876 4763 919 4822 ita
942 4763 1060 4823 firmato
1086 4758 1221 4840 quaesivi
1245 4759 1294 4819 via
1313 4758 1429 4820 usitata
1452 4751 1581 4838 parson

240 4856 493 4920 antemeridianas
513 4861 544 4914 11
563 4851 784 4933 pomeridianas
813 4851 998 4927 altitudines,
1024 4850 1173 4930 ‘aequales
1192 4849 1341 4928 utrinqne,
1365 4866 1467 4910 veram
1485 4845 1580 4908 azimu-

240 4947 330 5010 thalis
344 4946 428 5029 plani
442 4943 605 5016 meridiem,
622 4940 778 5020 invenique
793 4939 947 5002 meridiem
961 4938 1154 5003 instrumenti
1168 4956 1272 5000 versus
1293 4956 1433 5000 occasum
1448 4936 1579 4999 declinare
