<?xml version="1.0" encoding="UTF-8"?>
<!DOCTYPE html PUBLIC "-//W3C//DTD XHTML 1.0 Transitional//EN"
    "http://www.w3.org/TR/xhtml1/DTD/xhtml1-transitional.dtd">
<html xmlns="http://www.w3.org/1999/xhtml" xml:lang="en" lang="en">
 <head>
  <title>
</title>
<meta http-equiv="Content-Type" content="text/html;charset=utf-8" />
  <meta name='ocr-system' content='tesseract 3.04.00' />
  <meta name='ocr-capabilities' content='ocr_page ocr_carea ocr_par ocr_line ocrx_word'/>
</head>
<body>
  <div class='ocr_page' id='page_1' title='image "./joanniskepleria01frisgoog/joanniskepleria01frisgoog_0184.png"; bbox 0 0 3692 5842; ppageno 0'>
   <div class='ocr_carea' id='block_1_1' title="bbox 362 458 1245 530">
    <p class='ocr_par' dir='ltr' id='par_1_1' title="bbox 362 458 1245 530">
     <span class='ocr_line' id='line_1_1' title="bbox 362 458 1245 530; baseline -0.005 -12"><span class='ocrx_word' id='word_1_1' title='bbox 362 458 421 524; x_wconf 79' lang='grc' dir='ltr'>1ῗο</span> <span class='ocrx_word' id='word_1_2' title='bbox 826 465 1016 530; x_wconf 84' lang='lat' dir='ltr'>Paralipomeoa</span> <span class='ocrx_word' id='word_1_3' title='bbox 1033 469 1058 516; x_wconf 91' lang='lat' dir='ltr'>in</span> <span class='ocrx_word' id='word_1_4' title='bbox 1079 467 1245 518; x_wconf 82' lang='lat' dir='ltr'>Vitellionem.</span> 
     </span>
    </p>
   </div>
   <div class='ocr_carea' id='block_1_2' title="bbox 349 639 1755 5076">
    <p class='ocr_par' dir='ltr' id='par_1_2' title="bbox 414 639 1717 723">
     <span class='ocr_line' id='line_1_2' title="bbox 414 639 1717 723; baseline 0.001 -19"><span class='ocrx_word' id='word_1_5' title='bbox 414 641 465 704; x_wconf 76' lang='lat' dir='ltr'>rig.</span> <span class='ocrx_word' id='word_1_6' title='bbox 486 639 527 688; x_wconf 76' lang='lat'>5⁴·</span> <span class='ocrx_word' id='word_1_7' title='bbox 595 641 673 703; x_wconf 90' lang='lat' dir='ltr'>oculi</span> <span class='ocrx_word' id='word_1_8' title='bbox 708 642 909 720; x_wconf 85' lang='lat' dir='ltr'><strong>profunditas.</strong></span> <span class='ocrx_word' id='word_1_9' title='bbox 957 644 1096 723; x_wconf 84' lang='lat' dir='ltr'>Igitnra</span> <span class='ocrx_word' id='word_1_10' title='bbox 1125 643 1260 706; x_wconf 84' lang='lat' dir='ltr'>terminia</span> <span class='ocrx_word' id='word_1_11' title='bbox 1283 645 1363 721; x_wconf 76' lang='grc' dir='ltr'>α,β</span> <span class='ocrx_word' id='word_1_12' title='bbox 1392 651 1577 723; x_wconf 77' lang='lat' dir='ltr'><strong>spargantur</strong></span> <span class='ocrx_word' id='word_1_13' title='bbox 1598 667 1644 722; x_wconf 75' lang='lat' dir='ltr'>ay,</span> <span class='ocrx_word' id='word_1_14' title='bbox 1668 646 1717 720; x_wconf 65' lang='lat' dir='ltr'>Ad,</span> 
     </span>
    </p>

    <p class='ocr_par' dir='ltr' id='par_1_3' title="bbox 473 730 1718 813">
     <span class='ocr_line' id='line_1_3' title="bbox 473 730 1718 813; baseline 0.002 -22"><span class='ocrx_word' id='word_1_15' title='bbox 473 764 494 799; x_wconf 61' lang='grc' dir='ltr'>,ο</span> <span class='ocrx_word' id='word_1_16' title='bbox 602 730 795 792; x_wconf 85' lang='lat' dir='ltr'>inclinatione</span> <span class='ocrx_word' id='word_1_17' title='bbox 818 733 942 807; x_wconf 84' lang='lat' dir='ltr'>minori3</span> <span class='ocrx_word' id='word_1_18' title='bbox 967 756 1012 806; x_wconf 84' lang='lat' dir='ltr'>oe,</span> <span class='ocrx_word' id='word_1_19' title='bbox 1036 731 1075 810; x_wconf 77' lang='grc' dir='ltr'>βζ</span> <span class='ocrx_word' id='word_1_20' title='bbox 1095 733 1217 813; x_wconf 89' lang='lat' dir='ltr'>majori:</span> <span class='ocrx_word' id='word_1_21' title='bbox 1231 730 1233 734; x_wconf 79' lang='grc'><strong>’</strong></span> <span class='ocrx_word' id='word_1_22' title='bbox 1249 744 1427 794; x_wconf 90' lang='lat' dir='ltr'>concurrent</span> <span class='ocrx_word' id='word_1_23' title='bbox 1453 752 1525 813; x_wconf 91' lang='lat' dir='ltr'>ergo</span> <span class='ocrx_word' id='word_1_24' title='bbox 1555 756 1601 811; x_wconf 78' lang='lat' dir='ltr'>yn,</span> <span class='ocrx_word' id='word_1_25' title='bbox 1624 735 1665 810; x_wconf 70' lang='lat' dir='ltr'>dd</span> <span class='ocrx_word' id='word_1_26' title='bbox 1688 735 1718 794; x_wconf 92' lang='lat' dir='ltr'>in</span> 
     </span>
    </p>

    <p class='ocr_par' dir='ltr' id='par_1_4' title="bbox 455 820 1719 901">
     <span class='ocr_line' id='line_1_4' title="bbox 455 820 1719 901; baseline 0.005 -23"><span class='ocrx_word' id='word_1_27' title='bbox 455 823 479 848; x_wconf 81' lang='grc'>·’</span> <span class='ocrx_word' id='word_1_28' title='bbox 600 820 818 894; x_wconf 78' lang='lat' dir='ltr'>dremotiuri,</span> <span class='ocrx_word' id='word_1_29' title='bbox 852 845 887 883; x_wconf 85' lang='lat' dir='ltr'>sa</span> <span class='ocrx_word' id='word_1_30' title='bbox 910 842 981 885; x_wconf 87' lang='lat' dir='ltr'>vero</span> <span class='ocrx_word' id='word_1_31' title='bbox 1005 833 1037 883; x_wconf 91' lang='lat' dir='ltr'>et</span> <span class='ocrx_word' id='word_1_32' title='bbox 1060 820 1095 900; x_wconf 61' lang='lat' dir='ltr'>§A</span> <span class='ocrx_word' id='word_1_33' title='bbox 1121 823 1151 884; x_wconf 91' lang='lat' dir='ltr'>in</span> <span class='ocrx_word' id='word_1_34' title='bbox 1176 844 1194 899; x_wconf 84' lang='grc' dir='ltr'><em>η</em></span> <span class='ocrx_word' id='word_1_35' title='bbox 1224 822 1354 901; x_wconf 85' lang='lat' dir='ltr'>propiori</span> <span class='ocrx_word' id='word_1_36' title='bbox 1389 822 1481 883; x_wconf 82' lang='lat' dir='ltr'>fonte.</span> <span class='ocrx_word' id='word_1_37' title='bbox 1530 820 1608 884; x_wconf 90' lang='lat' dir='ltr'>Cnm</span> <span class='ocrx_word' id='word_1_38' title='bbox 1637 824 1719 884; x_wconf 84' lang='lat' dir='ltr'>enirn</span> 
     </span>
    </p>

    <p class='ocr_par' dir='ltr' id='par_1_5' title="bbox 602 907 1755 992">
     <span class='ocr_line' id='line_1_5' title="bbox 602 907 1755 992; baseline 0.008 -25"><span class='ocrx_word' id='word_1_39' title='bbox 602 913 664 985; x_wconf 78' lang='lat' dir='ltr'>ayo,</span> <span class='ocrx_word' id='word_1_40' title='bbox 686 910 737 987; x_wconf 70' lang='grc' dir='ltr'>βᾶγ</span> <span class='ocrx_word' id='word_1_41' title='bbox 759 910 917 973; x_wconf 89' lang='lat' dir='ltr'>interiores</span> <span class='ocrx_word' id='word_1_42' title='bbox 941 912 1070 991; x_wconf 90' lang='lat' dir='ltr'>majores</span> <span class='ocrx_word' id='word_1_43' title='bbox 1094 912 1155 973; x_wconf 88' lang='lat' dir='ltr'>sint</span> <span class='ocrx_word' id='word_1_44' title='bbox 1179 930 1267 992; x_wconf 90' lang='lat' dir='ltr'>quam</span> <span class='ocrx_word' id='word_1_45' title='bbox 1285 907 1347 983; x_wconf 74' lang='grc' dir='ltr'><strong><em>αεζ,</em></strong></span> <span class='ocrx_word' id='word_1_46' title='bbox 1361 908 1412 988; x_wconf 64' lang='lat' dir='ltr'>rica</span> <span class='ocrx_word' id='word_1_47' title='bbox 1436 911 1615 986; x_wconf 80' lang='lat' dir='ltr'>exteriores,</span> <span class='ocrx_word' id='word_1_48' title='bbox 1640 912 1717 974; x_wconf 87' lang='lat' dir='ltr'>sub-</span> <span class='ocrx_word' id='word_1_49' title='bbox 1752 969 1755 976; x_wconf 94' lang='lat'>.</span> 
     </span>
    </p>

    <p class='ocr_par' dir='ltr' id='par_1_6' title="bbox 602 997 1718 1079">
     <span class='ocr_line' id='line_1_6' title="bbox 602 997 1718 1079; baseline 0.003 -22"><span class='ocrx_word' id='word_1_50' title='bbox 602 998 691 1057; x_wconf 88' lang='lat' dir='ltr'>tracti</span> <span class='ocrx_word' id='word_1_51' title='bbox 716 1018 734 1056; x_wconf 88' lang='lat' dir='ltr'>a</span> <span class='ocrx_word' id='word_1_52' title='bbox 758 999 871 1059; x_wconf 88' lang='lat' dir='ltr'>duobus</span> <span class='ocrx_word' id='word_1_53' title='bbox 895 1001 987 1061; x_wconf 88' lang='lat' dir='ltr'>rectis</span> <span class='ocrx_word' id='word_1_54' title='bbox 1012 1000 1061 1073; x_wconf 88' lang='grc' dir='ltr'>(Ε.</span> <span class='ocrx_word' id='word_1_55' title='bbox 1077 1000 1102 1068; x_wconf 90' lang='lat'>1.</span> <span class='ocrx_word' id='word_1_56' title='bbox 1122 997 1179 1072; x_wconf 86' lang='grc'>32)</span> <span class='ocrx_word' id='word_1_57' title='bbox 1203 1000 1372 1079; x_wconf 81' lang='lat' dir='ltr'>relinquent</span> <span class='ocrx_word' id='word_1_58' title='bbox 1394 1000 1455 1061; x_wconf 93' lang='lat' dir='ltr'>illic</span> <span class='ocrx_word' id='word_1_59' title='bbox 1477 1003 1536 1078; x_wconf 74' lang='lat' dir='ltr'>ydd</span> <span class='ocrx_word' id='word_1_60' title='bbox 1559 1000 1718 1072; x_wconf 82' lang='lat' dir='ltr'>minorem,</span> 
     </span>
    </p>

    <p class='ocr_par' dir='ltr' id='par_1_7' title="bbox 454 1082 1720 1170">
     <span class='ocr_line' id='line_1_7' title="bbox 454 1082 1720 1170; baseline 0.004 -24"><span class='ocrx_word' id='word_1_61' title='bbox 454 1087 460 1170; x_wconf 64' lang='grc' dir='ltr'><em>ξ</em></span> <span class='ocrx_word' id='word_1_62' title='bbox 491 1139 493 1144; x_wconf 96' lang='grc'>.</span> <span class='ocrx_word' id='word_1_63' title='bbox 601 1086 650 1147; x_wconf 90' lang='lat' dir='ltr'>hic</span> <span class='ocrx_word' id='word_1_64' title='bbox 673 1082 726 1161; x_wconf 73' lang='grc' dir='ltr'>εηζ</span> <span class='ocrx_word' id='word_1_65' title='bbox 752 1090 903 1168; x_wconf 90' lang='lat' dir='ltr'>maj0rem.</span> <span class='ocrx_word' id='word_1_66' title='bbox 951 1088 1052 1160; x_wconf 78' lang='lat' dir='ltr'>Quare</span> <span class='ocrx_word' id='word_1_67' title='bbox 1077 1089 1128 1162; x_wconf 72' lang='lat' dir='ltr'>(E.</span> <span class='ocrx_word' id='word_1_68' title='bbox 1153 1089 1178 1163; x_wconf 93' lang='lat' dir='ltr'>I,</span> <span class='ocrx_word' id='word_1_69' title='bbox 1203 1086 1260 1161; x_wconf 76' lang='lat'>21)</span> <span class='ocrx_word' id='word_1_70' title='bbox 1293 1096 1472 1151; x_wconf 89' lang='lat' dir='ltr'>concurrent</span> <span class='ocrx_word' id='word_1_71' title='bbox 1502 1111 1553 1167; x_wconf 78' lang='lat' dir='ltr'>yn,</span> <span class='ocrx_word' id='word_1_72' title='bbox 1576 1090 1616 1166; x_wconf 74' lang='lat' dir='ltr'>cti</span> <span class='ocrx_word' id='word_1_73' title='bbox 1639 1090 1669 1151; x_wconf 94' lang='lat' dir='ltr'>in</span> <span class='ocrx_word' id='word_1_74' title='bbox 1693 1095 1720 1150; x_wconf 78' lang='grc' dir='ltr'><strong><em>θ</em></strong></span> 
     </span>
    </p>

    <p class='ocr_par' dir='ltr' id='par_1_8' title="bbox 451 1175 1719 1257">
     <span class='ocr_line' id='line_1_8' title="bbox 451 1175 1719 1257; baseline 0.003 -21"><span class='ocrx_word' id='word_1_75' title='bbox 451 1175 475 1222; x_wconf 83' lang='lat'>&#39;¹</span> <span class='ocrx_word' id='word_1_76' title='bbox 602 1176 766 1248; x_wconf 82' lang='lat' dir='ltr'>remotiori,</span> <span class='ocrx_word' id='word_1_77' title='bbox 800 1186 831 1237; x_wconf 90' lang='lat' dir='ltr'>et</span> <span class='ocrx_word' id='word_1_78' title='bbox 863 1178 958 1256; x_wconf 86' lang='lat' dir='ltr'>major</span> <span class='ocrx_word' id='word_1_79' title='bbox 990 1179 1047 1239; x_wconf 92' lang='lat' dir='ltr'>erit</span> <span class='ocrx_word' id='word_1_80' title='bbox 1070 1183 1116 1239; x_wconf 80' lang='grc' dir='ltr'>αθ</span> <span class='ocrx_word' id='word_1_81' title='bbox 1148 1177 1196 1238; x_wconf 87' lang='lat' dir='ltr'>vel</span> <span class='ocrx_word' id='word_1_82' title='bbox 1218 1180 1263 1253; x_wconf 74' lang='lat' dir='ltr'>,fid</span> <span class='ocrx_word' id='word_1_83' title='bbox 1292 1197 1382 1257; x_wconf 85' lang='lat' dir='ltr'>quam</span> <span class='ocrx_word' id='word_1_84' title='bbox 1404 1199 1443 1254; x_wconf 79' lang='lat' dir='ltr'>aq</span> <span class='ocrx_word' id='word_1_85' title='bbox 1470 1178 1520 1239; x_wconf 79' lang='lat' dir='ltr'>ret</span> <span class='ocrx_word' id='word_1_86' title='bbox 1542 1179 1590 1255; x_wconf 79' lang='grc' dir='ltr'>βη.</span> <span class='ocrx_word' id='word_1_87' title='bbox 1638 1177 1719 1240; x_wconf 86' lang='lat' dir='ltr'>Cum</span> 
     </span>
    </p>

    <p class='ocr_par' dir='ltr' id='par_1_9' title="bbox 457 1267 1718 1345">
     <span class='ocr_line' id='line_1_9' title="bbox 457 1267 1718 1345; baseline 0 -17"><span class='ocrx_word' id='word_1_88' title='bbox 457 1319 460 1328; x_wconf 94' lang='grc'><em>,</em></span> <span class='ocrx_word' id='word_1_89' title='bbox 486 1339 488 1344; x_wconf 23' lang='grc' dir='ltr'>Ι</span> <span class='ocrx_word' id='word_1_90' title='bbox 603 1283 673 1343; x_wconf 89' lang='lat' dir='ltr'>ergo</span> <span class='ocrx_word' id='word_1_91' title='bbox 698 1274 801 1327; x_wconf 89' lang='lat' dir='ltr'>teneat</span> <span class='ocrx_word' id='word_1_92' title='bbox 824 1267 927 1328; x_wconf 91' lang='lat' dir='ltr'>oculus</span> <span class='ocrx_word' id='word_1_93' title='bbox 951 1267 1126 1328; x_wconf 82' lang='lat' dir='ltr'>diametrum</span> <span class='ocrx_word' id='word_1_94' title='bbox 1151 1268 1192 1343; x_wconf 84' lang='grc' dir='ltr'>αβ</span> <span class='ocrx_word' id='word_1_95' title='bbox 1215 1275 1247 1327; x_wconf 91' lang='lat' dir='ltr'>et</span> <span class='ocrx_word' id='word_1_96' title='bbox 1267 1268 1503 1345; x_wconf 71' lang='lat' dir='ltr'>profunditatem</span> <span class='ocrx_word' id='word_1_97' title='bbox 1521 1289 1567 1344; x_wconf 73' lang='lat' dir='ltr'>ap,</span> <span class='ocrx_word' id='word_1_98' title='bbox 1593 1276 1626 1327; x_wconf 90' lang='lat' dir='ltr'>et</span> <span class='ocrx_word' id='word_1_99' title='bbox 1647 1270 1718 1328; x_wconf 83' lang='lat' dir='ltr'>sut-</span> 
     </span>
    </p>

    <p class='ocr_par' dir='ltr' id='par_1_10' title="bbox 437 1352 1721 1439">
     <span class='ocr_line' id='line_1_10' title="bbox 437 1352 1721 1439; baseline -0.001 -21"><span class='ocrx_word' id='word_1_100' title='bbox 437 1383 452 1432; x_wconf 63' lang='lat' dir='ltr'>,r</span> <span class='ocrx_word' id='word_1_101' title='bbox 489 1365 506 1439; x_wconf 75' lang='lat'>&#39;&#39;.</span> <span class='ocrx_word' id='word_1_102' title='bbox 602 1353 704 1414; x_wconf 92' lang='lat' dir='ltr'>ficiens</span> <span class='ocrx_word' id='word_1_103' title='bbox 726 1354 767 1415; x_wconf 89' lang='lat' dir='ltr'>sit</span> <span class='ocrx_word' id='word_1_104' title='bbox 790 1356 950 1417; x_wconf 87' lang='lat' dir='ltr'>observare</span> <span class='ocrx_word' id='word_1_105' title='bbox 973 1357 1194 1436; x_wconf 88' lang='lat' dir='ltr'>proportionem</span> <span class='ocrx_word' id='word_1_106' title='bbox 1209 1361 1241 1434; x_wconf 81' lang='lat' dir='ltr'>dy</span> <span class='ocrx_word' id='word_1_107' title='bbox 1262 1356 1301 1416; x_wconf 91' lang='lat' dir='ltr'>ad</span> <span class='ocrx_word' id='word_1_108' title='bbox 1324 1352 1354 1427; x_wconf 69' lang='lat' dir='ltr'>(a</span> <span class='ocrx_word' id='word_1_109' title='bbox 1378 1364 1410 1416; x_wconf 90' lang='lat' dir='ltr'>et</span> <span class='ocrx_word' id='word_1_110' title='bbox 1433 1355 1587 1434; x_wconf 87' lang='lat' dir='ltr'>utriusque</span> <span class='ocrx_word' id='word_1_111' title='bbox 1611 1357 1651 1417; x_wconf 90' lang='lat' dir='ltr'>ad</span> <span class='ocrx_word' id='word_1_112' title='bbox 1676 1357 1721 1432; x_wconf 76' lang='grc' dir='ltr'>ιβ</span> 
     </span>
    </p>

    <p class='ocr_par' dir='ltr' id='par_1_11' title="bbox 432 1441 1718 1526">
     <span class='ocr_line' id='line_1_11' title="bbox 432 1441 1718 1526; baseline 0 -20"><span class='ocrx_word' id='word_1_113' title='bbox 432 1441 446 1506; x_wconf 78' lang='grc'>.’.’</span> <span class='ocrx_word' id='word_1_114' title='bbox 497 1449 500 1463; x_wconf 86' lang='grc'><strong>“</strong></span> <span class='ocrx_word' id='word_1_115' title='bbox 603 1461 657 1503; x_wconf 88' lang='lat' dir='ltr'>sen</span> <span class='ocrx_word' id='word_1_116' title='bbox 671 1462 707 1502; x_wconf 79' lang='lat' dir='ltr'>ex</span> <span class='ocrx_word' id='word_1_117' title='bbox 731 1445 937 1505; x_wconf 84' lang='lat' dir='ltr'>attenuatione</span> <span class='ocrx_word' id='word_1_118' title='bbox 958 1446 1030 1507; x_wconf 92' lang='lat' dir='ltr'>lucis</span> <span class='ocrx_word' id='word_1_119' title='bbox 1046 1465 1097 1526; x_wconf 87' lang='lat' dir='ltr'>seu</span> <span class='ocrx_word' id='word_1_120' title='bbox 1113 1463 1151 1505; x_wconf 85' lang='lat' dir='ltr'>ex</span> <span class='ocrx_word' id='word_1_121' title='bbox 1174 1444 1333 1506; x_wconf 89' lang='lat' dir='ltr'>illustratis</span> <span class='ocrx_word' id='word_1_122' title='bbox 1355 1443 1552 1522; x_wconf 83' lang='lat' dir='ltr'>portiunculis</span> <span class='ocrx_word' id='word_1_123' title='bbox 1577 1443 1718 1506; x_wconf 86' lang='lat' dir='ltr'>internae</span> 
     </span>
    </p>

    <p class='ocr_par' dir='ltr' id='par_1_12' title="bbox 403 1515 1718 1642">
     <span class='ocr_line' id='line_1_12' title="bbox 403 1515 1718 1642; baseline 0.005 -52"><span class='ocrx_word' id='word_1_124' title='bbox 403 1515 467 1642; x_wconf 73' lang='lat' dir='ltr'>‘&#39;l&#39;&#39;</span> <span class='ocrx_word' id='word_1_125' title='bbox 481 1574 497 1578; x_wconf 86' lang='lat'>--</span> <span class='ocrx_word' id='word_1_126' title='bbox 603 1532 778 1610; x_wconf 87' lang='lat' dir='ltr'>superficiei,</span> <span class='ocrx_word' id='word_1_127' title='bbox 804 1551 894 1612; x_wconf 91' lang='lat' dir='ltr'>quare</span> <span class='ocrx_word' id='word_1_128' title='bbox 917 1545 950 1595; x_wconf 91' lang='lat' dir='ltr'>et</span> <span class='ocrx_word' id='word_1_129' title='bbox 970 1556 1018 1612; x_wconf 79' lang='lat' dir='ltr'>ap,</span> <span class='ocrx_word' id='word_1_130' title='bbox 1041 1539 1086 1594; x_wconf 83' lang='grc' dir='ltr'>αθ</span> <span class='ocrx_word' id='word_1_131' title='bbox 1109 1533 1302 1595; x_wconf 81' lang='lat' dir='ltr'>observabit:</span> <span class='ocrx_word' id='word_1_132' title='bbox 1333 1533 1422 1612; x_wconf 92' lang='lat' dir='ltr'>idque</span> <span class='ocrx_word' id='word_1_133' title='bbox 1445 1551 1505 1593; x_wconf 93' lang='lat' dir='ltr'>non</span> <span class='ocrx_word' id='word_1_134' title='bbox 1529 1533 1718 1595; x_wconf 79' lang='lat' dir='ltr'>numerando</span> 
     </span>
    </p>

    <p class='ocr_par' dir='ltr' id='par_1_13' title="bbox 402 1621 1719 1813">
     <span class='ocr_line' id='line_1_13' title="bbox 413 1621 1719 1712; baseline 0.004 -33"><span class='ocrx_word' id='word_1_135' title='bbox 413 1637 426 1712; x_wconf 67' lang='lat' dir='ltr'>,q</span> <span class='ocrx_word' id='word_1_136' title='bbox 519 1663 524 1696; x_wconf 78' lang='lat'>,</span> <span class='ocrx_word' id='word_1_137' title='bbox 602 1639 685 1693; x_wconf 90' lang='lat' dir='ltr'>sane,</span> <span class='ocrx_word' id='word_1_138' title='bbox 709 1622 761 1682; x_wconf 88' lang='lat' dir='ltr'>sed</span> <span class='ocrx_word' id='word_1_139' title='bbox 787 1623 987 1701; x_wconf 87' lang='lat' dir='ltr'>comparando</span> <span class='ocrx_word' id='word_1_140' title='bbox 1011 1624 1054 1685; x_wconf 92' lang='lat' dir='ltr'>rei</span> <span class='ocrx_word' id='word_1_141' title='bbox 1078 1623 1240 1684; x_wconf 76' lang='lat' dir='ltr'>distantias</span> <span class='ocrx_word' id='word_1_142' title='bbox 1258 1641 1313 1701; x_wconf 92' lang='lat' dir='ltr'>per</span> <span class='ocrx_word' id='word_1_143' title='bbox 1335 1622 1412 1683; x_wconf 93' lang='lat' dir='ltr'>hunc</span> <span class='ocrx_word' id='word_1_144' title='bbox 1436 1640 1489 1681; x_wconf 95' lang='lat' dir='ltr'>ceu</span> <span class='ocrx_word' id='word_1_145' title='bbox 1514 1621 1653 1683; x_wconf 90' lang='lat' dir='ltr'>habitum</span> <span class='ocrx_word' id='word_1_146' title='bbox 1678 1622 1719 1683; x_wconf 84' lang='lat' dir='ltr'>ad</span> 
     </span>
     <span class='ocr_line' id='line_1_14' title="bbox 402 1703 1583 1813; baseline 0.004 -47"><span class='ocrx_word' id='word_1_147' title='bbox 402 1703 414 1788; x_wconf 73' lang='lat' dir='ltr'><strong><em>s</em></strong></span> <span class='ocrx_word' id='word_1_148' title='bbox 517 1729 526 1813; x_wconf 74' lang='lat' dir='ltr'>q</span> <span class='ocrx_word' id='word_1_149' title='bbox 599 1708 679 1770; x_wconf 87' lang='lat' dir='ltr'>vires</span> <span class='ocrx_word' id='word_1_150' title='bbox 702 1712 834 1789; x_wconf 90' lang='lat' dir='ltr'>corporis</span> <span class='ocrx_word' id='word_1_151' title='bbox 858 1713 903 1772; x_wconf 89' lang='lat' dir='ltr'>sni</span> <span class='ocrx_word' id='word_1_152' title='bbox 926 1713 1190 1790; x_wconf 81' lang='lat' dir='ltr'>extensionemque</span> <span class='ocrx_word' id='word_1_153' title='bbox 1214 1730 1352 1772; x_wconf 92' lang='lat' dir='ltr'>manuum</span> <span class='ocrx_word' id='word_1_154' title='bbox 1376 1721 1406 1770; x_wconf 91' lang='lat' dir='ltr'>et</span> <span class='ocrx_word' id='word_1_155' title='bbox 1428 1728 1583 1789; x_wconf 80' lang='lat' dir='ltr'>passuum.</span> 
     </span>
    </p>

    <p class='ocr_par' dir='ltr' id='par_1_14' title="bbox 389 1797 1719 1879">
     <span class='ocr_line' id='line_1_15' title="bbox 389 1797 1719 1879; baseline 0.001 -18"><span class='ocrx_word' id='word_1_156' title='bbox 389 1812 429 1861; x_wconf 74' lang='lat'>⁸7</span> <span class='ocrx_word' id='word_1_157' title='bbox 450 1801 542 1866; x_wconf 60' lang='lat' dir='ltr'>*rt</span> <span class='ocrx_word' id='word_1_158' title='bbox 688 1797 772 1860; x_wconf 88' lang='lat' dir='ltr'>Satis</span> <span class='ocrx_word' id='word_1_159' title='bbox 796 1800 870 1860; x_wconf 92' lang='lat' dir='ltr'>haec</span> <span class='ocrx_word' id='word_1_160' title='bbox 896 1801 1017 1875; x_wconf 83' lang='lat' dir='ltr'>faciunt,</span> <span class='ocrx_word' id='word_1_161' title='bbox 1042 1811 1076 1862; x_wconf 89' lang='lat' dir='ltr'>ut</span> <span class='ocrx_word' id='word_1_162' title='bbox 1098 1820 1174 1879; x_wconf 91' lang='lat' dir='ltr'>quae</span> <span class='ocrx_word' id='word_1_163' title='bbox 1195 1801 1259 1879; x_wconf 91' lang='lat' dir='ltr'>jam</span> <span class='ocrx_word' id='word_1_164' title='bbox 1288 1799 1393 1860; x_wconf 86' lang='lat' dir='ltr'>statim</span> <span class='ocrx_word' id='word_1_165' title='bbox 1418 1800 1454 1860; x_wconf 92' lang='lat' dir='ltr'>de</span> <span class='ocrx_word' id='word_1_166' title='bbox 1479 1798 1616 1861; x_wconf 88' lang='lat' dir='ltr'>binorum</span> <span class='ocrx_word' id='word_1_167' title='bbox 1639 1819 1719 1862; x_wconf 90' lang='lat' dir='ltr'>ocu·</span> 
     </span>
    </p>

    <p class='ocr_par' dir='ltr' id='par_1_15' title="bbox 598 1886 1719 1966">
     <span class='ocr_line' id='line_1_16' title="bbox 598 1886 1719 1966; baseline 0.003 -19"><span class='ocrx_word' id='word_1_168' title='bbox 598 1886 694 1950; x_wconf 90' lang='lat' dir='ltr'>lurum</span> <span class='ocrx_word' id='word_1_169' title='bbox 726 1889 872 1950; x_wconf 89' lang='lat' dir='ltr'>societate</span> <span class='ocrx_word' id='word_1_170' title='bbox 908 1889 1198 1963; x_wconf 86' lang='lat' dir='ltr'>demonstrabimus,</span> <span class='ocrx_word' id='word_1_171' title='bbox 1233 1909 1269 1949; x_wconf 88' lang='lat' dir='ltr'>ea</span> <span class='ocrx_word' id='word_1_172' title='bbox 1301 1898 1333 1948; x_wconf 91' lang='lat' dir='ltr'>et</span> <span class='ocrx_word' id='word_1_173' title='bbox 1367 1888 1402 1947; x_wconf 90' lang='lat' dir='ltr'>de</span> <span class='ocrx_word' id='word_1_174' title='bbox 1441 1887 1605 1966; x_wconf 86' lang='lat' dir='ltr'>singularis</span> <span class='ocrx_word' id='word_1_175' title='bbox 1637 1889 1719 1950; x_wconf 87' lang='lat' dir='ltr'>oculi</span> 
     </span>
    </p>

    <p class='ocr_par' dir='ltr' id='par_1_16' title="bbox 349 1975 1719 2057">
     <span class='ocr_line' id='line_1_17' title="bbox 349 1975 1719 2057; baseline 0.001 -19"><span class='ocrx_word' id='word_1_176' title='bbox 349 1976 498 2038; x_wconf 89' lang='lat' dir='ltr'>diametro</span> <span class='ocrx_word' id='word_1_177' title='bbox 523 1975 691 2037; x_wconf 84' lang='lat' dir='ltr'>latitudinis</span> <span class='ocrx_word' id='word_1_178' title='bbox 725 1979 933 2040; x_wconf 89' lang='lat' dir='ltr'>demonstrata</span> <span class='ocrx_word' id='word_1_179' title='bbox 966 1978 1190 2057; x_wconf 83' lang='lat' dir='ltr'>intelligantur:</span> <span class='ocrx_word' id='word_1_180' title='bbox 1226 1978 1303 2057; x_wconf 94' lang='lat' dir='ltr'>quod</span> <span class='ocrx_word' id='word_1_181' title='bbox 1328 1995 1420 2055; x_wconf 88' lang='lat' dir='ltr'>supra</span> <span class='ocrx_word' id='word_1_182' title='bbox 1450 1993 1719 2055; x_wconf 79' lang='lat' dir='ltr'>proposueramus.</span> 
     </span>
    </p>

    <p class='ocr_par' dir='ltr' id='par_1_17' title="bbox 352 2063 1719 2589">
     <span class='ocr_line' id='line_1_18' title="bbox 446 2063 1718 2148; baseline 0.004 -23"><span class='ocrx_word' id='word_1_183' title='bbox 446 2063 615 2143; x_wconf 87' lang='lat' dir='ltr'>Propositio</span> <span class='ocrx_word' id='word_1_184' title='bbox 639 2065 711 2127; x_wconf 91' lang='lat' dir='ltr'>XV.</span> <span class='ocrx_word' id='word_1_185' title='bbox 755 2068 796 2127; x_wconf 85' lang='lat' dir='ltr'>Et</span> <span class='ocrx_word' id='word_1_186' title='bbox 819 2068 931 2129; x_wconf 91' lang='lat' dir='ltr'>dictum</span> <span class='ocrx_word' id='word_1_187' title='bbox 957 2068 1076 2148; x_wconf 90' lang='lat' dir='ltr'>quidem</span> <span class='ocrx_word' id='word_1_188' title='bbox 1096 2068 1132 2127; x_wconf 94' lang='lat' dir='ltr'>de</span> <span class='ocrx_word' id='word_1_189' title='bbox 1156 2066 1422 2147; x_wconf 88' lang='lat' dir='ltr'>comprehensione</span> <span class='ocrx_word' id='word_1_190' title='bbox 1447 2064 1568 2139; x_wconf 93' lang='lat' dir='ltr'>coloris,</span> <span class='ocrx_word' id='word_1_191' title='bbox 1593 2066 1718 2147; x_wconf 78' lang='lat' dir='ltr'>plagae,</span> 
     </span>
     <span class='ocr_line' id='line_1_19' title="bbox 352 2153 1719 2236; baseline 0.002 -21"><span class='ocrx_word' id='word_1_192' title='bbox 352 2153 533 2226; x_wconf 86' lang='lat' dir='ltr'>distantiae,</span> <span class='ocrx_word' id='word_1_193' title='bbox 559 2161 655 2215; x_wconf 88' lang='lat' dir='ltr'>restat</span> <span class='ocrx_word' id='word_1_194' title='bbox 679 2155 716 2215; x_wconf 91' lang='lat' dir='ltr'>de</span> <span class='ocrx_word' id='word_1_195' title='bbox 745 2156 925 2235; x_wconf 89' lang='lat' dir='ltr'>quantitatis</span> <span class='ocrx_word' id='word_1_196' title='bbox 954 2156 1216 2236; x_wconf 88' lang='lat' dir='ltr'>comprehensione</span> <span class='ocrx_word' id='word_1_197' title='bbox 1247 2153 1395 2233; x_wconf 87' lang='lat' dir='ltr'>legitima,</span> <span class='ocrx_word' id='word_1_198' title='bbox 1425 2173 1514 2234; x_wconf 91' lang='lat' dir='ltr'>quam</span> <span class='ocrx_word' id='word_1_199' title='bbox 1540 2173 1598 2216; x_wconf 93' lang='lat' dir='ltr'>uno</span> <span class='ocrx_word' id='word_1_200' title='bbox 1622 2156 1719 2218; x_wconf 85' lang='lat' dir='ltr'>verbo</span> 
     </span>
     <span class='ocr_line' id='line_1_20' title="bbox 353 2240 1718 2325; baseline 0.002 -21"><span class='ocrx_word' id='word_1_201' title='bbox 353 2243 522 2322; x_wconf 83' lang='lat' dir='ltr'>expediam.</span> <span class='ocrx_word' id='word_1_202' title='bbox 570 2240 712 2322; x_wconf 90' lang='lat' dir='ltr'>Sequitur</span> <span class='ocrx_word' id='word_1_203' title='bbox 744 2245 820 2305; x_wconf 89' lang='lat' dir='ltr'>enim</span> <span class='ocrx_word' id='word_1_204' title='bbox 846 2245 884 2305; x_wconf 88' lang='lat' dir='ltr'>ad</span> <span class='ocrx_word' id='word_1_205' title='bbox 918 2244 1215 2325; x_wconf 90' lang='lat' dir='ltr'>comprehensionem</span> <span class='ocrx_word' id='word_1_206' title='bbox 1249 2245 1350 2322; x_wconf 89' lang='lat' dir='ltr'>anguli</span> <span class='ocrx_word' id='word_1_207' title='bbox 1381 2252 1412 2303; x_wconf 90' lang='lat' dir='ltr'>et</span> <span class='ocrx_word' id='word_1_208' title='bbox 1446 2244 1631 2314; x_wconf 89' lang='lat' dir='ltr'>distantiae,</span> <span class='ocrx_word' id='word_1_209' title='bbox 1667 2244 1718 2307; x_wconf 89' lang='lat' dir='ltr'>nbi</span> 
     </span>
     <span class='ocr_line' id='line_1_21' title="bbox 354 2331 1719 2411; baseline 0.006 -22"><span class='ocrx_word' id='word_1_210' title='bbox 354 2333 438 2394; x_wconf 88' lang='lat' dir='ltr'>visus</span> <span class='ocrx_word' id='word_1_211' title='bbox 463 2350 500 2392; x_wconf 84' lang='lat' dir='ltr'>ex</span> <span class='ocrx_word' id='word_1_212' title='bbox 523 2331 668 2393; x_wconf 87' lang='lat' dir='ltr'>lateribus</span> <span class='ocrx_word' id='word_1_213' title='bbox 691 2331 720 2393; x_wconf 95' lang='lat' dir='ltr'>in</span> <span class='ocrx_word' id='word_1_214' title='bbox 746 2334 831 2395; x_wconf 89' lang='lat' dir='ltr'>oculo</span> <span class='ocrx_word' id='word_1_215' title='bbox 855 2334 1032 2396; x_wconf 90' lang='lat' dir='ltr'>coeuntibus</span> <span class='ocrx_word' id='word_1_216' title='bbox 1055 2344 1087 2393; x_wconf 90' lang='lat' dir='ltr'>et</span> <span class='ocrx_word' id='word_1_217' title='bbox 1110 2334 1218 2411; x_wconf 88' lang='lat' dir='ltr'>angulo</span> <span class='ocrx_word' id='word_1_218' title='bbox 1248 2333 1327 2411; x_wconf 90' lang='lat' dir='ltr'>apud</span> <span class='ocrx_word' id='word_1_219' title='bbox 1352 2351 1386 2393; x_wconf 87' lang='lat' dir='ltr'>se</span> <span class='ocrx_word' id='word_1_220' title='bbox 1409 2332 1576 2393; x_wconf 87' lang='lat' dir='ltr'>constituto</span> <span class='ocrx_word' id='word_1_221' title='bbox 1596 2333 1719 2411; x_wconf 81' lang='lat' dir='ltr'>judicat</span> 
     </span>
     <span class='ocr_line' id='line_1_22' title="bbox 354 2420 1717 2501; baseline 0.002 -19"><span class='ocrx_word' id='word_1_222' title='bbox 354 2422 391 2482; x_wconf 90' lang='lat' dir='ltr'>de</span> <span class='ocrx_word' id='word_1_223' title='bbox 416 2420 481 2482; x_wconf 90' lang='lat' dir='ltr'>basi</span> <span class='ocrx_word' id='word_1_224' title='bbox 515 2420 692 2500; x_wconf 85' lang='lat' dir='ltr'>pyramidis,</span> <span class='ocrx_word' id='word_1_225' title='bbox 727 2441 803 2501; x_wconf 89' lang='lat' dir='ltr'>quae</span> <span class='ocrx_word' id='word_1_226' title='bbox 827 2431 874 2483; x_wconf 87' lang='lat' dir='ltr'>est</span> <span class='ocrx_word' id='word_1_227' title='bbox 898 2423 940 2484; x_wconf 88' lang='lat' dir='ltr'>rei</span> <span class='ocrx_word' id='word_1_228' title='bbox 974 2424 1057 2484; x_wconf 82' lang='lat' dir='ltr'>visae</span> <span class='ocrx_word' id='word_1_229' title='bbox 1091 2423 1255 2501; x_wconf 85' lang='lat' dir='ltr'>quantitas.</span> <span class='ocrx_word' id='word_1_230' title='bbox 1303 2420 1373 2481; x_wconf 90' lang='lat' dir='ltr'>Jam</span> <span class='ocrx_word' id='word_1_231' title='bbox 1398 2421 1437 2481; x_wconf 93' lang='lat' dir='ltr'>ad</span> <span class='ocrx_word' id='word_1_232' title='bbox 1470 2421 1624 2500; x_wconf 80' lang='lat' dir='ltr'>negotium</span> <span class='ocrx_word' id='word_1_233' title='bbox 1659 2422 1717 2485; x_wconf 88' lang='lat' dir='ltr'>loci</span> 
     </span>
     <span class='ocr_line' id='line_1_23' title="bbox 354 2509 854 2589; baseline 0 -18"><span class='ocrx_word' id='word_1_234' title='bbox 354 2509 495 2589; x_wconf 84' lang='lat' dir='ltr'>imaginis</span> <span class='ocrx_word' id='word_1_235' title='bbox 519 2509 641 2588; x_wconf 89' lang='lat' dir='ltr'>propius</span> <span class='ocrx_word' id='word_1_236' title='bbox 666 2512 854 2572; x_wconf 88' lang='lat' dir='ltr'>accedamus.</span> 
     </span>
    </p>

    <p class='ocr_par' dir='ltr' id='par_1_18' title="bbox 349 2597 1719 2945">
     <span class='ocr_line' id='line_1_24' title="bbox 443 2597 1717 2680; baseline 0.003 -21"><span class='ocrx_word' id='word_1_237' title='bbox 443 2598 586 2659; x_wconf 90' lang='lat' dir='ltr'>Definitio</span> <span class='ocrx_word' id='word_1_238' title='bbox 620 2598 661 2661; x_wconf 95' lang='lat' dir='ltr'>Il.</span> <span class='ocrx_word' id='word_1_239' title='bbox 714 2597 908 2679; x_wconf 89' lang='lat' dir='ltr'>Superficiem</span> <span class='ocrx_word' id='word_1_240' title='bbox 942 2617 1134 2678; x_wconf 86' lang='lat' dir='ltr'>repercussus</span> <span class='ocrx_word' id='word_1_241' title='bbox 1167 2598 1215 2659; x_wconf 87' lang='lat' dir='ltr'>vel</span> <span class='ocrx_word' id='word_1_242' title='bbox 1248 2598 1439 2658; x_wconf 75' lang='lat' dir='ltr'>retractionis</span> <span class='ocrx_word' id='word_1_243' title='bbox 1473 2597 1577 2658; x_wconf 92' lang='lat' dir='ltr'>dicunt</span> <span class='ocrx_word' id='word_1_244' title='bbox 1609 2600 1717 2680; x_wconf 84' lang='lat' dir='ltr'>optici,</span> 
     </span>
     <span class='ocr_line' id='line_1_25' title="bbox 352 2687 1719 2769; baseline 0.001 -19"><span class='ocrx_word' id='word_1_245' title='bbox 352 2707 430 2769; x_wconf 91' lang='lat' dir='ltr'>quae</span> <span class='ocrx_word' id='word_1_246' title='bbox 465 2687 604 2749; x_wconf 90' lang='lat' dir='ltr'>definitur</span> <span class='ocrx_word' id='word_1_247' title='bbox 636 2688 732 2748; x_wconf 88' lang='lat' dir='ltr'>tribus</span> <span class='ocrx_word' id='word_1_248' title='bbox 765 2690 884 2768; x_wconf 86' lang='lat' dir='ltr'>punctis</span> <span class='ocrx_word' id='word_1_249' title='bbox 909 2689 962 2762; x_wconf 90' lang='lat' dir='ltr'>(ad</span> <span class='ocrx_word' id='word_1_250' title='bbox 997 2689 1055 2749; x_wconf 89' lang='lat' dir='ltr'>tria</span> <span class='ocrx_word' id='word_1_251' title='bbox 1088 2688 1165 2747; x_wconf 90' lang='lat' dir='ltr'>enim</span> <span class='ocrx_word' id='word_1_252' title='bbox 1199 2695 1311 2765; x_wconf 90' lang='lat' dir='ltr'>puncta</span> <span class='ocrx_word' id='word_1_253' title='bbox 1339 2705 1397 2747; x_wconf 91' lang='lat' dir='ltr'>non</span> <span class='ocrx_word' id='word_1_254' title='bbox 1426 2688 1455 2747; x_wconf 92' lang='lat' dir='ltr'>in</span> <span class='ocrx_word' id='word_1_255' title='bbox 1487 2687 1595 2748; x_wconf 90' lang='lat' dir='ltr'>eadem</span> <span class='ocrx_word' id='word_1_256' title='bbox 1629 2699 1719 2751; x_wconf 82' lang='lat' dir='ltr'>recta</span> 
     </span>
     <span class='ocr_line' id='line_1_26' title="bbox 351 2776 1716 2856; baseline 0.001 -18"><span class='ocrx_word' id='word_1_257' title='bbox 351 2777 455 2856; x_wconf 89' lang='lat' dir='ltr'>posita</span> <span class='ocrx_word' id='word_1_258' title='bbox 478 2794 597 2853; x_wconf 89' lang='lat' dir='ltr'>semper</span> <span class='ocrx_word' id='word_1_259' title='bbox 628 2778 788 2853; x_wconf 89' lang='lat' dir='ltr'>peculiaris</span> <span class='ocrx_word' id='word_1_260' title='bbox 820 2778 964 2856; x_wconf 88' lang='lat' dir='ltr'>planities</span> <span class='ocrx_word' id='word_1_261' title='bbox 987 2778 1137 2855; x_wconf 89' lang='lat' dir='ltr'>ponitur),</span> <span class='ocrx_word' id='word_1_262' title='bbox 1172 2785 1274 2837; x_wconf 90' lang='lat' dir='ltr'>centro</span> <span class='ocrx_word' id='word_1_263' title='bbox 1298 2776 1397 2848; x_wconf 86' lang='lat' dir='ltr'>risus,</span> <span class='ocrx_word' id='word_1_264' title='bbox 1422 2784 1535 2854; x_wconf 87' lang='lat' dir='ltr'>puncto</span> <span class='ocrx_word' id='word_1_265' title='bbox 1559 2776 1604 2836; x_wconf 92' lang='lat' dir='ltr'>rei</span> <span class='ocrx_word' id='word_1_266' title='bbox 1627 2776 1716 2840; x_wconf 76' lang='lat' dir='ltr'>visas</span> 
     </span>
     <span class='ocr_line' id='line_1_27' title="bbox 349 2860 1715 2945; baseline 0.001 -18"><span class='ocrx_word' id='word_1_267' title='bbox 349 2877 381 2927; x_wconf 92' lang='lat' dir='ltr'>et</span> <span class='ocrx_word' id='word_1_268' title='bbox 404 2875 516 2945; x_wconf 90' lang='lat' dir='ltr'>puncto</span> <span class='ocrx_word' id='word_1_269' title='bbox 540 2882 734 2943; x_wconf 88' lang='lat' dir='ltr'>repercussus</span> <span class='ocrx_word' id='word_1_270' title='bbox 764 2868 825 2938; x_wconf 79' lang='lat' dir='ltr'>(vel</span> <span class='ocrx_word' id='word_1_271' title='bbox 855 2866 1059 2939; x_wconf 79' lang='lat' dir='ltr'>retractionis)</span> <span class='ocrx_word' id='word_1_272' title='bbox 1088 2866 1117 2926; x_wconf 95' lang='lat' dir='ltr'>in</span> <span class='ocrx_word' id='word_1_273' title='bbox 1149 2865 1303 2926; x_wconf 88' lang='lat' dir='ltr'>schemate</span> <span class='ocrx_word' id='word_1_274' title='bbox 1327 2860 1378 2926; x_wconf 83' lang='lat'>53.</span> <span class='ocrx_word' id='word_1_275' title='bbox 1408 2864 1529 2944; x_wconf 89' lang='lat' dir='ltr'>punctis</span> <span class='ocrx_word' id='word_1_276' title='bbox 1553 2865 1592 2937; x_wconf 92' lang='lat' dir='ltr'>D,</span> <span class='ocrx_word' id='word_1_277' title='bbox 1613 2867 1655 2939; x_wconf 98' lang='lat' dir='ltr'>A,</span> <span class='ocrx_word' id='word_1_278' title='bbox 1678 2867 1715 2929; x_wconf 86' lang='lat' dir='ltr'>B.</span> 
     </span>
    </p>

    <p class='ocr_par' dir='ltr' id='par_1_19' title="bbox 350 2953 1716 4719">
     <span class='ocr_line' id='line_1_28' title="bbox 443 2953 1715 3036; baseline 0.004 -23"><span class='ocrx_word' id='word_1_279' title='bbox 443 2953 612 3031; x_wconf 86' lang='lat' dir='ltr'>l&#39;ropositio</span> <span class='ocrx_word' id='word_1_280' title='bbox 636 2953 724 3015; x_wconf 89' lang='lat' dir='ltr'>XVI.</span> <span class='ocrx_word' id='word_1_281' title='bbox 773 2955 950 3033; x_wconf 88' lang='lat' dir='ltr'>liujusmodi</span> <span class='ocrx_word' id='word_1_282' title='bbox 979 2954 1163 3033; x_wconf 87' lang='lat' dir='ltr'>superficiem</span> <span class='ocrx_word' id='word_1_283' title='bbox 1198 2954 1405 3014; x_wconf 83' lang='lat' dir='ltr'>demonstrant</span> <span class='ocrx_word' id='word_1_284' title='bbox 1438 2955 1613 3016; x_wconf 87' lang='lat' dir='ltr'>necessario</span> <span class='ocrx_word' id='word_1_285' title='bbox 1641 2975 1715 3036; x_wconf 85' lang='lat' dir='ltr'>per·</span> 
     </span>
     <span class='ocr_line' id='line_1_29' title="bbox 350 3042 1713 3123; baseline 0.001 -19"><span class='ocrx_word' id='word_1_286' title='bbox 350 3042 586 3121; x_wconf 86' lang='lat' dir='ltr'>pendicularitcr</span> <span class='ocrx_word' id='word_1_287' title='bbox 623 3043 697 3121; x_wconf 81' lang='lat' dir='ltr'>erigi</span> <span class='ocrx_word' id='word_1_288' title='bbox 740 3062 830 3122; x_wconf 88' lang='lat' dir='ltr'>super</span> <span class='ocrx_word' id='word_1_289' title='bbox 871 3044 1057 3122; x_wconf 87' lang='lat' dir='ltr'>superficiem</span> <span class='ocrx_word' id='word_1_290' title='bbox 1099 3043 1349 3122; x_wconf 88' lang='lat' dir='ltr'>repercutientem</span> <span class='ocrx_word' id='word_1_291' title='bbox 1386 3060 1440 3102; x_wconf 88' lang='lat' dir='ltr'>seu</span> <span class='ocrx_word' id='word_1_292' title='bbox 1483 3044 1713 3123; x_wconf 78' lang='lat' dir='ltr'>refringentem.</span> 
     </span>
     <span class='ocr_line' id='line_1_30' title="bbox 351 3127 1716 3211; baseline 0.003 -21"><span class='ocrx_word' id='word_1_293' title='bbox 351 3130 478 3192; x_wconf 86' lang='lat' dir='ltr'>Vitellio</span> <span class='ocrx_word' id='word_1_294' title='bbox 511 3130 561 3192; x_wconf 88' lang='lat' dir='ltr'>lib.</span> <span class='ocrx_word' id='word_1_295' title='bbox 587 3130 618 3192; x_wconf 83' lang='lat'>5.</span> <span class='ocrx_word' id='word_1_296' title='bbox 644 3152 673 3210; x_wconf 92' lang='lat' dir='ltr'>p.</span> <span class='ocrx_word' id='word_1_297' title='bbox 699 3130 756 3203; x_wconf 81' lang='lat'>25,</span> <span class='ocrx_word' id='word_1_298' title='bbox 782 3133 930 3193; x_wconf 89' lang='lat' dir='ltr'>Alhazen.</span> <span class='ocrx_word' id='word_1_299' title='bbox 964 3132 1014 3193; x_wconf 86' lang='lat' dir='ltr'>lib.</span> <span class='ocrx_word' id='word_1_300' title='bbox 1041 3130 1071 3194; x_wconf 81' lang='grc'>4.</span> <span class='ocrx_word' id='word_1_301' title='bbox 1097 3153 1125 3193; x_wconf 89' lang='lat' dir='ltr'>n.</span> <span class='ocrx_word' id='word_1_302' title='bbox 1154 3127 1204 3194; x_wconf 77' lang='lat' dir='ltr'>tl.</span> <span class='ocrx_word' id='word_1_303' title='bbox 1230 3130 1516 3192; x_wconf 86' lang='lat' dir='ltr'>demonstrationem</span> <span class='ocrx_word' id='word_1_304' title='bbox 1547 3134 1716 3211; x_wconf 84' lang='lat' dir='ltr'>expediunt</span> 
     </span>
     <span class='ocr_line' id='line_1_31' title="bbox 351 3217 1715 3300; baseline 0.002 -19"><span class='ocrx_word' id='word_1_305' title='bbox 351 3219 401 3281; x_wconf 90' lang='lat' dir='ltr'>ille</span> <span class='ocrx_word' id='word_1_306' title='bbox 425 3238 478 3297; x_wconf 88' lang='lat' dir='ltr'>per</span> <span class='ocrx_word' id='word_1_307' title='bbox 501 3238 529 3297; x_wconf 93' lang='lat' dir='ltr'>p.</span> <span class='ocrx_word' id='word_1_308' title='bbox 556 3217 606 3291; x_wconf 81' lang='lat'>20,</span> <span class='ocrx_word' id='word_1_309' title='bbox 634 3221 681 3281; x_wconf 93' lang='lat' dir='ltr'>hic</span> <span class='ocrx_word' id='word_1_310' title='bbox 705 3240 758 3300; x_wconf 92' lang='lat' dir='ltr'>per</span> <span class='ocrx_word' id='word_1_311' title='bbox 777 3240 807 3281; x_wconf 93' lang='lat' dir='ltr'>n.</span> <span class='ocrx_word' id='word_1_312' title='bbox 832 3219 881 3283; x_wconf 79' lang='lat'>10.</span> <span class='ocrx_word' id='word_1_313' title='bbox 908 3222 1079 3292; x_wconf 90' lang='lat' dir='ltr'>eorundem,</span> <span class='ocrx_word' id='word_1_314' title='bbox 1105 3221 1182 3299; x_wconf 93' lang='lat' dir='ltr'>quod</span> <span class='ocrx_word' id='word_1_315' title='bbox 1206 3220 1324 3281; x_wconf 86' lang='lat' dir='ltr'>scilicet</span> <span class='ocrx_word' id='word_1_316' title='bbox 1347 3218 1448 3297; x_wconf 84' lang='lat' dir='ltr'>anguli</span> <span class='ocrx_word' id='word_1_317' title='bbox 1474 3220 1659 3284; x_wconf 89' lang='lat' dir='ltr'>incidentiae</span> <span class='ocrx_word' id='word_1_318' title='bbox 1683 3237 1715 3284; x_wconf 89' lang='lat' dir='ltr'>et</span> 
     </span>
     <span class='ocr_line' id='line_1_32' title="bbox 351 3308 1716 3387; baseline 0.002 -17"><span class='ocrx_word' id='word_1_319' title='bbox 351 3327 545 3387; x_wconf 84' lang='lat' dir='ltr'>repercussus</span> <span class='ocrx_word' id='word_1_320' title='bbox 569 3311 630 3371; x_wconf 93' lang='lat' dir='ltr'>sint</span> <span class='ocrx_word' id='word_1_321' title='bbox 654 3310 817 3387; x_wconf 86' lang='lat' dir='ltr'>aequales:</span> <span class='ocrx_word' id='word_1_322' title='bbox 853 3319 884 3370; x_wconf 90' lang='lat' dir='ltr'>et</span> <span class='ocrx_word' id='word_1_323' title='bbox 907 3329 1029 3371; x_wconf 86' lang='lat' dir='ltr'>causam</span> <span class='ocrx_word' id='word_1_324' title='bbox 1059 3309 1179 3369; x_wconf 85' lang='lat' dir='ltr'>tandem</span> <span class='ocrx_word' id='word_1_325' title='bbox 1204 3309 1270 3368; x_wconf 86' lang='lat' dir='ltr'>inde</span> <span class='ocrx_word' id='word_1_326' title='bbox 1305 3308 1457 3380; x_wconf 86' lang='lat' dir='ltr'>derivant,</span> <span class='ocrx_word' id='word_1_327' title='bbox 1494 3310 1572 3387; x_wconf 93' lang='lat' dir='ltr'>quod</span> <span class='ocrx_word' id='word_1_328' title='bbox 1602 3323 1716 3374; x_wconf 85' lang='lat' dir='ltr'>natura</span> 
     </span>
     <span class='ocr_line' id='line_1_33' title="bbox 350 3397 1712 3481; baseline 0.004 -24"><span class='ocrx_word' id='word_1_329' title='bbox 350 3406 424 3475; x_wconf 88' lang='lat' dir='ltr'>agat</span> <span class='ocrx_word' id='word_1_330' title='bbox 446 3416 500 3476; x_wconf 92' lang='lat' dir='ltr'>per</span> <span class='ocrx_word' id='word_1_331' title='bbox 525 3397 619 3459; x_wconf 88' lang='lat' dir='ltr'>lineas</span> <span class='ocrx_word' id='word_1_332' title='bbox 645 3398 808 3470; x_wconf 76' lang='lat' dir='ltr'>breviores,</span> <span class='ocrx_word' id='word_1_333' title='bbox 834 3399 911 3476; x_wconf 92' lang='lat' dir='ltr'>quod</span> <span class='ocrx_word' id='word_1_334' title='bbox 936 3417 972 3457; x_wconf 84' lang='lat' dir='ltr'>ex</span> <span class='ocrx_word' id='word_1_335' title='bbox 996 3398 1120 3459; x_wconf 85' lang='lat' dir='ltr'>Euclide</span> <span class='ocrx_word' id='word_1_336' title='bbox 1146 3412 1174 3457; x_wconf 90' lang='lat' dir='ltr'>et</span> <span class='ocrx_word' id='word_1_337' title='bbox 1199 3398 1374 3457; x_wconf 85' lang='lat' dir='ltr'>Ptolemaeo</span> <span class='ocrx_word' id='word_1_338' title='bbox 1398 3397 1574 3458; x_wconf 87' lang='lat' dir='ltr'>hauserunt.</span> <span class='ocrx_word' id='word_1_339' title='bbox 1615 3403 1712 3481; x_wconf 88' lang='lat' dir='ltr'>Atqui</span> 
     </span>
     <span class='ocr_line' id='line_1_34' title="bbox 351 3485 1712 3564; baseline 0.003 -18"><span class='ocrx_word' id='word_1_340' title='bbox 351 3486 424 3546; x_wconf 90' lang='lat' dir='ltr'>haec</span> <span class='ocrx_word' id='word_1_341' title='bbox 449 3504 541 3564; x_wconf 90' lang='lat' dir='ltr'>opera</span> <span class='ocrx_word' id='word_1_342' title='bbox 565 3507 622 3548; x_wconf 86' lang='lat' dir='ltr'>oon</span> <span class='ocrx_word' id='word_1_343' title='bbox 655 3494 727 3547; x_wconf 86' lang='lat' dir='ltr'>sunt</span> <span class='ocrx_word' id='word_1_344' title='bbox 759 3486 872 3547; x_wconf 86' lang='lat' dir='ltr'>formae</span> <span class='ocrx_word' id='word_1_345' title='bbox 905 3487 1029 3547; x_wconf 91' lang='lat' dir='ltr'>consilio</span> <span class='ocrx_word' id='word_1_346' title='bbox 1060 3487 1170 3547; x_wconf 80' lang='lat' dir='ltr'>utentis</span> <span class='ocrx_word' id='word_1_347' title='bbox 1204 3495 1257 3546; x_wconf 89' lang='lat' dir='ltr'>ant</span> <span class='ocrx_word' id='word_1_348' title='bbox 1289 3486 1376 3545; x_wconf 90' lang='lat' dir='ltr'>finem</span> <span class='ocrx_word' id='word_1_349' title='bbox 1409 3485 1623 3564; x_wconf 86' lang='lat' dir='ltr'>respicientis.</span> <span class='ocrx_word' id='word_1_350' title='bbox 1658 3491 1712 3550; x_wconf 84' lang='lat' dir='ltr'>sed</span> 
     </span>
     <span class='ocr_line' id='line_1_35' title="bbox 353 3574 1714 3655; baseline 0.004 -20"><span class='ocrx_word' id='word_1_351' title='bbox 353 3575 498 3636; x_wconf 83' lang='lat' dir='ltr'>materiae</span> <span class='ocrx_word' id='word_1_352' title='bbox 521 3577 584 3637; x_wconf 90' lang='lat' dir='ltr'>suis</span> <span class='ocrx_word' id='word_1_353' title='bbox 615 3574 807 3655; x_wconf 88' lang='lat' dir='ltr'>geometricis</span> <span class='ocrx_word' id='word_1_354' title='bbox 839 3576 1072 3636; x_wconf 82' lang='lat' dir='ltr'>necessitatibus</span> <span class='ocrx_word' id='word_1_355' title='bbox 1106 3576 1261 3636; x_wconf 87' lang='lat' dir='ltr'>astrictae.</span> <span class='ocrx_word' id='word_1_356' title='bbox 1311 3576 1475 3635; x_wconf 88' lang='lat' dir='ltr'>Praeterea</span> <span class='ocrx_word' id='word_1_357' title='bbox 1498 3586 1530 3636; x_wconf 91' lang='lat' dir='ltr'>et</span> <span class='ocrx_word' id='word_1_358' title='bbox 1553 3578 1714 3640; x_wconf 87' lang='lat' dir='ltr'>stellarum</span> 
     </span>
     <span class='ocr_line' id='line_1_36' title="bbox 350 3661 1713 3746; baseline 0.002 -22"><span class='ocrx_word' id='word_1_359' title='bbox 350 3664 499 3741; x_wconf 83' lang='lat' dir='ltr'>imagines</span> <span class='ocrx_word' id='word_1_360' title='bbox 521 3666 670 3727; x_wconf 90' lang='lat' dir='ltr'>cernimus</span> <span class='ocrx_word' id='word_1_361' title='bbox 695 3664 723 3725; x_wconf 96' lang='lat' dir='ltr'>in</span> <span class='ocrx_word' id='word_1_362' title='bbox 749 3663 872 3724; x_wconf 89' lang='lat' dir='ltr'>lacubus</span> <span class='ocrx_word' id='word_1_363' title='bbox 897 3665 1002 3725; x_wconf 90' lang='lat' dir='ltr'>iisdem</span> <span class='ocrx_word' id='word_1_364' title='bbox 1035 3682 1262 3743; x_wconf 80' lang='lat' dir='ltr'>repercussuunr</span> <span class='ocrx_word' id='word_1_365' title='bbox 1286 3661 1422 3740; x_wconf 85' lang='lat' dir='ltr'>legibus,</span> <span class='ocrx_word' id='word_1_366' title='bbox 1448 3663 1496 3724; x_wconf 91' lang='lat' dir='ltr'>ubi</span> <span class='ocrx_word' id='word_1_367' title='bbox 1521 3669 1713 3746; x_wconf 88' lang='lat' dir='ltr'>comparatio</span> 
     </span>
     <span class='ocr_line' id='line_1_37' title="bbox 353 3751 1711 3836; baseline 0.002 -23"><span class='ocrx_word' id='word_1_368' title='bbox 353 3753 495 3813; x_wconf 90' lang='lat' dir='ltr'>linearum</span> <span class='ocrx_word' id='word_1_369' title='bbox 521 3754 640 3832; x_wconf 90' lang='lat' dir='ltr'>penitus</span> <span class='ocrx_word' id='word_1_370' title='bbox 664 3751 831 3813; x_wconf 78' lang='lat' dir='ltr'>evanescit.</span> <span class='ocrx_word' id='word_1_371' title='bbox 878 3752 1013 3832; x_wconf 91' lang='lat' dir='ltr'>Denique</span> <span class='ocrx_word' id='word_1_372' title='bbox 1037 3754 1062 3815; x_wconf 90' lang='lat' dir='ltr'>si</span> <span class='ocrx_word' id='word_1_373' title='bbox 1087 3753 1217 3831; x_wconf 85' lang='lat' dir='ltr'>genuina</span> <span class='ocrx_word' id='word_1_374' title='bbox 1236 3759 1317 3812; x_wconf 89' lang='lat' dir='ltr'>essct</span> <span class='ocrx_word' id='word_1_375' title='bbox 1341 3752 1571 3827; x_wconf 87' lang='lat' dir='ltr'>demonstratio,</span> <span class='ocrx_word' id='word_1_376' title='bbox 1598 3775 1711 3836; x_wconf 83' lang='lat' dir='ltr'>seque-</span> 
     </span>
     <span class='ocr_line' id='line_1_38' title="bbox 354 3840 1712 3922; baseline 0.004 -22"><span class='ocrx_word' id='word_1_377' title='bbox 354 3843 435 3900; x_wconf 86' lang='lat' dir='ltr'>r&#39;etur</span> <span class='ocrx_word' id='word_1_378' title='bbox 463 3842 555 3903; x_wconf 90' lang='lat' dir='ltr'>etiam</span> <span class='ocrx_word' id='word_1_379' title='bbox 580 3843 607 3903; x_wconf 93' lang='lat' dir='ltr'>in</span> <span class='ocrx_word' id='word_1_380' title='bbox 634 3840 785 3921; x_wconf 90' lang='lat' dir='ltr'>negotium</span> <span class='ocrx_word' id='word_1_381' title='bbox 815 3841 1036 3901; x_wconf 80' lang='lat' dir='ltr'>refractiorrum.</span> <span class='ocrx_word' id='word_1_382' title='bbox 1084 3841 1179 3921; x_wconf 88' lang='lat' dir='ltr'>Atqui</span> <span class='ocrx_word' id='word_1_383' title='bbox 1205 3840 1330 3901; x_wconf 81' lang='lat' dir='ltr'>Vitellio</span> <span class='ocrx_word' id='word_1_384' title='bbox 1356 3840 1406 3902; x_wconf 96' lang='lat' dir='ltr'>lib.</span> <span class='ocrx_word' id='word_1_385' title='bbox 1436 3840 1485 3904; x_wconf 85' lang='lat'>10.</span> <span class='ocrx_word' id='word_1_386' title='bbox 1511 3861 1539 3922; x_wconf 93' lang='lat' dir='ltr'>p.</span> <span class='ocrx_word' id='word_1_387' title='bbox 1569 3843 1598 3916; x_wconf 83' lang='lat'>1,</span> <span class='ocrx_word' id='word_1_388' title='bbox 1624 3843 1656 3908; x_wconf 83' lang='lat'>2.</span> <span class='ocrx_word' id='word_1_389' title='bbox 1680 3859 1712 3906; x_wconf 83' lang='lat' dir='ltr'>et</span> 
     </span>
     <span class='ocr_line' id='line_1_39' title="bbox 351 3925 1713 4011; baseline 0.002 -20"><span class='ocrx_word' id='word_1_390' title='bbox 351 3929 488 3991; x_wconf 84' lang='lat' dir='ltr'>Alhazen</span> <span class='ocrx_word' id='word_1_391' title='bbox 514 3930 564 3991; x_wconf 91' lang='lat' dir='ltr'>lib.</span> <span class='ocrx_word' id='word_1_392' title='bbox 591 3929 620 3991; x_wconf 85' lang='lat'>7.</span> <span class='ocrx_word' id='word_1_393' title='bbox 646 3951 674 3989; x_wconf 91' lang='lat' dir='ltr'>n.</span> <span class='ocrx_word' id='word_1_394' title='bbox 701 3925 731 3990; x_wconf 89' lang='lat'>9.</span> <span class='ocrx_word' id='word_1_395' title='bbox 767 3937 885 3989; x_wconf 91' lang='lat' dir='ltr'>mutant</span> <span class='ocrx_word' id='word_1_396' title='bbox 915 3929 962 3989; x_wconf 87' lang='lat' dir='ltr'>hic</span> <span class='ocrx_word' id='word_1_397' title='bbox 987 3932 1109 3992; x_wconf 85' lang='lat' dir='ltr'>formam</span> <span class='ocrx_word' id='word_1_398' title='bbox 1144 3928 1429 4001; x_wconf 87' lang='lat' dir='ltr'>demonstrationis;</span> <span class='ocrx_word' id='word_1_399' title='bbox 1463 3950 1559 4011; x_wconf 91' lang='lat' dir='ltr'>neque</span> <span class='ocrx_word' id='word_1_400' title='bbox 1588 3935 1671 3998; x_wconf 82' lang='lat' dir='ltr'>coint</span> <span class='ocrx_word' id='word_1_401' title='bbox 1694 3956 1713 3994; x_wconf 91' lang='lat' dir='ltr'>a</span> 
     </span>
     <span class='ocr_line' id='line_1_40' title="bbox 352 4017 1710 4097; baseline 0.004 -19"><span class='ocrx_word' id='word_1_402' title='bbox 352 4018 437 4078; x_wconf 92' lang='lat' dir='ltr'>lineis</span> <span class='ocrx_word' id='word_1_403' title='bbox 471 4019 657 4081; x_wconf 77' lang='lat' dir='ltr'>brevissimis</span> <span class='ocrx_word' id='word_1_404' title='bbox 681 4019 726 4079; x_wconf 91' lang='lat' dir='ltr'>ita</span> <span class='ocrx_word' id='word_1_405' title='bbox 754 4017 801 4078; x_wconf 92' lang='lat' dir='ltr'>hic</span> <span class='ocrx_word' id='word_1_406' title='bbox 834 4020 1036 4094; x_wconf 83' lang='lat' dir='ltr'>argumentari</span> <span class='ocrx_word' id='word_1_407' title='bbox 1067 4020 1238 4097; x_wconf 84' lang='lat' dir='ltr'>expeditum</span> <span class='ocrx_word' id='word_1_408' title='bbox 1263 4026 1320 4078; x_wconf 89' lang='lat' dir='ltr'>est.</span> <span class='ocrx_word' id='word_1_409' title='bbox 1369 4018 1466 4079; x_wconf 82' lang='lat' dir='ltr'>Nobis</span> <span class='ocrx_word' id='word_1_410' title='bbox 1494 4023 1609 4086; x_wconf 87' lang='lat' dir='ltr'>sulficit</span> <span class='ocrx_word' id='word_1_411' title='bbox 1636 4043 1710 4085; x_wconf 91' lang='lat' dir='ltr'>con·</span> 
     </span>
     <span class='ocr_line' id='line_1_41' title="bbox 351 4106 1710 4191; baseline 0.007 -25"><span class='ocrx_word' id='word_1_412' title='bbox 351 4117 445 4177; x_wconf 89' lang='lat' dir='ltr'>stare,</span> <span class='ocrx_word' id='word_1_413' title='bbox 470 4109 548 4184; x_wconf 88' lang='lat' dir='ltr'>quod</span> <span class='ocrx_word' id='word_1_414' title='bbox 572 4125 765 4186; x_wconf 88' lang='lat' dir='ltr'>repercussus</span> <span class='ocrx_word' id='word_1_415' title='bbox 790 4107 842 4166; x_wconf 85' lang='lat' dir='ltr'>fiat</span> <span class='ocrx_word' id='word_1_416' title='bbox 866 4106 893 4166; x_wconf 92' lang='lat' dir='ltr'>in</span> <span class='ocrx_word' id='word_1_417' title='bbox 918 4109 1039 4186; x_wconf 77' lang='lat' dir='ltr'>plagam</span> <span class='ocrx_word' id='word_1_418' title='bbox 1068 4108 1253 4187; x_wconf 90' lang='lat' dir='ltr'>oppositam,</span> <span class='ocrx_word' id='word_1_419' title='bbox 1278 4106 1420 4168; x_wconf 76' lang='lat' dir='ltr'>retractio</span> <span class='ocrx_word' id='word_1_420' title='bbox 1445 4110 1484 4169; x_wconf 87' lang='lat' dir='ltr'>ad</span> <span class='ocrx_word' id='word_1_421' title='bbox 1507 4114 1710 4191; x_wconf 85' lang='lat' dir='ltr'>perpendicu-</span> 
     </span>
     <span class='ocr_line' id='line_1_42' title="bbox 351 4195 1710 4275; baseline 0.007 -20"><span class='ocrx_word' id='word_1_422' title='bbox 351 4195 460 4269; x_wconf 86' lang='lat' dir='ltr'>larem,</span> <span class='ocrx_word' id='word_1_423' title='bbox 485 4215 560 4273; x_wconf 87' lang='lat' dir='ltr'>quae</span> <span class='ocrx_word' id='word_1_424' title='bbox 586 4205 756 4274; x_wconf 77' lang='lat' dir='ltr'>expuncto</span> <span class='ocrx_word' id='word_1_425' title='bbox 789 4196 926 4256; x_wconf 89' lang='lat' dir='ltr'>radiante</span> <span class='ocrx_word' id='word_1_426' title='bbox 952 4197 980 4256; x_wconf 91' lang='lat' dir='ltr'>in</span> <span class='ocrx_word' id='word_1_427' title='bbox 1007 4197 1192 4275; x_wconf 86' lang='lat' dir='ltr'>superficiem</span> <span class='ocrx_word' id='word_1_428' title='bbox 1225 4195 1439 4274; x_wconf 89' lang='lat' dir='ltr'>refringentem</span> <span class='ocrx_word' id='word_1_429' title='bbox 1465 4198 1603 4261; x_wconf 87' lang='lat' dir='ltr'>ducitur:</span> <span class='ocrx_word' id='word_1_430' title='bbox 1637 4202 1710 4264; x_wconf 85' lang='lat' dir='ltr'>illud</span> 
     </span>
     <span class='ocr_line' id='line_1_43' title="bbox 351 4282 1711 4371; baseline 0.007 -28"><span class='ocrx_word' id='word_1_431' title='bbox 351 4303 387 4344; x_wconf 84' lang='lat' dir='ltr'>ex</span> <span class='ocrx_word' id='word_1_432' title='bbox 410 4302 439 4361; x_wconf 93' lang='lat' dir='ltr'>p.</span> <span class='ocrx_word' id='word_1_433' title='bbox 472 4283 518 4346; x_wconf 77' lang='grc'>19.</span> <span class='ocrx_word' id='word_1_434' title='bbox 548 4304 615 4362; x_wconf 88' lang='lat' dir='ltr'>cap.</span> <span class='ocrx_word' id='word_1_435' title='bbox 642 4286 664 4346; x_wconf 93' lang='lat'>1.</span> <span class='ocrx_word' id='word_1_436' title='bbox 697 4284 752 4346; x_wconf 92' lang='lat' dir='ltr'>hoc</span> <span class='ocrx_word' id='word_1_437' title='bbox 782 4303 810 4362; x_wconf 96' lang='lat' dir='ltr'>p.</span> <span class='ocrx_word' id='word_1_438' title='bbox 837 4282 888 4346; x_wconf 81' lang='lat'>20.</span> <span class='ocrx_word' id='word_1_439' title='bbox 917 4305 983 4363; x_wconf 90' lang='lat' dir='ltr'>cap.</span> <span class='ocrx_word' id='word_1_440' title='bbox 1009 4286 1052 4346; x_wconf 91' lang='lat' dir='ltr'>l.:</span> <span class='ocrx_word' id='word_1_441' title='bbox 1086 4304 1208 4364; x_wconf 90' lang='lat' dir='ltr'>qnorum</span> <span class='ocrx_word' id='word_1_442' title='bbox 1241 4294 1398 4363; x_wconf 85' lang='lat' dir='ltr'>utrumque</span> <span class='ocrx_word' id='word_1_443' title='bbox 1431 4306 1468 4347; x_wconf 83' lang='lat' dir='ltr'>err</span> <span class='ocrx_word' id='word_1_444' title='bbox 1498 4307 1556 4349; x_wconf 90' lang='lat' dir='ltr'>sua</span> <span class='ocrx_word' id='word_1_445' title='bbox 1588 4291 1711 4371; x_wconf 88' lang='lat' dir='ltr'>pmpria</span> 
     </span>
     <span class='ocr_line' id='line_1_44' title="bbox 351 4373 1709 4452; baseline 0.007 -20"><span class='ocrx_word' id='word_1_446' title='bbox 351 4391 444 4433; x_wconf 89' lang='lat' dir='ltr'>eausa</span> <span class='ocrx_word' id='word_1_447' title='bbox 468 4374 653 4446; x_wconf 84' lang='lat' dir='ltr'>deduximus,</span> <span class='ocrx_word' id='word_1_448' title='bbox 679 4375 755 4435; x_wconf 90' lang='lat' dir='ltr'>unde</span> <span class='ocrx_word' id='word_1_449' title='bbox 780 4373 867 4434; x_wconf 87' lang='lat' dir='ltr'>simul</span> <span class='ocrx_word' id='word_1_450' title='bbox 892 4375 983 4434; x_wconf 89' lang='lat' dir='ltr'>etiam</span> <span class='ocrx_word' id='word_1_451' title='bbox 1015 4374 1195 4452; x_wconf 84' lang='lat' dir='ltr'>sequebatur</span> <span class='ocrx_word' id='word_1_452' title='bbox 1228 4373 1398 4451; x_wconf 86' lang='lat' dir='ltr'>aequalitas</span> <span class='ocrx_word' id='word_1_453' title='bbox 1430 4378 1609 4450; x_wconf 83' lang='lat' dir='ltr'>angulomm</span> <span class='ocrx_word' id='word_1_454' title='bbox 1634 4379 1709 4442; x_wconf 79' lang='lat' dir='ltr'>inei·</span> 
     </span>
     <span class='ocr_line' id='line_1_45' title="bbox 351 4460 1709 4550; baseline 0.01 -31"><span class='ocrx_word' id='word_1_455' title='bbox 351 4460 472 4521; x_wconf 90' lang='lat' dir='ltr'>dentiae</span> <span class='ocrx_word' id='word_1_456' title='bbox 496 4471 528 4521; x_wconf 91' lang='lat' dir='ltr'>et</span> <span class='ocrx_word' id='word_1_457' title='bbox 551 4480 755 4540; x_wconf 88' lang='lat' dir='ltr'>repercussus.</span> <span class='ocrx_word' id='word_1_458' title='bbox 795 4462 871 4523; x_wconf 86' lang='lat' dir='ltr'>llinc</span> <span class='ocrx_word' id='word_1_459' title='bbox 891 4462 955 4538; x_wconf 89' lang='lat' dir='ltr'>jam</span> <span class='ocrx_word' id='word_1_460' title='bbox 977 4464 1133 4540; x_wconf 85' lang='lat' dir='ltr'>ingerere</span> <span class='ocrx_word' id='word_1_461' title='bbox 1154 4461 1360 4523; x_wconf 88' lang='lat' dir='ltr'>adhibebimus</span> <span class='ocrx_word' id='word_1_462' title='bbox 1385 4479 1604 4542; x_wconf 88' lang='lat' dir='ltr'>argumentum,</span> <span class='ocrx_word' id='word_1_463' title='bbox 1630 4470 1709 4550; x_wconf 88' lang='lat' dir='ltr'>qnod</span> 
     </span>
     <span class='ocr_line' id='line_1_46' title="bbox 350 4548 1709 4630; baseline 0.007 -21"><span class='ocrx_word' id='word_1_464' title='bbox 350 4548 380 4609; x_wconf 91' lang='lat' dir='ltr'>in</span> <span class='ocrx_word' id='word_1_465' title='bbox 409 4550 509 4629; x_wconf 89' lang='lat' dir='ltr'>specie</span> <span class='ocrx_word' id='word_1_466' title='bbox 535 4550 661 4612; x_wconf 86' lang='lat' dir='ltr'>Vitellio</span> <span class='ocrx_word' id='word_1_467' title='bbox 689 4553 725 4611; x_wconf 90' lang='lat' dir='ltr'>dc</span> <span class='ocrx_word' id='word_1_468' title='bbox 759 4551 986 4612; x_wconf 75' lang='lat' dir='ltr'>retractionibus</span> <span class='ocrx_word' id='word_1_469' title='bbox 1021 4561 1158 4629; x_wconf 87' lang='lat' dir='ltr'>usurpat,</span> <span class='ocrx_word' id='word_1_470' title='bbox 1193 4561 1334 4630; x_wconf 90' lang='lat' dir='ltr'>quantum</span> <span class='ocrx_word' id='word_1_471' title='bbox 1368 4572 1404 4612; x_wconf 83' lang='lat' dir='ltr'>ex</span> <span class='ocrx_word' id='word_1_472' title='bbox 1434 4554 1489 4614; x_wconf 87' lang='lat' dir='ltr'>illa</span> <span class='ocrx_word' id='word_1_473' title='bbox 1520 4556 1709 4621; x_wconf 82' lang='lat' dir='ltr'>obscuritate</span> 
     </span>
     <span class='ocr_line' id='line_1_47' title="bbox 351 4637 586 4719; baseline 0 -21"><span class='ocrx_word' id='word_1_474' title='bbox 351 4637 450 4716; x_wconf 87' lang='lat' dir='ltr'>colligi</span> <span class='ocrx_word' id='word_1_475' title='bbox 475 4648 586 4719; x_wconf 87' lang='lat' dir='ltr'>potest.</span> 
     </span>
    </p>

    <p class='ocr_par' dir='ltr' id='par_1_20' title="bbox 352 4725 1711 5076">
     <span class='ocr_line' id='line_1_48' title="bbox 440 4725 1709 4814; baseline 0.009 -27"><span class='ocrx_word' id='word_1_476' title='bbox 440 4725 517 4789; x_wconf 88' lang='lat' dir='ltr'>Cum</span> <span class='ocrx_word' id='word_1_477' title='bbox 540 4728 618 4788; x_wconf 89' lang='lat' dir='ltr'>enim</span> <span class='ocrx_word' id='word_1_478' title='bbox 642 4727 750 4807; x_wconf 87' lang='lat' dir='ltr'>plagae</span> <span class='ocrx_word' id='word_1_479' title='bbox 774 4728 957 4788; x_wconf 86' lang='lat' dir='ltr'>collocentur</span> <span class='ocrx_word' id='word_1_480' title='bbox 973 4726 1001 4787; x_wconf 90' lang='lat' dir='ltr'>in</span> <span class='ocrx_word' id='word_1_481' title='bbox 1021 4728 1132 4799; x_wconf 89' lang='lat' dir='ltr'>orbem,</span> <span class='ocrx_word' id='word_1_482' title='bbox 1160 4736 1318 4789; x_wconf 90' lang='lat' dir='ltr'>transeant</span> <span class='ocrx_word' id='word_1_483' title='bbox 1342 4746 1414 4806; x_wconf 88' lang='lat' dir='ltr'>ergo</span> <span class='ocrx_word' id='word_1_484' title='bbox 1438 4736 1538 4811; x_wconf 88' lang='lat' dir='ltr'>perA</span> <span class='ocrx_word' id='word_1_485' title='bbox 1563 4746 1709 4814; x_wconf 83' lang='lat' dir='ltr'>puuctum</span> 
     </span>
     <span class='ocr_line' id='line_1_49' title="bbox 352 4813 1710 4904; baseline 0.009 -29"><span class='ocrx_word' id='word_1_486' title='bbox 352 4833 546 4893; x_wconf 86' lang='lat' dir='ltr'>repercussus</span> <span class='ocrx_word' id='word_1_487' title='bbox 570 4816 656 4876; x_wconf 91' lang='lat' dir='ltr'>binae</span> <span class='ocrx_word' id='word_1_488' title='bbox 690 4826 791 4876; x_wconf 88' lang='lat' dir='ltr'>rectae</span> <span class='ocrx_word' id='word_1_489' title='bbox 815 4813 884 4887; x_wconf 86' lang='lat' dir='ltr'>BC,</span> <span class='ocrx_word' id='word_1_490' title='bbox 910 4815 964 4876; x_wconf 80' lang='lat' dir='ltr'>tm</span> <span class='ocrx_word' id='word_1_491' title='bbox 990 4816 1016 4876; x_wconf 91' lang='lat' dir='ltr'>in</span> <span class='ocrx_word' id='word_1_492' title='bbox 1052 4817 1208 4895; x_wconf 89' lang='lat' dir='ltr'>superficie</span> <span class='ocrx_word' id='word_1_493' title='bbox 1240 4818 1474 4896; x_wconf 87' lang='lat' dir='ltr'>repercutiente,</span> <span class='ocrx_word' id='word_1_494' title='bbox 1509 4823 1710 4904; x_wconf 78' lang='lat' dir='ltr'>designantes</span> 
     </span>
     <span class='ocr_line' id='line_1_50' title="bbox 352 4903 1711 4991; baseline 0.013 -30"><span class='ocrx_word' id='word_1_495' title='bbox 352 4912 479 4979; x_wconf 87' lang='lat' dir='ltr'>quatuor</span> <span class='ocrx_word' id='word_1_496' title='bbox 502 4904 621 4983; x_wconf 89' lang='lat' dir='ltr'>plagas.</span> <span class='ocrx_word' id='word_1_497' title='bbox 669 4904 820 4963; x_wconf 86' lang='lat' dir='ltr'>Transeat</span> <span class='ocrx_word' id='word_1_498' title='bbox 845 4903 911 4979; x_wconf 85' lang='lat' dir='ltr'>jam</span> <span class='ocrx_word' id='word_1_499' title='bbox 936 4903 1044 4966; x_wconf 80' lang='lat' dir='ltr'>BFGC</span> <span class='ocrx_word' id='word_1_500' title='bbox 1069 4906 1241 4984; x_wconf 88' lang='lat' dir='ltr'>superficies</span> <span class='ocrx_word' id='word_1_501' title='bbox 1274 4924 1469 4985; x_wconf 85' lang='lat' dir='ltr'>repercussus</span> <span class='ocrx_word' id='word_1_502' title='bbox 1493 4930 1548 4991; x_wconf 93' lang='lat' dir='ltr'>per</span> <span class='ocrx_word' id='word_1_503' title='bbox 1577 4915 1711 4978; x_wconf 78' lang='lat' dir='ltr'>alteram</span> 
     </span>
     <span class='ocr_line' id='line_1_51' title="bbox 352 4988 1711 5076; baseline 0.013 -26"><span class='ocrx_word' id='word_1_504' title='bbox 352 4988 456 5052; x_wconf 86' lang='lat' dir='ltr'>harum</span> <span class='ocrx_word' id='word_1_505' title='bbox 481 4991 627 5052; x_wconf 87' lang='lat' dir='ltr'>lineamm</span> <span class='ocrx_word' id='word_1_506' title='bbox 650 4988 718 5063; x_wconf 87' lang='lat' dir='ltr'>BC,</span> <span class='ocrx_word' id='word_1_507' title='bbox 753 5011 827 5070; x_wconf 87' lang='lat' dir='ltr'>quae</span> <span class='ocrx_word' id='word_1_508' title='bbox 852 4990 877 5051; x_wconf 88' lang='lat' dir='ltr'>si</span> <span class='ocrx_word' id='word_1_509' title='bbox 908 4992 1067 5056; x_wconf 86' lang='lat' dir='ltr'>inclinatur</span> <span class='ocrx_word' id='word_1_510' title='bbox 1091 4994 1120 5055; x_wconf 93' lang='lat' dir='ltr'>in</span> <span class='ocrx_word' id='word_1_511' title='bbox 1148 4996 1303 5073; x_wconf 87' lang='lat' dir='ltr'>superficie</span> <span class='ocrx_word' id='word_1_512' title='bbox 1336 4998 1560 5076; x_wconf 87' lang='lat' dir='ltr'>repercutiente</span> <span class='ocrx_word' id='word_1_513' title='bbox 1583 5001 1711 5072; x_wconf 71' lang='lat' dir='ltr'>octe.</span> 
     </span>
    </p>
   </div>
   <div class='ocr_carea' id='block_1_3' title="bbox 0 0 1850 5842">
    <p class='ocr_par' dir='ltr' id='par_1_21' title="bbox 0 0 1850 5842">
     <span class='ocr_line' id='line_1_52' title="bbox 0 0 1850 5842; baseline 0 0"><span class='ocrx_word' id='word_1_514' title='bbox 0 0 1850 5842; x_wconf 95' lang='lat' dir='ltr'> </span> 
     </span>
    </p>
   </div>
  </div>
 </body>
</html>
