3692 5842
821 482 906 551 Otus*
923 485 957 537 V·
976 484 1003 536 ἃ
1524 480 1593 553 285

230 669 269 734 ,st
289 678 436 731 uersus
456 661 516 725 KL
538 678 630 743 super
652 661 718 738 OD,
741 663 781 725 sd
803 662 981 727 distantiam
1004 661 1063 728 KL
1084 669 1118 723 et
1141 659 1207 735 OD,
1229 661 1276 724 ita
1297 669 1365 727 tota
1386 661 1446 726 KL
1468 662 1508 726 ad
1526 664 1591 743 ejus

231 749 276 817 ab
297 750 313 812 1
335 749 524 827 dioesntlm
550 770 617 815 oum
640 759 739 815 tumen
762 752 821 814 KL
843 753 882 815 ab
906 751 963 814 AB
986 750 1157 814 inveniatur
1177 750 1275 814 miuus
1297 749 1423 815 distare.

321 837 439 905 Noster
459 856 532 903 vero
554 840 657 924 '1⁸ycbo
679 841 780 903 Brabe
803 840 881 905 inter
912 839 999 902 initia
1026 840 1124 903 minus
1157 839 1254 903 adbuc
1282 840 1510 904 tractandorum
1542 839 1590 903 in·

231 934 468 999 mutatorum
490 929 614 1010 peritus,
638 930 730 993 etiarn
753 928 791 991 ab
814 928 910 1010 ipsius
932 929 1123 992 instrumenti
1147 929 1275 992 articulo
1298 929 1468 1008 hujusmodi
1483 948 1593 1010 passus

232 1025 285 1085 ut
304 1017 531 1100 iupedimenta,
573 1016 651 1083 (lum
673 1019 752 1081 caim
775 1019 804 1081 in
827 1020 923 1098 dgura
940 1014 995 1081 85.
1017 1026 1120 1080 rectae
1143 1018 1313 1097 regularum
1336 1019 1365 1079 iu
1389 1041 1411 1079 α
1433 1037 1591 1082 concurre·

232 1114 304 1171 rut
330 1114 365 1169 et
385 1106 515 1169 maana
540 1105 622 1171 circa
643 1131 665 1170 α
686 1107 918 1171 erassitudinem
945 1105 1097 1169 obtineret
1124 1115 1353 1187 excurreretque
1382 1125 1476 1186 usque
1502 1107 1532 1171 in
1555 1107 1592 1183 E,

231 1213 294 1259 na
316 1202 436 1258 anun
457 1201 594 1259 muttum
615 1196 671 1257 sed
694 1215 732 1257 ne
754 1195 928 1274 superticies
951 1193 1069 1275 quidem
1093 1194 1171 1256 oculi
1193 1193 1223 1255 in
1247 1219 1267 1255 α
1290 1214 1358 1258 esse
1391 1195 1506 1275 potuit,
1538 1197 1593 1258 ssd

233 1283 267 1347 'ur
287 1281 317 1345 Ε
340 1282 495 1357 substitit,
523 1291 557 1345 ut
589 1284 618 1345 in
646 1283 827 1347 Machanica
854 1291 943 1362 parte
976 1283 1048 1346 tolio
1071 1282 1100 1345 D
1123 1280 1154 1345 4.
1187 1291 1221 1345 et
1251 1284 1283 1345 in
1313 1284 1593 1366 Progymnasmrtis

232 1371 289 1435 al.
310 1367 357 1436 34
378 1372 504 1435 mouerit.
537 1370 672 1453 Cumque
695 1372 779 1437 visus
800 1372 860 1436 sibi
882 1378 975 1446 esset,
999 1370 1193 1450 usurpatione
1217 1371 1361 1446 tabellae,
1384 1373 1468 1452 cujus
1491 1379 1591 1435 strue·

233 1469 306 1525 tm
326 1459 381 1523 ror.
405 1457 450 1525 34
472 1461 616 1535 babetur,
642 1480 759 1524 errores
782 1459 1005 1525 observationis
1037 1459 1106 1521 hinc
1137 1459 1260 1522 obortus
1291 1461 1381 1539 plane
1409 1462 1591 1524 sustulisse:

233 1557 346 1629 pstea
372 1556 475 1613 umen
506 1549 722 1614 animadvertit
744 1551 794 1614 iol.
820 1546 896 1624 342,
925 1547 984 1610 eibi
1012 1548 1104 1610 etiem
1135 1567 1171 1608 os
1198 1566 1293 1626 genae
1327 1549 1499 1624 obstitisse,
1535 1569 1593 1628 quc

232 1634 334 1705 n‘nua
354 1638 435 1701 oculi
457 1636 573 1718 pupilia
594 1645 646 1701 sat
666 1637 831 1719 propinque
854 1637 1111 1701 circumferentiae
1143 1635 1252 1715 capitis
1275 1636 1467 1700 instrumenti
1490 1637 1591 1717 appli-

233 1733 366 1793 matut.

322 1813 393 1876 Huc
415 1813 481 1893 ipss
504 1813 623 1893 quidem
656 1834 779 1877 causanr
811 1814 929 1876 confert
959 1813 1042 1876 visus
1072 1811 1234 1875 etiamnum
1267 1813 1447 1877 aberrantis.
1492 1811 1539 1876 Ar
1560 1821 1595 1876 ut

234 1902 402 1969 medam
424 1910 458 1964 et
479 1920 515 1964 os
538 1919 635 1982 geuse
658 1902 833 1978 obstitisse,
865 1910 939 1981 puto
962 1911 1064 1964 tamen
1087 1901 1277 1981 potissimam
1301 1902 1422 1982 cuipam
1443 1901 1594 1964 resedisse

235 1993 267 2057 Ἰ
287 2006 337 2060 so.
358 1990 440 2071 cmd
463 2008 530 2053 non
553 2009 596 2055 ex
618 1991 776 2071 pupilia,
800 1991 879 2072 quod
902 1990 1004 2072 Tycbo
1025 1989 1127 2052 Brabe
1149 1989 1293 2070 ponebat,
1316 1989 1443 2053 radius
1466 1989 1595 2052 visua-

234 2078 282 2145 lis
308 2077 546 2161 potissimum
577 2079 772 2158 procedat,
805 2079 869 2141 sire
901 2079 1035 2141 toramen
1067 2096 1163 2140 ureae
1190 2077 1344 2156 intelligas
1371 2098 1427 2141 seu
1456 2095 1595 2141 corneam

234 2168 292 2233 irre
314 2167 526 2247 obtegeutcm.
557 2176 592 2230 ut
613 2167 681 2248 ipse
703 2186 847 2248 usurpare
870 2167 1009 2229 videtur:
1039 2168 1095 2229 sed
1118 2186 1155 2228 ex
1178 2166 1276 2228 medio
1299 2166 1382 2246 globi
1404 2174 1530 2246 puncto,
1563 2174 1597 2230 ut

234 2257 298 2338 jn
324 2256 464 2326 technice
493 2257 531 2318 de
559 2256 643 2319 radio
670 2257 779 2319 visuali
811 2257 918 2335 loquar
949 2274 1017 2317 curn
1046 2255 1172 2336 antiqua
1198 2253 1334 2316 Euclidis
1362 2255 1477 2318 schola.
1527 2255 1595 2317 Hoc

235 2346 335 2427 ipsum
358 2344 463 2426 Tycho
485 2345 592 2407 meiius
615 2345 820 2414 considerans,
844 2362 922 2406 anno
944 2340 1001 2408 85.
1024 2345 1064 2406 ad
1086 2341 1316 2423 Landgravinm
1336 2344 1467 2408 Hassiae
1490 2343 1597 2405 scribit

235 2435 267 2497 ia
287 2433 370 2497 huuc
393 2433 521 2508 modum,
545 2432 597 2495 iol.
620 2430 653 2499 8.
678 2435 702 2495 Ι.
728 2433 814 2495 Tomi
836 2432 936 2514 Epist.
970 2443 1029 2498 Nec
1047 2443 1119 2498 eninr
1140 2451 1263 2498 centrum
1283 2443 1359 2499 ricus
1379 2449 1474 2498 uentre
1493 2441 1596 2496 instro

236 2523 322 2581 mati
343 2529 413 2594 apte
433 2520 506 2578 uniri
525 2529 635 2594 potest,
663 2542 714 2579 uec
734 2523 844 2593 pupilia
868 2522 940 2578 oculi
967 2523 1048 2578 binas
1068 2524 1168 2578 stelles
1188 2524 1320 2579 intuendo
1353 2522 1466 2579 immota
1493 2528 1595 2584 manet,

235 2613 307 2681 uda
327 2618 455 2667 osutmn
474 2611 550 2667 risus
571 2612 655 2667 etiam
675 2613 878 2684 aliquantulum
891 2611 995 2667 variari
1013 2611 1197 2667 necessarium
1215 2611 1318 2666 eradit
1354 2600 1463 2663 Adhuc
1478 2599 1596 2680 quidem

236 2689 393 2767 eristimat
417 2708 434 2750 e
461 2689 577 2769 pupilla
607 2691 709 2770 egredi
739 2690 882 2754 visorium
914 2689 1031 2752 radium
1063 2699 1207 2769 tauquam
1238 2708 1254 2750 e
1283 2700 1406 2762 centro,
1444 2689 1499 2751 sed
1531 2705 1597 2749 cum

236 2775 364 2853 videret,
389 2795 448 2840 nou
472 2777 609 2841 sufficere
632 2779 808 2843 distantiam
832 2777 999 2858 superficiei
1023 2778 1101 2840 oculi
1125 2799 1144 2839 a
1166 2785 1270 2840 centro
1293 2775 1500 2852 instrumenti,
1523 2794 1596 2854 par-

236 2873 297 2933 an
319 2865 524 2929 aberratiouis
554 2866 646 2929 etiam
669 2869 698 2929 in
721 2868 854 2949 pupillae
883 2866 1116 2929 translationem
1148 2866 1278 2941 couiert,
1310 2867 1388 2946 quod
1410 2867 1502 2947 piane
1523 2862 1597 2926 nibil
1709 2939 1711 2942 Ι

236 2956 318 3019 uliud
338 2965 390 3018 est
411 2972 501 3034 quam
523 2953 580 3017 hoc
602 2954 709 3035 ipsum,
735 2957 814 3036 quod
836 2963 972 3019 centrum
994 2955 1077 3017 visus
1100 2963 1171 3035 post
1192 2953 1337 3034 pupillam
1351 2955 1436 3029 latet,
1460 2952 1596 3015 eductis·

236 3048 292 3126 φο
315 3063 335 3106 e
359 3044 442 3105 risus
465 3051 569 3105 centro
602 3043 718 3106 duabus
749 3044 849 3120 lineis,
874 3043 976 3124 aliqua
1005 3043 1084 3106 oculi
1116 3041 1288 3121 superficies
1319 3041 1517 3124 intercipitur,
1541 3059 1597 3105 nec

236 3132 354 3197 &ocu
377 3151 445 3193 esse
469 3139 574 3211 potest
595 3132 749 3213 utriusque
772 3133 881 3195 stellae
903 3131 996 3207 visio,
1031 3131 1087 3194 nisi
1112 3140 1247 3195 centrum
1270 3132 1423 3212 pupillae,
1456 3139 1597 3195 manente

237 3221 316 3285 oculi
339 3228 454 3292 cantro,
481 3240 519 3282 ex
542 3221 641 3283 altera
663 3220 807 3284 linearum
828 3221 859 3283 in
884 3220 1013 3283 alteram
1037 3222 1249 3283 transferatur.

325 3318 412 3380 Haec
435 3316 537 3397 itaque
559 3318 637 3387 oculi
658 3319 817 3398 vquantitas
837 3318 1099 3381 observationibus
1121 3317 1272 3381 accuratis
1295 3317 1385 3381 affert
1397 3316 1596 3391 incommoda,

237 3425 313 3489 με
337 3405 532 3485 Hipparchus
556 3406 626 3468 olim
649 3407 851 3469 declinaturus
875 3407 1010 3486 dioptras
1024 3405 1201 3480 introduxit,
1226 3414 1260 3469 ut
1282 3405 1498 3484 augustissimo
1515 3407 1597 3467 tora·

236 3497 315 3561 uiue
339 3495 380 3557 sd
402 3495 520 3557 oculum
544 3495 707 3575 applicato,
731 3497 834 3575 siper
857 3495 930 3558 illud
953 3496 1056 3557 oculus
1080 3496 1119 3556 ad
1143 3494 1296 3575 utriusque
1320 3493 1429 3556 stellae
1453 3493 1502 3554 rel
1516 3511 1598 3560 mar·

237 3584 317 3664 girr‘n
340 3581 460 3645 Solaris
484 3582 634 3662 dioptram
661 3584 839 3665 respiceret,
869 3583 928 3646 bae
956 3582 1093 3663 geminae
1118 3582 1205 3664 ὁψως
1227 3601 1296 3645 sese
1319 3583 1349 3644 in
1372 3582 1430 3646 boc
1454 3581 1599 3644 toramine

238 3682 323 3735 serto
346 3678 498 3744 secarent,
522 3690 578 3733 nec
602 3681 685 3734 esset
706 3672 849 3735 sectionis
862 3672 952 3752 hujus
966 3680 1109 3752 punctum
1130 3690 1184 3751 per
1203 3670 1395 3734 latitudinem
1410 3669 1490 3733 oculi
1503 3687 1597 3750 quae-

238 3761 375 3825 rendum.
420 3759 514 3839 idque
538 3759 730 3823 Ptolemaeus
753 3769 802 3823 est
824 3761 970 3824 imitatus.
1016 3761 1113 3824 Hodie
1137 3779 1191 3840 pro
1215 3759 1335 3839 dioptra
1362 3759 1467 3821 rimam
1499 3757 1598 3824 subti-

239 3848 389 3913 lissimam
413 3847 564 3921 alliciunt,
589 3849 700 3912 erectis
725 3849 839 3912 duobus
862 3850 1041 3930 pinnacidiis
1064 3868 1141 3929 pene
1164 3867 1232 3911 sese
1255 3847 1509 3929 contingentibus.
1555 3846 1601 3908 At

238 3956 274 4003 u
297 3936 371 4000 irnic
392 3935 515 4016 quidem
537 3936 630 3999 rimae
653 3938 832 4019 praesertim
856 3939 885 4000 in
909 3938 1096 4000 brevioribus
1119 3937 1274 4001 distantiis
1298 3937 1446 3999 fidendum
1461 3942 1600 3999 auctores

239 4031 397 4106 putarunt.
444 4022 524 4096 Quin
547 4025 641 4088 etiam
663 4027 693 4088 in
719 4026 845 4107 dioptris
875 4027 912 4087 ad
937 4028 1043 4089 stellas
1066 4026 1297 4107 respicientibus
1327 4025 1399 4087 illud
1421 4024 1600 4088 incommodi

238 4123 377 4179 natatum
401 4112 586 4194 a'l'ycbone,
612 4116 690 4194 quod
715 4116 741 4179 ei
765 4115 912 4177 foramina
935 4117 997 4179 siut
1010 4115 1121 4190 tenuia,
1146 4114 1254 4177 stellas
1274 4113 1435 4186 occultent,
1459 4113 1504 4174 sin
1519 4114 1601 4187 laxa,

238 4222 294 4267 ssu
318 4209 446 4266 servem
466 4201 643 4282 imperatam
674 4205 879 4284 scrupulorum
911 4203 1120 4267 subtilitatem.
1166 4204 1334 4284 Propterea
1356 4201 1408 4265 aiii
1431 4200 1599 4265 remotioris

239 4291 380 4374 dioptrae
402 4292 469 4354 ioco
492 4291 644 4355 collocant
666 4292 897 4356 minutissimum
920 4293 1089 4374 globulum,
1115 4292 1230 4355 ansulis
1254 4291 1283 4353 in
1307 4289 1405 4352 medic
1427 4290 1598 4372 perforatae

239 4381 374 4445 tsbeliae
404 4381 571 4453 tirmaturo,
605 4380 817 4461 collimantque
845 4381 885 4442 ad
917 4381 1026 4444 stellas
1056 4399 1115 4442 uon
1145 4379 1332 4461 inspiciendo
1369 4380 1423 4442 sed
1460 4379 1599 4460 tegendo.

238 4469 300 4535 eiii
323 4469 356 4533 iu
381 4468 542 4533 fenestella
565 4468 698 4532 tabellae
721 4470 833 4535 laxiore
858 4469 944 4532 binas
967 4467 1097 4532 chordas
1118 4468 1301 4532 decussatim
1320 4468 1424 4549 figunt,
1448 4476 1484 4530 ut
1504 4466 1599 4532 sectio

239 4567 375 4623 usuum
397 4557 440 4621 sit
462 4555 527 4621 rice
552 4555 690 4638 dioptrae
713 4566 767 4621 aut
788 4558 912 4638 globuli.
959 4556 1100 4622 Ceterum
1124 4563 1310 4620 evanescunt
1333 4577 1387 4619 seu
1409 4557 1524 4637 globuli
1546 4575 1599 4619 seu

239 4664 344 4713 m
367 4645 400 4710 iu
423 4645 567 4723 tenebris,
591 4653 624 4708 et
645 4648 773 4710 candela
796 4648 920 4710 admota
942 4646 1026 4709 risus
1055 4646 1225 4726 impeditur.
1271 4645 1402 4726 Propter
1429 4646 1503 4708 baec
1533 4641 1599 4708 cuin

239 4733 398 4801 ‘mcitirua
424 4743 488 4799 tum
516 4735 548 4799 iu
576 4735 786 4798 remotioribus
814 4735 941 4814 dioptris
969 4735 1173 4808 incommoda,
1206 4733 1290 4796 nulla
1321 4734 1455 4814 Tycboni
1477 4735 1599 4797 Braheo

239 4824 305 4893 rias
326 4833 380 4887 eat
400 4823 570 4907 expeditior
592 4823 764 4887 collimandi
786 4824 864 4887 ratio
890 4833 961 4904 post
984 4823 1154 4887 diuturnum
1186 4841 1290 4892 usum,
1323 4841 1413 4902 quam
1434 4842 1489 4903 per
1512 4824 1599 4887 binae

240 4911 463 4994 mummiibet
484 4911 607 4975 stellam
631 4912 762 4976 directas
787 4913 884 4975 lineas
916 4912 1096 4993 parallelas,
1130 4909 1273 4974 adhibitis
1306 4911 1346 4973 ad
1374 4910 1460 4974 binas
1491 4913 1598 4977 stellas

240 4998 321 5067 birris
348 5000 620 5067 obsonatoribus:
660 5010 691 5063 ct
719 5002 806 5065 oculo
837 5002 1000 5082 singulari,
1033 5009 1082 5063 tot
1112 5000 1281 5064 nominibus
1313 4998 1471 5072 insidioso.
1508 5002 1597 5081 plane
