3692 5842
836 478 1000 531 mearum.
1515 532 1520 542 ,
1578 481 1597 548 5

235 657 293 719 bns
319 665 410 739 typos
434 656 622 721 schematum
645 656 763 737 ligneos
787 656 927 730 tradidit,
954 675 1048 736 usqne
1073 674 1144 718 vero
1168 657 1206 721 ab
1221 658 1267 720 his
1281 677 1335 737 pro
1361 658 1511 720 laboribus
1531 660 1595 721 suis

236 746 321 809 aliud
345 748 476 826 accepit,
511 767 600 827 quam
623 746 738 827 aliquot
761 744 946 824 exemplaria
969 746 1036 807 libri
1066 746 1213 824 impressi.
1261 748 1438 828 Rndolplrus
1462 765 1516 828 pro
1541 750 1596 810 de-

236 836 391 897 dicatione
415 837 540 897 donavit
563 836 618 917 ipsi
647 834 708 898 100
733 834 918 916 imperiales;
942 835 1093 895 Barariae
1108 836 1241 911 Elector,
1267 838 1312 898 cui
1337 838 1512 898 Herwartus
1536 837 1595 898 lib·

236 944 301 987 rurn
325 925 444 986 nomine
478 934 509 985 et
536 926 623 1006 jussu
647 924 770 1003 chleri
801 923 983 996 tradiderat,
1022 923 1060 986 12
1086 925 1229 999 florenos,
1264 945 1337 1005 qnos
1362 926 1537 987 Herwartus
1560 928 1598 987 ad
1655 1000 1659 1007 Ι

237 1033 387 1076 summam
404 1009 425 1076 6
440 1015 617 1075 ducatorum
633 1015 734 1086 auxit;
759 1020 884 1073 senatus
903 1031 975 1072 vero
991 1012 1201 1091 Tubingensis,
1226 1016 1272 1075 cui
1288 1014 1467 1081 Maestlinus
1493 1015 1599 1077 librum

238 1103 367 1178 obtulit,
391 1104 467 1164 bene
491 1102 670 1181 compositis
690 1102 790 1164 verbis
815 1100 931 1179 gratias
956 1102 1031 1176 agit,
1055 1111 1194 1180 paratum
1217 1123 1250 1164 se
1266 1104 1430 1183 praebens,
1455 1103 1481 1165 si
1506 1123 1597 1165 occa-

239 1191 284 1253 sio
309 1212 342 1253 se
367 1192 501 1256 dederit.
526 1192 643 1270 gratias
666 1190 801 1252 reddere.
839 1189 998 1250 Dedicntio
1024 1192 1124 1269 operis
1149 1190 1311 1253 Caesarum
1333 1194 1408 1252 forte
1434 1192 1546 1253 monuit
1561 1194 1597 1251 de

239 1281 352 1343 salario
377 1280 501 1359 Kepleri
525 1281 658 1352 modico,
688 1280 725 1340 de
758 1297 815 1358 qno
840 1297 866 1338 r.
891 1298 917 1339 c.
943 1298 1020 1338 amm
1048 1276 1140 1343 1603.
1188 1280 1359 1360 Septembri
1392 1301 1494 1342 mense
1525 1281 1596 1342 nihil

233 1376 404 1448 ¹acceperat
426 1378 616 1430 astronomus
648 1366 837 1440 Caesareus,
871 1368 949 1449 quod
980 1368 1059 1428 haud
1083 1370 1209 1430 obscure
1243 1377 1363 1449 spectat
1390 1369 1489 1431 uerbis
1518 1370 1629 1456 circa,

240 1457 327 1519 linem
356 1458 569 1519 dedicationis:
603 1476 790 1537 nequaquam
822 1458 1012 1518 metuendum
1047 1458 1118 1531 erit,
1152 1477 1188 1518 ne
1213 1478 1321 1519 arrico
1355 1478 1475 1520 munere
1501 1458 1596 1520 indi·

239 1548 376 1626 gentia
400 1566 445 1608 rne
471 1547 772 1625 lameexpugnatum
797 1546 919 1625 dejiciat
944 1547 997 1607 bc.

327 1669 437 1720 Primum
457 1669 547 1719 adiisse
566 1668 701 1732 Keplernm
720 1670 828 1731 opticam
853 1682 918 1717 anno
941 1666 1008 1716 ¹600
1027 1684 1102 1733 snpra
1120 1670 1231 1719 diximus.
1270 1669 1450 1719 observaturus
1471 1668 1534 1718 Solis
1553 1670 1597 1719 de·

239 1740 339 1804 liqninm
360 1739 401 1789 10.
414 1741 463 1790 lul.
483 1737 549 1788 1⁸0⁰
567 1741 675 1790 coniecit
700 1741 904 1794 instrumentum,
932 1741 997 1803 quod
1025 1741 1153 1805 descripsit
1177 1742 1203 1789 in
1231 1740 1322 1804 Optica
1340 1740 1414 1803 (Cap.
1429 1737 1499 1797 xl),
1528 1743 1597 1801 cujus

238 1812 405 1863 dimensiones
424 1812 550 1861 calculans
578 1810 684 1874 illudque
709 1810 741 1859 ad
761 1810 922 1859 dimetiendas
943 1810 1006 1861 Solis
1026 1819 1051 1861 et
1071 1812 1156 1861 Lunae
1183 1812 1315 1861 diametros
1335 1818 1424 1874 aptans
1444 1811 1475 1860 ad
1496 1810 1597 1874 Optices

241 1884 403 1934 fundamenta
422 1885 543 1933 adductus
562 1892 607 1932 est.
644 1881 679 1931 Ut
697 1888 794 1944 gratum
814 1897 840 1930 se
858 1882 988 1945 praeberet
1014 1885 1116 1947 principi
1135 1882 1304 1936 Fordinsndo,
1332 1881 1464 1930 Archiduci
1484 1883 1599 1929 Austriae

238 1961 289 2003 tum
307 1954 400 2004 Gratiis
418 1956 542 2013 versanti,
572 1953 649 2002 literis
667 1952 734 2001 illnm
754 1952 816 2001 adiit
834 1953 972 2015 Keplerns,
996 1955 1126 2017 inquibus
1145 1953 1227 2012 relect,
1247 1968 1311 2016 quae
1331 1951 1416 2015 Tycha
1434 1954 1459 2000 in
1480 1960 1596 2001 astrono-

239 2026 306 2074 micis
325 2028 493 2089 praestiterit,
521 2039 585 2088 qnae
604 2026 656 2087 ipse
674 2025 700 2072 in
718 2024 765 2071 illis
784 2023 941 2072 reformanda
959 2030 1075 2080 censeat,
1098 2038 1210 2088 quaeque
1228 2024 1254 2072 in
1272 2024 1380 2087 proxime
1400 2029 1532 2086 expectato
1551 2023 1594 2072 de-

239 2095 310 2161 liqnio
329 2097 393 2148 Solis
412 2097 565 2147 observanda
582 2097 638 2145 sint.
677 2094 848 2144 Desnmsimns
866 2092 912 2141 has
931 2094 1015 2145 literas
1035 2109 1049 2144 e
1067 2094 1127 2144 Mss.
1147 2095 1246 2158 Petrop.
1266 2094 1322 2143 Vol.
1333 2093 1388 2143 XV.
1408 2095 1551 2157 inscriptas:

242 2254 450 2317 duodecimo
474 2256 627 2337 Principi
649 2264 678 2318 et
700 2254 852 2318 Domino.
899 2254 947 2316 D.
971 2254 1200 2329 Ferdinoado,
1235 2252 1411 2317 Arolrc‘ducr‘
1433 2253 1596 2324 Anstrdoe,

241 2361 313 2423 Daci
328 2361 538 2442 Burgundiae,
564 2363 702 2446 styriae,
728 2360 920 2434 Corinthiae,
947 2359 1108 2423 Caruiolae
1132 2370 1165 2422 et
1187 2346 1458 2440 Wirtembergiae,
1484 2358 1595 2423 Comici

707 2449 826 2530 Tyrolis
851 2457 882 2510 et
906 2448 1044 2511 Goritiae
1068 2452 1123 2512 hro.

669 2556 798 2618 Domino
822 2576 889 2618 meo
913 2557 1160 2620 clementissimo.

325 2696 506 2777 Rudolphus
535 2698 574 2759 ll.
609 2698 814 2759 Romanorum
848 2698 1016 2778 Imperator
1047 2697 1292 2780 potentissimus,
1333 2694 1485 2758 Patruelis
1525 2702 1594 2756 tuus
1699 2714 1702 2721 ·

241 2783 439 2848 serenissime
473 2786 632 2866 Princeps,
672 2786 833 2865 immortali
867 2788 1009 2849 beneficio
1043 2788 1253 2869 posteritatem
1290 2805 1408 2848 omnem
1436 2782 1594 2851 demeruit,

240 2876 387 2937 accersito
410 2875 439 2935 in
465 2875 659 2937 Germaniam
684 2877 825 2957 Tyclrone
849 2876 966 2952 Bralre,
999 2877 1101 2939 Nobili
1125 2878 1227 2950 Dano,
1262 2876 1312 2956 qui
1343 2875 1372 2935 in
1401 2872 1500 2934 insula
1525 2870 1593 2933 lreti

239 2963 344 3025 Danici
361 2965 505 3037 Hnenna,
531 2965 703 3027 lectissimis
720 2986 790 3027 usus
814 2965 1029 3038 instrumentis,
1055 2967 1205 3047 regiisque
1229 2965 1377 3026 sumtibus
1392 2963 1417 3022 F
1419 2959 1538 3022 riderici
1555 2960 1592 3021 ll.

240 3051 390 3114 banorum
414 3052 510 3133 Regis
533 3074 562 3133 p.
588 3075 626 3116 m.
652 3055 786 3134 adjutus,
810 3063 942 3115 motuum
972 3056 1144 3116 coelestium
1168 3054 1339 3128 historiam,
1364 3070 1453 3131 quam
1477 3048 1593 3110 Obser-
1624 3125 1630 3134 ι

238 3142 376 3203 rationes
406 3144 575 3222 appellant,
610 3164 665 3222 per
696 3163 791 3203 annos
820 3142 926 3222 viginti
958 3146 1140 3223 praeteritos
1172 3144 1300 3207 totidem
1322 3142 1522 3206 voluminibus
1546 3152 1595 3203 est

238 3230 412 3310 complexus
436 3232 601 3294 incredibili
627 3232 784 3311 diligentia
808 3239 839 3291 et
863 3231 1041 3306 subtilitate,
1066 3242 1204 3295 naturam
1222 3252 1319 3313 paene
1334 3235 1432 3313 ipsam
1448 3251 1594 3313 superans

238 3329 268 3381 et
290 3339 382 3399 super
405 3320 452 3382 his
476 3340 530 3382 ceu
554 3322 749 3383 fundamento
774 3319 952 3395 firmissimo,
979 3320 1122 3384 Caesaris
1146 3322 1303 3402 auspiciis,
1328 3341 1427 3401 aquo
1451 3321 1512 3382 tria
1534 3322 1593 3383 flo-

238 3428 375 3471 renorum
409 3410 504 3470 millia
536 3410 647 3488 accipit
678 3409 844 3483 annuatim,
883 3411 1098 3474 astronomiam
1121 3413 1159 3473 de
1182 3430 1259 3473 novo
1283 3410 1422 3474 exstruit.
1468 3410 1502 3472 ld
1526 3429 1593 3471 cum

238 3516 291 3578 ego
322 3498 556 3570 intellexissem,
588 3499 658 3560 nihil
683 3499 766 3578 prius
790 3497 897 3571 habui,
933 3520 1020 3579 quam
1045 3507 1078 3560 nt
1106 3501 1162 3563 hoc
1186 3498 1385 3561 laudatissimi
1409 3499 1592 3560 Monarchae

238 3586 381 3649 beneficio
404 3587 520 3667 hacque
546 3588 602 3649 loci
626 3587 851 3667 opportunitate
875 3588 953 3650 inter
975 3590 1087 3669 primos
1111 3590 1235 3663 fruerer,
1260 3596 1293 3649 et
1314 3588 1421 3649 itinere
1445 3588 1473 3648 in
1490 3587 1591 3648 Bohe·

236 3676 326 3737 uriam
359 3685 518 3755 suscepto,
553 3676 889 3756 astronomiaequam
922 3697 991 3740 amo
1022 3688 1054 3740 et
1077 3678 1143 3739 colo
1172 3684 1336 3740 renovatae
1362 3677 1488 3739 formam
1512 3675 1591 3756 apud

236 3765 410 3847 Tychonem
432 3784 655 3845 cognoscerem.
690 3766 801 3827 Itinere
824 3784 878 3844 per
892 3766 950 3828 Dei
974 3768 1103 3845 gratiam
1126 3767 1256 3830 feliciter
1279 3766 1416 3828 confecto
1440 3783 1506 3825 cum
1520 3783 1592 3825 cura

236 3873 281 3917 me
306 3853 500 3925 incessisset,
526 3874 654 3933 quonam
678 3855 868 3934 potissimum
892 3857 1094 3918 astronomico
1119 3875 1240 3918 munere
1264 3854 1394 3917 reditum
1418 3873 1515 3917 meum
1531 3851 1590 3916 Se-

236 3942 414 4005 renissimae
430 3942 610 4006 celsitudini
634 3952 704 4005 tuae
719 3944 976 4006 commendarem:
1002 3954 1122 4025 tempus
1145 3947 1242 4025 ipsum
1266 3964 1313 4007 me
1329 3943 1449 4025 deliquii
1464 3942 1590 4013 Solaria,

237 4033 314 4114 qnod
338 4033 394 4094 hoc
409 4050 512 4093 mense
536 4034 667 4095 futurum
691 4041 748 4108 est,
774 4032 936 4094 admonuit.
983 4034 1079 4113 Igitur
1102 4036 1161 4096 etsi
1185 4034 1317 4097 Lunaria
1340 4034 1490 4116 ‘lhschonis
1514 4051 1590 4093 uon-

236 4122 305 4184 dum
330 4122 433 4183 videre
457 4122 555 4201 potui,
580 4141 714 4202 quaeque
739 4122 810 4183 mihi
834 4132 907 4183 nota
930 4121 1008 4184 sunt
1024 4124 1062 4184 ad
1086 4124 1215 4203 eclipses
1238 4123 1455 4202 computandas
1479 4121 1590 4183 funda-

236 4218 355 4283 menta,
392 4230 430 4271 ea
453 4220 594 4273 oretenus
618 4220 735 4272 tantum
759 4210 876 4290 accepi,
908 4218 1008 4273 tamen
1034 4212 1071 4272 ad
1096 4214 1246 4295 calculum
1267 4213 1396 4285 accessi,
1431 4231 1497 4272 cnm
1520 4209 1591 4289 qnia

236 4300 389 4363 luculenta
408 4310 458 4361 est
472 4300 627 4379 eclipsium
644 4299 772 4361 materia
791 4300 940 4379 dignaque
956 4300 1085 4362 maxime
1110 4321 1200 4381 quam
1214 4320 1316 4363 omnes
1330 4299 1474 4373 homines,
1498 4318 1589 4380 prae-

232 4388 316 4469 cipue
340 4389 444 4467 Reges
468 4396 501 4449 et
524 4387 681 4469 Principes
705 4388 865 4476 diligenter
897 4388 1082 4462 intueantur,
1117 4399 1181 4452 tum
1209 4390 1301 4453 etiam
1332 4390 1402 4471 quia
1425 4407 1529 4468 spero,
1563 4389 1591 4449 si

231 4477 314 4540 Dens
338 4497 476 4539 serenum
501 4477 658 4557 indulgeat
672 4478 759 4540 nobis
782 4484 898 4547 adrem,
924 4498 961 4538 ex
986 4479 1151 4542 artificiosa
1168 4481 1304 4542 desectus
1329 4480 1417 4559 hujus
1433 4477 1588 4559 obserua-

231 4566 330 4638 tione,
355 4587 444 4647 quam
468 4567 611 4641 meditor,
636 4565 788 4647 Tychonis
806 4566 832 4627 si
857 4575 1018 4656 quaesunt
1037 4568 1231 4647 imperfectae
1256 4569 1352 4629 adhuc
1376 4569 1457 4629 circa
1470 4566 1587 4628 Lunam

230 4656 432 4738 hypotheses,
463 4676 521 4717 non
552 4656 742 4717 mediocriter
766 4656 864 4735 jutum
894 4656 943 4729 iri,
975 4676 1050 4736 quae
1082 4676 1153 4719 vero
1187 4658 1213 4718 is
1232 4658 1296 4736 jam
1321 4665 1355 4717 ut
1378 4662 1462 4717 certa
1486 4674 1586 4716 secum

230 4744 404 4819 constituit,
429 4744 591 4806 manifesto
616 4744 820 4824 experimento
844 4744 964 4823 probari
988 4766 1089 4825 posse.

319 4833 391 4896 Etsi
414 4833 492 4895 enim
525 4836 667 4913 maj0rem
701 4832 729 4893 in
763 4834 952 4895 observando
986 4834 1173 4913 diligentiam
1197 4831 1409 4913 utplurimum
1434 4830 1498 4913 ipso
1522 4832 1583 4912 Ty·

230 4923 325 4986 chone
351 4942 437 4983 nemo
461 4942 588 5002 unquam
612 4924 660 4984 vel
690 4921 826 4983 adhibuit
859 4922 906 4981 vel
936 4923 1078 4984 adhibere
1108 4928 1227 5003 potest,
1252 4922 1339 4983 Luna
1362 4928 1463 4984 tamen
1487 4929 1586 4983 motus

229 5012 404 5087 celeritate,
430 5013 511 5074 falsa
533 5012 611 5074 situs
634 5011 752 5091 specie,
777 5010 946 5091 splendoris
961 5013 1070 5075 didiusa
1089 5012 1202 5074 luxurie
1217 5017 1250 5073 et
1272 5009 1360 5074 faciei
1384 5010 1587 5078 inconstantia
