3692 5842
844 469 928 538 cepa
946 469 1025 523 us.
1542 471 1608 553 ggq

252 663 347 727 super
365 645 476 710 udam
495 645 581 710 basis
604 665 692 711 arcus
713 648 817 729 itaque
839 646 894 713 Bc
918 649 1017 729 major
1037 650 1129 730 justo,
1154 649 1225 731 quia
1247 650 1325 713 oculi
1347 650 1538 731 profunditas
1557 652 1608 718 Εα

252 753 312 798 oon
333 734 452 814 patitur
473 744 580 798 cantra
601 759 632 811 a,
654 737 683 800 Ε
704 737 896 801 instrumenti
919 744 953 800 et
975 739 1054 801 oculi
1077 737 1228 819 conjungi.

340 823 377 885 ld
399 823 496 887 multo
522 825 620 905 magis
649 826 834 902 cavendum,
867 827 987 907 qnando
1021 827 1115 889 exiles
1148 827 1307 889 admodum
1334 828 1523 906 quantitates
1551 830 1607 892 suh

251 910 357 992 anah
377 929 549 976 masuram
571 921 737 978 vocantur:
767 922 802 976 ut
824 933 890 977 cum
918 916 1084 977 diametros
1107 914 1296 978 luminarium
1319 914 1503 994 inquirimus,
1527 919 1608 999 quod

250 999 521 1064 tormentisne
542 1001 714 1065 iaciendum
731 1011 780 1065 est
797 1004 934 1066 omnihus
958 1004 1160 1067 astronomiae
1174 1001 1424 1066 restaurationem
1443 1006 1606 1084 aggressis

339 1088 541 1152 Archimedes
563 1090 654 1171 igitur
667 1091 697 1152 iu
717 1091 819 1154 libello
834 1092 870 1153 de
885 1091 1007 1154 Arenae
1022 1110 1144 1154 numero
1166 1091 1334 1155 cautionem
1352 1090 1431 1153 hauc
1454 1093 1607 1158 adhibuit:

249 1177 379 1257 primum
397 1185 484 1242 carta
496 1179 628 1260 quadam
650 1188 795 1259 suscepta
811 1180 931 1243 ratione
953 1181 1155 1260 quantitatem
1178 1178 1378 1260 investigavit
1392 1198 1451 1242 uou
1464 1181 1607 1246 minorem

250 1265 339 1327 dau:
363 1266 392 1329 ai
415 1267 572 1346 aqualem
596 1266 761 1349 cylindrum
784 1270 815 1331 iu
833 1293 854 1331 α
876 1276 980 1330 centro
1002 1268 1194 1330 instrumenti
1217 1267 1331 1330 locavit
1349 1275 1382 1329 et
1404 1267 1500 1330 lineas
1523 1270 1609 1334 duxit

249 1373 271 1415 a
290 1354 329 1429 B,
355 1351 381 1417 0
411 1353 600 1435 pinnacidiia,
631 1356 818 1436 attingentes
841 1357 919 1419 huuc
952 1355 1117 1437 cylindrum
1141 1364 1173 1418 et
1195 1362 1424 1431 concurrentes,
1457 1357 1520 1420 sint
1541 1358 1606 1434 ΒΕ,

249 1440 315 1505 ΟΕ.
363 1443 471 1524 ltaque
492 1441 576 1508 ΒΕΟ
598 1445 740 1522 angulum
763 1445 899 1524 proxime
930 1444 1074 1508 minorem
1097 1464 1166 1507 esse
1196 1443 1307 1507 statuit
1328 1444 1439 1525 angulo
1463 1464 1515 1521 eo,
1548 1465 1606 1527 quo

249 1530 401 1593 memte
412 1529 471 1595 ΕΘ
484 1532 673 1595 cernebatur.
701 1531 764 1595 Sed
777 1531 853 1596 Bac
868 1532 1010 1612 angulum
1024 1533 1157 1612 proxime
1172 1533 1325 1614 majoram.
1349 1532 1444 1594 Porro
1458 1552 1606 1614 quaenam

248 1619 292 1682 sit
313 1620 472 1699 quantitas
494 1638 553 1683 nou
575 1621 673 1684 minor
694 1620 774 1696 visu,
808 1622 852 1682 sic
875 1621 1141 1683 determinandum.
1189 1621 1238 1685 Sit
1259 1626 1327 1696 (rig.
1346 1626 1394 1692 8⁰)
1416 1620 1475 1684 AB
1498 1641 1606 1701 super·

248 1707 332 1770 teia
345 1726 485 1784 corneae,
509 1717 543 1771 et
560 1710 599 1772 ab
612 1710 640 1772 Ε
654 1718 766 1790 puncto
779 1709 891 1771 visibili
914 1717 1068 1772 extremae
1084 1709 1280 1783 radiationee,
1305 1728 1381 1790 quae
1395 1728 1449 1789 per
1472 1710 1606 1774 iorameu

248 1813 344 1858 oveas
367 1796 578 1874 admittantur,
601 1798 664 1860 siut
686 1798 754 1873 EA,
777 1797 849 1872 ΕΒ,
872 1815 950 1878 quae
974 1798 1124 1861 retractae
1147 1798 1178 1861 in
1201 1798 1242 1873 A,
1264 1798 1303 1867 B.
1326 1807 1506 1861 concurrant
1527 1800 1557 1862 in
1580 1801 1607 1862 F

247 1892 362 1965 puncto
391 1885 556 1948 retiiormis
584 1888 634 1949 vel
666 1885 801 1966 proxime
832 1886 912 1948 illius
944 1886 1142 1965 superficiem.
1189 1885 1239 1949 Sit
1268 1886 1334 1966 jam
1364 1884 1419 1948 OD
1451 1888 1607 1968 quantitas

247 1973 362 2043 minor,
393 1992 483 2055 quam
514 1993 591 2054 quae
617 1992 673 2054 per
693 1974 766 2051 EA,
789 1975 844 2037 ΕΒ
876 1982 1016 2037 transeat
1043 1983 1075 2037 et
1105 1975 1227 2055 propior
1254 1975 1310 2037 AB
1341 1975 1427 2036 oculo
1457 1993 1547 2055 quam
1569 1976 1605 2038 Ε.

248 2061 368 2136 Vides,
402 2063 461 2125 etsi
484 2060 540 2126 OD
572 2062 711 2144 objicitur
742 2063 855 2125 directe
886 2070 997 2141 puncto
1024 2062 1070 2138 Ε,
1102 2083 1161 2125 uou
1190 2081 1295 2125 omnes
1327 2071 1429 2125 tamen
1460 2063 1605 2143 ipsiuslt

247 2150 438 2214 radiatioues
460 2150 572 2226 averti,
596 2152 652 2214 sed
673 2173 693 2213 a
716 2152 861 2215 lateribus
883 2152 1000 2231 ingredi
1023 2151 1230 2224 circumcirca,
1254 2159 1285 2213 at
1307 2151 1339 2213 iu

245 2241 271 2301 F
300 2239 401 2301 locum
431 2239 567 2302 omuibus
598 2240 783 2302 destinatum
817 2259 1013 2302 concurrere:
1048 2240 1154 2318 quibus
1186 2239 1280 2302 radiis
1302 2240 1332 2301 iu

246 2345 339 2390 uuum
370 2327 523 2402 collectis,
551 2328 588 2390 lit
607 2329 684 2390 visio
714 2329 818 2408 puncti
841 2328 884 2401 Ε,
913 2329 968 2390 sed
992 2327 1129 2389 admixta
1155 2328 1270 2391 visione
1293 2328 1337 2390 rei

247 2414 314 2480 OD.
360 2416 442 2479 Nam
464 2417 495 2478 D
517 2415 663 2479 terminus
686 2417 793 2479 dexter
823 2416 930 2497 pinget
951 2416 981 2479 N
1005 2415 1160 2479 sinistram
1193 2416 1288 2500 ipsjus
1311 2417 1338 2477 F

247 2505 364 2568 natiuae
387 2513 517 2586 partem,
540 2503 566 2567 O
586 2504 709 2568 sinister
726 2506 761 2566 M
784 2507 921 2568 dextram
944 2504 1043 2584 hujus.
1081 2502 1184 2575 Quare
1207 2505 1336 2568 medium

245 2590 304 2657 OD
326 2594 371 2657 rei
395 2593 501 2673 pinget
522 2594 619 2673 ipsum
642 2595 680 2668 F,
705 2595 784 2673 quod
806 2593 889 2674 prius
917 2594 1010 2654 etiam
1033 2592 1060 2654 Ε
1082 2592 1237 2673 pingebat
1284 2591 1337 2655 Sic

244 2682 325 2744 duae
348 2700 399 2745 ras
421 2701 481 2744 uuo
504 2681 570 2744 loco
599 2682 794 2755 videbuntur,
828 2682 884 2743 hoc
907 2690 1009 2745 tamen
1039 2681 1226 2756 discrimine,
1256 2682 1335 2762 qnod

242 2770 272 2833 Ε
295 2771 454 2851 putabitur
476 2770 648 2832 distinctius
670 2769 775 2845 videri,
799 2768 855 2832 OD
874 2788 946 2834 vero
970 2768 1028 2833 erit
1049 2770 1133 2832 velut
1154 2769 1260 2832 umbra
1283 2778 1337 2833 aut

245 2861 312 2923 tela
335 2877 476 2921 araneae.
522 2858 588 2920 Nee
610 2858 728 2920 mirum.
773 2858 854 2921 Nam
876 2877 970 2939 supra
1001 2858 1124 2930 dictum,
1147 2858 1334 2921 radiatioues

244 2945 391 3031 puuctiC
410 2948 442 3009 iu
465 2947 591 3020 oculum,
617 2945 642 3008 C
667 2956 729 3008 tam
747 2948 913 3029 propinquo
936 2947 1097 3017 existente,
1120 2946 1222 3027 colligi
1245 2947 1333 3027 louge

243 3044 318 3119 post
340 3037 382 3105 F,
416 3034 527 3096 leriunt
553 3033 645 3113 igitur
676 3035 805 3098 retinam
826 3037 853 3097 F
875 3036 1005 3097 nondum
1028 3036 1184 3099 collectae.
1231 3035 1333 3115 Atque

244 3126 304 3189 hoc
326 3142 401 3188 saue
423 3122 512 3186 modo
535 3121 592 3185 OD
615 3124 712 3186 minor
733 3124 792 3186 erit
818 3123 980 3186 latitudine
1006 3124 1100 3187 visus.
1146 3124 1215 3187 Nou
1238 3125 1333 3185 multo
1405 3177 1407 3182 ,

244 3215 337 3277 aliter
358 3211 558 3275 Archimedes
592 3211 651 3292 ipsi
679 3210 734 3275 OD
764 3213 921 3293 aequalem
951 3212 1038 3293 pouit
1062 3209 1122 3275 GH
1144 3213 1334 3274 remotiorem

243 3302 414 3385 cylindrum
446 3307 480 3362 et
509 3300 609 3362 album
641 3319 710 3362 esse
745 3300 851 3380 jubet,
885 3302 1047 3363 distinctae
1070 3300 1196 3363 visionis
1229 3320 1332 3363 cauea.

244 3390 335 3461 Quod
353 3389 381 3451 si
399 3388 534 3471 cylinder
548 3386 609 3450 GH
626 3396 709 3450 totus
727 3397 877 3464 cernatur,
901 3389 976 3451 nihil
994 3390 1176 3470 impediente
1199 3389 1332 3472 cylindro

245 3478 314 3548 CD.
337 3477 432 3540 multo
455 3476 587 3540 minores
609 3478 676 3540 visu
699 3478 896 3557 pronunciat;
920 3479 967 3541 siu
990 3478 1093 3560 aliqua
1116 3479 1152 3540 de
1177 3475 1238 3540 GH
1260 3495 1332 3556 pars

246 3567 407 3642 omittitur,
430 3565 521 3646 paulo
539 3565 670 3628 minores
680 3585 690 3640 ;
713 3565 759 3628 siu
779 3575 861 3629 totns
876 3565 936 3630 GH
955 3568 1123 3629 occultetur
1141 3565 1331 3646 (aequalibus

244 3674 365 3735 semper
394 3653 596 3718 existentibus
623 3654 702 3718 iuter
724 3674 757 3717 se
784 3657 926 3737 utroque)
958 3656 1090 3735 majores
1113 3654 1178 3716 meu
1211 3653 1330 3716 asserit

244 3745 322 3809 Huic
354 3743 506 3804 affirmato
537 3761 643 3823 parum
679 3743 793 3823 aliquid
827 3745 922 3808 deest
982 3744 1118 3825 Majores
1150 3743 1268 3824 quidem
1301 3748 1333 3802 et

243 3834 377 3897 minores
409 3830 478 3893 visu
508 3840 559 3893 sat
587 3840 671 3895 certo
706 3832 857 3908 definivit,
891 3853 947 3895 uec
979 3832 1061 3896 aliud
1091 3831 1262 3912 requirebat
1291 3828 1347 3891 ad·
1361 3850 1446 3893 suam
1475 3830 1602 3892 damon-

243 3921 447 3987 stratiouem:
471 3928 604 3982 ceterum
625 3922 780 4000 proportio
803 3921 920 3985 institui
939 3942 997 3984 uou
1021 3929 1135 4002 potest,
1158 3929 1193 3984 ut
1211 3927 1322 4001 quanto
1337 3917 1392 3984 GD
1411 3919 1507 3983 minor
1524 3916 1601 3992 vien

244 4018 331 4074 tauto
356 4008 394 4072 de
419 4006 480 4072 GH
501 4009 570 4088 plus
592 4009 742 4072 videatur.
788 4010 868 4073 Nam
891 4011 918 4073 si
938 4008 999 4073 GH
1022 4010 1251 4091 appropinquet,
1275 4009 1371 4072 minus
1395 4010 1432 4071 de
1457 4028 1493 4071 eo
1516 4007 1603 4070 vide-

246 4099 343 4174 bitur,
370 4116 461 4179 quam
484 4098 511 4159 si
532 4118 553 4159 a
575 4096 632 4160 CD
655 4099 793 4172 recedat,
816 4100 952 4179 quamvis
975 4100 1118 4179 aequales
1145 4105 1288 4161 maneant
1312 4096 1371 4161 GH
1395 4106 1427 4161 et
1450 4096 1515 4161 OD.
1561 4095 1605 4158 Ut

243 4197 362 4252 mam
387 4187 467 4267 quod
487 4203 527 4266 pu
549 4186 621 4249 illae
645 4187 811 4267 amplitudo
834 4188 1015 4250 determinet
1035 4188 1118 4249 visus
1140 4186 1377 4267 amplitudinem,
1402 4205 1478 4265 quae
1501 4193 1602 4248 tamen

243 4276 322 4341 alias
346 4283 396 4338 est
418 4276 489 4337 alia.
566 4294 620 4338 aec
642 4285 762 4338 tautum
785 4276 925 4339 monendi
948 4295 1043 4338 causa
1065 4276 1141 4349 dixi,
1165 4285 1199 4338 ut
1221 4283 1308 4337 tanto
1332 4275 1443 4338 rectius
1466 4273 1546 4335 iuter
1569 4290 1604 4333 se

242 4371 492 4447 compararentur
509 4363 701 4428 Archimedis
718 4367 811 4429 verba
830 4375 862 4430 et
880 4384 948 4427 mea
971 4365 1007 4427 de
1024 4365 1139 4428 visione
1162 4363 1322 4427 sententia.
1335 4361 1370 4433 *)
1393 4360 1483 4432 Quod
1506 4360 1602 4441 ipsam

333 4596 359 4668 *)
381 4598 559 4653 Archimedes
580 4597 633 4653 hoc
653 4598 741 4652 solum
766 4597 918 4668 spectavit.
948 4603 982 4652 ut
1002 4598 1136 4669 angulum
1157 4601 1318 4668 quaereret,
1350 4592 1395 4664 qui
1420 4598 1496 4647 certo
1516 4590 1604 4646 minor

242 4683 322 4737 esset
340 4698 375 4735 eo
395 4678 511 4751 angulo,
534 4695 587 4749 quo
607 4678 655 4733 Sol
676 4684 829 4748 spectatur.
857 4679 889 4732 Id
909 4684 1004 4732 autem
1025 4679 1114 4749 quoad
1129 4676 1221 4732 Solem
1241 4673 1401 4743 impetravit
1421 4688 1473 4727 sua
1492 4673 1604 4728 demon·

243 4760 391 4817 emanue.
419 4759 492 4814 Nam
503 4757 574 4813 radii
588 4758 624 4812 ab
638 4757 773 4828 oppositis
787 4757 860 4813 Solis
874 4758 1099 4813 extremitatibus
1113 4758 1241 4810 radentes
1259 4753 1443 4826 quantitatem
1458 4751 1602 4823 aequalem

241 4841 316 4897 visui
336 4840 419 4912 eique
446 4839 616 4910 proximam,
645 4843 812 4893 concurrunt
831 4854 886 4891 uon
907 4837 936 4891 iu
956 4844 1051 4892 centro
1071 4836 1168 4899 vitrei,
1190 4835 1237 4889 ubi
1263 4834 1345 4905 justa
1371 4839 1448 4889 esset
1472 4846 1602 4886 mensura

243 4920 359 4995 auguli,
381 4922 430 4976 scd
450 4924 516 4989 post
534 4919 616 4984 illud,
643 4918 691 4973 ubi
710 4935 776 4972 vere
803 4917 934 4972 minorem
954 4917 1062 4973 laciuut
1081 4917 1228 4989 angulum,
1259 4915 1330 4987 quod
1350 4913 1487 4986 quaesivit
1506 4910 1603 4968 Archi·

243 5004 347 5057 medes.
374 4999 476 5054 Verbis
490 4999 578 5072 igitur
594 5015 665 5062 ,unu
680 5014 788 5068 semper
801 4996 959 5054 coincidunt
971 4998 1000 5054 in
1013 5005 1138 5054 eentum
1151 4994 1249 5053 vitrai“
1273 4995 1424 5052 occurritur
1444 4991 1603 5065 objectioni.
