3692 5842
241 479 307 548 608
462 435 467 441 1
663 482 764 532 Literae
782 481 885 546 Ksplsrl
903 481 1054 549 thorumque
1071 489 1175 536 mutuae

242 680 258 720 e
283 659 395 722 foetido
418 660 518 721 fimeto
542 658 716 737 collegerit:
747 658 841 719 libelli
865 658 1019 738 exemplar
1041 659 1081 722 ad
1104 657 1136 722 S.
1159 658 1203 723 M.
1228 660 1303 722 Vm
1339 659 1592 722 transmitterem:

241 749 375 829 polliceri
400 749 507 828 quippe
532 768 565 808 se
590 747 808 828 quodammodo
832 748 951 818 audere,
976 766 1039 809 reru
1059 748 1122 810 fore
1142 746 1175 810 S.
1192 750 1235 812 M.
1251 749 1317 810 vae
1346 768 1407 810 nou
1431 749 1594 828 ingratam:

242 838 376 917 Eamque
409 837 594 899 admonitam
623 837 679 898 hac
712 836 848 911 diligenti
881 835 1073 898 distinctione
1105 837 1185 900 inter
1213 856 1310 918 nugas
1341 837 1546 916 astrologicae
1568 849 1596 899 et

242 936 381 987 naturam
405 945 511 1000 rerum,
537 945 625 1005 quaur
649 925 677 987 in
699 924 799 986 libello
824 943 890 986 meo
914 925 1066 1004 proposui,
1090 927 1195 1006 procul
1212 926 1302 989 dubio
1317 936 1350 989 11
1362 928 1478 1006 Ipsam,
1502 927 1596 988 dirisa

242 1034 385 1076 censurae
410 1034 482 1076 suae
507 1015 668 1089 sententia,
691 1033 793 1076 secum
816 1013 906 1094 paulo
932 1013 1085 1077 liberalius
1109 1015 1145 1076 de
1169 1016 1345 1096 sympathia
1373 1025 1504 1078 naturae
1526 1016 1595 1077 sub·

243 1102 355 1164 lunaris
387 1122 454 1165 cunr
483 1103 646 1177 harmoniis
678 1102 861 1164 coelestibus
894 1110 1084 1165 statuturam.
1132 1104 1327 1175 (Proierebat
1358 1103 1532 1183 exemplum
1564 1124 1596 1165 ex

244 1192 340 1272 lpsius
365 1191 396 1254 S.
421 1193 463 1253 M.
489 1193 529 1254 V.
555 1191 631 1253 libro
655 1193 692 1253 de
717 1190 866 1270 Sagarum
891 1192 1047 1253 examine:
1072 1210 1138 1253 cum
1162 1191 1240 1254 11111
1263 1192 1505 1273 experimentum
1529 1192 1595 1254 illud

241 1299 296 1360 per
319 1288 457 1341 natatum
480 1280 509 1342 iu
535 1280 620 1361 aquis
645 1280 778 1360 plerique
801 1298 905 1341 omues
930 1287 1103 1360 suspectum
1132 1280 1287 1344 habeant:
1320 1281 1475 1343 inventam
1499 1289 1594 1344 1111111

243 1388 310 1430 1111
340 1389 358 1429 1
386 1367 418 1431 S.
443 1370 486 1431 M.
512 1370 553 1430 V.
587 1369 733 1431 rationem
767 1369 876 1430 ceteris
909 1368 1113 1448 inopinatam,
1148 1389 1207 1449 qua
1239 1369 1439 1449 experimenti
1472 1371 1598 1434 lirmetsr

243 1457 418 1519 auctoritas.
473 1456 595 1527 Quanto
633 1459 730 1537 magis
767 1456 845 1520 idem
878 1458 1059 1536 sperandum
1096 1459 1177 1519 circa
1213 1459 1356 1520 nonnulla
1394 1459 1597 1538 experimenta

243 1546 443 1625 astrologica:
477 1547 525 1607 ubi
550 1565 608 1606 nou
633 1555 666 1608 ut
694 1546 722 1607 in
749 1546 813 1625 jaru
848 1546 981 1625 allegato
1013 1547 1152 1626 exemplo
1180 1547 1218 1607 ad
1248 1567 1338 1609 sacra
1371 1547 1474 1628 adque
1508 1548 1596 1628 ipsum

242 1636 340 1695 Deum
363 1635 545 1708 immediate,
570 1635 623 1695 sed
649 1636 687 1695 ad
712 1636 856 1715 quaedam
882 1643 1009 1695 naturae
1033 1653 1146 1696 arcana
1174 1634 1321 1698 hacteuus
1345 1637 1396 1698 111
1420 1637 1451 1698 11
1475 1636 1596 1698 solidum

244 1724 384 1803 neglecta
408 1724 454 1784 vel
478 1732 673 1803 praepostere
697 1743 846 1803 perpensa
868 1725 1075 1802 provocatur.)
1085 1722 1118 1797 ²⁸)

333 1809 422 1881 Quod
446 1812 631 1891 111111111111
655 1812 719 1874 viro
742 1812 864 1891 placuit,
889 1830 955 1872 cum
971 1812 999 1872 id
1016 1833 1034 1873 a
1052 1813 1145 1873 multo
1164 1812 1228 1891 jam
1252 1818 1389 1894 tempore
1418 1812 1594 1884 1111111111,

245 1900 275 1962 id
299 1901 355 1961 hac
379 1901 453 1969 vice,
478 1901 677 1963 Serenissime
696 1901 773 1973 Rex,
798 1902 936 1962 effectum
960 1901 1047 1962 dedi:
1073 1900 1205 1963 libellum
1229 1899 1307 1962 huuc
1330 1920 1386 1981 per
1409 1911 1595 1980 praesentem

246 1988 390 2052 Caesaris
430 1990 660 2052 Procuratorem
702 1990 739 2050 ad
777 1987 809 2050 S.
842 1990 886 2049 M.
918 1989 992 2048 Vtm
1034 1989 1245 2051 venerabuudo
1284 1990 1386 2052 animo
1429 1990 1594 2052 transmitto

244 2077 340 2158 Eique
374 2098 411 2140 ex
445 2097 480 2139 eo
513 2078 703 2157 potissimum
738 2076 838 2156 Caput
869 2078 897 2141 7.
921 2075 952 2141 8.
978 2074 1008 2141 9.
1037 2077 1086 2142 10.
1117 2077 1169 2143 28.
1201 2074 1254 2142 29.
1288 2078 1479 2157 astrologiae
1510 2098 1595 2140 cansa

245 2168 440 2241 commendo;
465 2187 532 2228 uam
557 2186 594 2227 ex
618 2164 648 2228 2.
670 2164 700 2229 3.
717 2164 748 2229 4.
766 2164 795 2229 5.
812 2162 841 2227 o.
865 2165 946 2228 tituli
971 2166 1040 2229 lecti
1064 2168 1222 2229 sufficient
1260 2168 1309 2227 Ad
1329 2167 1595 2230 considerationem

245 2273 316 2316 vero
350 2257 458 2317 stellae
491 2255 586 2334 ipsius
621 2263 652 2316 et
684 2255 898 2334 stupendarum
929 2255 1219 2318 circumstantiarum
1253 2253 1356 2336 Caput
1387 2255 1414 2317 l.
1450 2265 1483 2317 et
1514 2264 1595 2339 typus

244 2342 362 2423 Capitis
381 2339 430 2406 tl.
457 2340 597 2415 1111176,
621 2341 752 2424 itemque
776 2341 889 2422 Capita
903 2341 957 2407 25.
974 2341 1025 2407 26.
1042 2343 1095 2408 27.
1120 2344 1329 2425 quaestionum
1352 2345 1595 2425 gravissimarum

243 2442 275 2494 et
298 2451 374 2513 quae
398 2453 495 2495 meum
519 2439 639 2511 captum
664 2439 809 2512 superant
832 2431 1016 2511 plenissima,
1042 2433 1168 2514 denique
1189 2430 1291 2512 Caput
1309 2430 1361 2497 30.
1386 2435 1508 2515 proprie
1530 2452 1595 2514 per·

243 2521 348 2583 tinent.

330 2610 395 2672 Nec
418 2609 507 2689 plura
530 2607 587 2669 uisi
611 2614 644 2669 ut
667 2605 723 2669 sae
754 2607 797 2669 Mi
831 2607 893 2669 vae
925 2627 971 2670 me
994 2628 1122 2689 meaque
1145 2607 1259 2681 studia,
1285 2628 1362 2690 quae
1387 2630 1481 2691 super
1503 2610 1595 2690 magni

241 2698 321 2765 illius
336 2697 448 2760 Brahei
472 2697 699 2759 observationes
717 2705 851 2770 exstruo,
876 2717 963 2778 quam
988 2708 1090 2777 potest
1113 2698 1176 2761 lieri
1200 2697 1431 2778 diligentissime
1456 2700 1594 2762 111111-

242 2787 430 2867 quiosissime
453 2787 668 2848 commendem.

329 2876 422 2938 Faxit
444 2875 526 2937 Deus
547 2873 619 2954 Opt.
640 2873 723 2935 Max.
748 2882 782 2936 ut
806 2873 838 2936 S.
852 2873 895 2935 M.
912 2874 961 2934 Va
993 2893 1031 2935 ea
1054 2873 1201 2937 felicitate
1224 2873 1417 2938 Britanniam
1440 2875 1592 2957 gubernet,

243 2983 281 3024 ue
312 2983 442 3043 uuquam
474 2965 661 3042 negotiorum
702 2963 779 3023 mole
817 2981 964 3042 oppressa
1004 2962 1212 3043 philosophiae
1249 2965 1420 3027 valedicere
1467 2973 1594 3044 cogatm.

242 3052 326 3113 Idem
350 3051 383 3112 S.
409 3054 452 3113 M.
473 3052 544 3112 Vae.
572 3050 673 3113 studia
697 3051 826 3131 incepta,
850 3051 975 3130 imperia
998 3052 1258 3133 cogitationesque
1283 3055 1322 3115 ad
1344 3053 1507 3116 Ecclesiae
1530 3071 1594 3113 suae

242 3140 416 3201 difficillime
432 3141 616 3201 renascentis
639 3139 888 3220 tranquillitatem
914 3141 1221 3222 emendationemque,
1247 3142 1285 3203 ad
1304 3141 1394 3223 Reip.
1410 3142 1594 3206 Christianae

241 3229 486 3302 incolumitatem,
512 3238 544 3289 et
567 3228 753 3290 subditorum
778 3248 935 3307 regnomm
959 3230 1088 3291 salutem
1113 3230 1234 3310 dirigat.

680 3315 794 3379 Sacrae
818 3318 995 3396 Majestatis
1019 3319 1153 3379 Vestrae

949 3406 1234 3487 obsequiosissimus
1259 3416 1291 3469 et
1314 3408 1558 3488 subjectissimus

1150 3497 1184 3559 J·
1209 3496 1340 3578 Keplffi

987 3579 1019 3644 S.
1045 3580 1136 3645 Caes.
1161 3586 1228 3646 Mti⁸
1263 3585 1512 3648 Mathematicus.

330 3739 462 3804 Exemplar
479 3739 542 3797 libri.
562 3741 627 3805 Regi
647 3740 817 3790 transmissum
838 3739 874 3788 sic
893 3739 1017 3803 inscripsit
1033 3739 1174 3802 Keplerus:

582 3836 740 3923 chl
774 3834 1255 3921 putroeoprrantt

736 3948 938 4028 Philosophus
967 3949 1101 4011 servieus
1296 3952 1307 3962 '

767 4056 893 4117 Platoni
915 4056 1068 4134 Diogenes

648 4160 902 4221 Britannias
940 4161 1189 4240 possidenti

561 4267 678 4344 Pragae
702 4265 813 4345 stipem
842 4266 1017 4328 mendicans
1041 4267 1079 4328 ab
1103 4267 1280 4329 Alexandro

746 4371 771 4430 E
795 4372 883 4432 Dolio
908 4372 1091 4435 conductitio

501 4476 557 4536 hoc
582 4496 666 4537 suurn
689 4475 917 4556 philosophema
940 4479 1022 4540 misit
1046 4488 1077 4541 et
1102 4477 1333 4540 commendarit.

331 4598 417 4647 Finem
436 4599 515 4648 iaciat
532 4598 620 4648 harum
647 4600 773 4649 literarum
801 4601 1008 4666 praelationisque
1036 4610 1137 4651 nostras
1164 4602 1240 4664 ipsius
1261 4601 1447 4659 ...iudicium
1465 4603 1597 4668 Koplsrl

241 4666 502 4732 astrologicam*
523 4670 587 4733 quod
607 4670 654 4726 „de
682 4670 811 4720 effectibus
830 4670 914 4722 Norae
934 4671 1043 4722 Stellas*
1065 4673 1097 4723 ad
1115 4674 1294 4736 imperatorem
1319 4672 1525 4739 Budolphum
1548 4688 1596 4740 ptr·

240 4745 343 4808 scripsit.
381 4746 518 4809 Adscrlpsit
535 4748 657 4811 Keplerns
675 4749 732 4799 huic
753 4750 893 4812 „ludiclo“:
927 4743 1092 4822 Exemplar
1125 4743 1228 4823 scripti
1264 4745 1344 4823 quod
1374 4745 1471 4808 obtuli
1499 4748 1533 4809 S.
1564 4741 1595 4806 (ἶ

241 4822 294 4883 Ma·
337 4844 414 4885 1111
441 4821 533 4887 1606.
559 4846 661 4889 meuse
686 4829 779 4908 Majo.

242 4947 337 4958 α.-.-

330 5012 358 5073 “)
378 5013 513 5075 (Cancellis
531 5017 627 5069 tuclusa
644 5020 697 5083 ipse
714 5019 838 5086 Ksplerus
857 5019 967 5083 delerit.)
