3692 5842
239 464 306 532 294
736 472 909 520 omnemne
928 469 989 519 em
1008 468 1105 533 opaea

240 643 394 706 minimum
418 643 559 706 Saturno.
607 646 726 708 Deinde
750 646 828 707 tbesi
853 643 906 710 29.
932 646 1011 708 idem
1035 643 1138 718 statui,
1164 644 1241 725 quod
1266 660 1359 724 supra
1381 641 1486 722 capita
1507 639 1605 720 primo

245 734 464 807 demonstravi,
491 753 556 794 cum
581 736 632 796 lux
655 738 843 814 planetarum
869 737 910 796 sit
933 736 1084 807 colorata,
1110 752 1232 795 necesse
1257 751 1324 793 csse
1348 740 1384 793 ut
1405 740 1439 793 et
1460 729 1606 811 pellucidi

243 821 304 883 siut
335 831 367 882 et
401 824 511 884 coloris
544 825 724 884 essentiales
753 843 863 884 causae
894 825 1040 885 haereant
1068 825 1097 885 in
1127 822 1255 884 materia
1282 821 1453 901 globorum,
1488 827 1523 880 ut
1551 818 1606 892 ita,

244 929 333 990 quam
359 913 483 990 quisque
507 913 632 990 planeta
657 914 797 975 virtutem
821 914 965 975 ostendat
988 914 1017 975 in
1047 914 1168 980 effectu,
1201 912 1266 989 ejus
1289 911 1440 988 aualogou
1473 907 1608 988 aliquam

244 1000 473 1077 dispositionem
498 1001 525 1059 in
551 1020 675 1080 corpore
700 1003 822 1063 babeat.
866 1003 947 1063 Vide
970 1022 1054 1082 prop.
1082 1001 1132 1064 15.
1156 999 1266 1079 capitis
1289 1000 1315 1061 1.
1348 999 1466 1061 Postea
1488 997 1607 1059 colores

244 1087 433 1166 planetarum
457 1108 523 1149 curm
548 1090 697 1169 aliquibus
721 1092 894 1169 corruperas-i
919 1090 1094 1171 corporibus
1125 1089 1311 1166 ostendique,
1337 1088 1362 1148 si
1386 1089 1473 1167 nigra
1496 1104 1607 1165 super-

244 1177 327 1236 ficies
360 1176 478 1238 fortiter
509 1179 691 1252 illustretur,
724 1180 854 1241 colorem
885 1181 969 1241 reddi
998 1180 1121 1249 Martis,
1152 1178 1178 1242 si
1206 1177 1299 1237 rubea
1326 1177 1424 1249 clara,
1452 1174 1558 1247 Joris,
1583 1174 1609 1233 si

245 1264 385 1343 plumbea
408 1266 455 1324 rel
481 1266 565 1334 alba,
592 1266 733 1340 Saturni,
759 1269 785 1328 si
809 1270 905 1341 dara,
931 1268 1071 1341 Veneris,
1096 1269 1121 1326 si
1145 1266 1294 1338 caerulea,
1318 1264 1474 1327 Mercurii.
1523 1262 1609 1324 Idem

240 1354 304 1432 jam
329 1360 361 1413 et
385 1353 421 1412 de
447 1355 510 1414 luce
535 1357 655 1434 propria
679 1357 797 1417 videtur
820 1358 1025 1430 sentiendum,
1060 1366 1092 1418 ut
1121 1355 1146 1415 si
1178 1356 1287 1416 ferrum
1318 1353 1445 1431 ignitum
1474 1360 1526 1412 est
1557 1360 1610 1412 ant

244 1441 350 1512 carbo,
376 1442 477 1512 rubet,
503 1443 528 1503 si
553 1464 590 1505 ex
614 1445 718 1506 rubino
742 1448 836 1506 multa
861 1448 910 1506 lux
934 1447 1099 1524 pelluceat,
1123 1442 1213 1504 Jovio
1236 1442 1343 1503 similis
1367 1442 1466 1519 fulgor
1488 1439 1609 1501 cousti-

244 1539 361 1601 tuetur;
391 1531 416 1588 si
441 1533 638 1594 clarissimum
671 1543 702 1594 et
724 1534 990 1612 pellucidissinrum
1013 1534 1064 1608 sit,
1090 1535 1200 1595 flavum
1224 1549 1333 1610 corpus
1355 1547 1453 1610 exque
1476 1547 1514 1589 eo
1538 1528 1608 1608 plu-

244 1618 320 1679 rima
353 1620 418 1693 lux,
444 1619 573 1682 Veneris
600 1623 826 1701 resplendescet
853 1624 959 1684 florida
987 1622 1139 1696 luxuries;
1166 1621 1192 1682 si
1216 1640 1254 1681 ex
1277 1619 1429 1700 sapphyro
1453 1626 1509 1679 aut
1538 1636 1609 1697 cry-

246 1708 337 1768 stallo
361 1708 522 1770 admodum
546 1710 657 1782 subtili,
683 1712 845 1784 Mercurii;
869 1713 915 1772 siu
940 1731 978 1772 ex
1001 1710 1153 1785 crassiori,
1178 1708 1301 1771 Saturni
1321 1706 1495 1768 emicabunt
1519 1705 1608 1766 radii.

337 1794 466 1857 Omnino
490 1816 561 1858 vero
586 1800 727 1861 credibile
752 1809 816 1871 est,
845 1801 968 1861 incensa
991 1819 1059 1861 esse
1087 1799 1189 1859 sidera
1217 1799 1291 1858 hacc
1314 1795 1353 1856 ab
1377 1796 1472 1856 insita
1494 1793 1527 1857 vi
1551 1813 1609 1854 uuo

247 1885 343 1945 minus
368 1896 457 1962 atque
474 1884 592 1947 Solem:
617 1899 647 1949 et
671 1890 831 1963 consentit,
857 1908 933 1968 quae
957 1890 994 1949 de
1018 1887 1189 1968 impuritate
1212 1886 1343 1964 ipsomm
1362 1881 1511 1945 materiae
1536 1881 1609 1953 dixi,

248 1972 296 2033 vel
330 1984 472 2051 aspectus
501 1976 581 2053 ipse:
623 1977 648 2038 si
676 1979 767 2057 paulo
797 1978 971 2057 diligentius
1003 1978 1164 2048 intuearis,
1195 1974 1330 2052 profecto
1363 1973 1477 2033 nullum
1508 1972 1609 2032 lumen

245 2061 335 2140 plane
358 2064 507 2124 sincerum
531 2074 587 2125 est.
635 2068 774 2145 Apparet
800 2086 838 2127 ex
871 2066 995 2127 Saturni
1023 2065 1159 2127 ciueritio
1187 2062 1286 2124 colore
1315 2060 1425 2140 exigua
1459 2060 1609 2139 quaedam

245 2168 387 2229 purpura,
410 2150 549 2214 exJovis
573 2155 745 2232 gratissimo
771 2154 886 2233 fulgore
911 2156 1023 2216 rubedo
1047 2152 1199 2223 nonnulla,
1222 2169 1277 2212 ceu
1301 2151 1399 2211 fumus
1423 2148 1608 2228 perignem

245 2239 275 2299 id
299 2238 465 2300 clarissime
490 2242 519 2302 iu
544 2243 674 2303 Venere.
700 2243 751 2304 Sic
768 2243 860 2305 Canis
884 2252 915 2304 et
931 2242 1052 2304 Arcturi
1075 2242 1193 2314 stellae,
1219 2238 1348 2300 maxime
1372 2235 1480 2310 Canis,
1504 2255 1609 2298 omnes

244 2330 417 2388 successive
449 2330 566 2390 colores
591 2331 674 2391 iridis
698 2332 832 2392 iuduunt.
878 2333 921 2393 Et
953 2351 989 2391 ue
1023 2349 1068 2392 me
1100 2331 1221 2391 falleret
1249 2328 1351 2399 visus,
1383 2345 1478 2406 saepe
1509 2324 1609 2386 socios

244 2416 375 2489 adhibui,
401 2418 450 2496 qui
475 2419 592 2497 quoties
616 2420 744 2481 virorem
767 2421 896 2481 emicare
921 2420 1139 2488 existimarent,
1164 2418 1250 2496 signo
1274 2415 1453 2477 brevissimo
1478 2414 1510 2476 id
1530 2413 1608 2475 iudi·

243 2515 360 2566 carent.
396 2504 597 2567 Convenimus
621 2509 649 2568 in
674 2528 773 2580 unum,
798 2510 875 2588 quod
900 2509 988 2569 alteri
1013 2507 1172 2569 uidebatur
1194 2506 1318 2577 tacenti,
1343 2504 1374 2565 id
1399 2504 1480 2565 alter
1503 2503 1608 2565 eodem

243 2602 394 2653 momentu
418 2595 619 2671 significabat.
666 2598 750 2657 llaec
783 2598 960 2659 scintillatio
986 2598 1135 2658 Venerem
1164 2612 1280 2675 quoque
1308 2593 1432 2653 attinet.
1480 2592 1609 2653 Frustra

243 2690 314 2743 sunt
337 2683 386 2760 qui
411 2682 485 2743 haec
509 2685 609 2745 omnia
631 2696 740 2764 putant
763 2687 801 2746 ab
817 2687 895 2747 oculi
910 2686 1043 2758 fallacia,
1068 2686 1106 2745 ab
1122 2685 1202 2745 aeris
1217 2681 1423 2743 inconstantia
1437 2680 1606 2759 provenire.

243 2771 322 2832 Nam
347 2791 399 2831 cur
423 2792 480 2832 non
506 2774 635 2835 omnium
659 2776 789 2836 sidemm
814 2794 907 2854 aeque
932 2775 1109 2836 distantium
1134 2774 1239 2833 eadem
1268 2782 1317 2831 est
1345 2770 1424 2831 ratio
1455 2768 1607 2829 scintilla·

244 2860 359 2921 tionis?
405 2859 467 2921 Cur
490 2863 606 2922 colores
630 2864 752 2923 exbibet
775 2867 938 2937 Arcturus,
962 2864 1071 2926 rubeus
1096 2865 1160 2941 ipse
1183 2860 1389 2940 potissimum,
1415 2856 1516 2937 magis
1540 2875 1609 2918 raro

248 2946 357 3016 Canis,
381 2949 467 3026 cujus
491 2960 539 3009 est
562 2952 756 3031 crystallinus
779 2953 862 3013 color
884 2953 998 3032 potior,
1024 2973 1077 3014 cur
1099 2952 1147 3012 hic
1171 2950 1321 3011 acutiores
1345 2946 1529 3008 micationes
1553 2946 1610 3007 ciet

248 3040 390 3109 Arcturo,
415 3056 468 3097 cur
492 3040 663 3117 longiores?
687 3041 728 3101 Et
751 3061 803 3102 cur
827 3059 878 3102 cor
902 3040 1019 3121 Scorpii
1045 3042 1120 3102 adeo
1144 3040 1268 3110 celeres,
1293 3037 1398 3097 oculus
1417 3034 1511 3096 Tauri
1537 3034 1609 3094 adeo

248 3126 376 3186 tardos?
406 3144 530 3203 prunam
562 3128 617 3188 snb
646 3131 745 3189 cinere
776 3131 928 3209 rigentem
953 3141 983 3189 te
1007 3149 1128 3190 ceruere
1152 3128 1279 3188 diceres.
1327 3124 1459 3204 Capella
1483 3143 1557 3184 reru
1581 3133 1608 3182 et

248 3214 330 3293 Lyra
354 3234 450 3273 noune
475 3236 568 3293 aeque
591 3218 675 3278 clara
699 3226 769 3279 suut
792 3220 901 3292 sidera,
927 3228 1079 3280 ettamen
1104 3218 1132 3277 in
1150 3217 1231 3297 Lyra
1253 3215 1353 3275 nullos
1377 3212 1501 3273 notabis
1525 3211 1609 3272 colo·

246 3322 304 3374 res,
330 3304 359 3362 iu
385 3301 513 3381 Capella
538 3324 603 3366 cum
629 3307 719 3367 micat
744 3310 862 3368 omniuo
886 3308 1019 3375 colores,
1053 3315 1154 3367 tameo
1179 3306 1241 3364 fere
1272 3320 1463 3383 purpureum.
1512 3299 1609 3360 Deui-

246 3409 302 3470 que
318 3394 534 3469 experimentis
549 3396 720 3455 ocularibus
736 3397 880 3455 astruitur
903 3395 1034 3473 planetis
1050 3394 1226 3455 scintillatio
1246 3392 1284 3451 ab
1300 3391 1402 3471 aliqua
1421 3388 1470 3448 vel
1492 3388 1611 3449 iuterna

247 3481 381 3559 corporis
406 3483 584 3542 alteratione.
609 3495 756 3562 perpetua
780 3494 811 3543 et
835 3484 1011 3556 continenti,
1037 3502 1125 3563 quam
1150 3481 1235 3560 quasi
1258 3497 1462 3560 paroxysmos
1487 3476 1612 3544 dixeris,

244 3571 292 3629 vel
326 3569 364 3629 ab
397 3583 524 3630 externa
551 3574 685 3650 corporis
713 3573 937 3645 convolutione,
983 3593 1058 3652 quae
1097 3569 1229 3651 Tychoni
1267 3570 1296 3631 iu
1329 3565 1611 3647 Progymnasmatis

245 3658 374 3736 placuit,
410 3661 598 3740 partiumque
628 3673 658 3721 et
686 3662 907 3740 superficierum
944 3663 1069 3723 aliarum
1097 3670 1167 3740 post
1197 3658 1274 3719 alias
1303 3656 1510 3736 explicatione
1540 3672 1610 3734 pro·

246 3743 440 3818 ueniens.‘⁰)

338 3839 428 3895 Auno
462 3832 552 3898 1602.
589 3834 636 3898 19.
666 3833 719 3899 29.
745 3838 920 3898 Decembris
950 3837 1068 3916 uesperi
1098 3837 1203 3896 Venus
1233 3835 1297 3913 jam
1324 3833 1451 3893 multum
1487 3829 1612 3892 declivis

250 3942 305 4002 per
327 3935 482 4001 patentem
507 3927 671 3985 fenestram
702 3927 730 3986 iu
761 3929 918 3987 obscuram
950 3946 1098 3987 cameram
1126 3924 1269 3986 radiabat
1296 3922 1480 3982 clarissime.
1529 3921 1614 3981 Aura

250 4023 316 4071 erat
341 4012 546 4085 frigidissima.
586 4013 781 4075 Scintillabat
804 4016 910 4074 Venus
935 4014 1181 4074 concitatissime.
1221 4010 1296 4072 Cum
1322 4011 1360 4070 ad
1385 4011 1486 4070 album
1511 4008 1612 4087 parie-

250 4110 312 4160 tem
336 4102 532 4180 respicerem,
566 4103 595 4163 iu
620 4122 706 4180 quem
730 4105 831 4163 radius
856 4104 986 4164 Veneris
1014 4122 1068 4180 pro
1093 4102 1289 4178 amplitudine
1314 4100 1468 4160 fenestrae
1494 4097 1613 4157 allabe-

248 4198 345 4260 retur,
384 4190 549 4249 uudulabat
578 4191 642 4262 ille,
682 4193 766 4270 quasi
804 4194 882 4251 fumo
912 4194 1062 4253 flammam
1094 4190 1289 4268 impediente,
1329 4188 1418 4267 idque
1457 4186 1613 4247 celerrime

248 4277 372 4338 incertis
406 4279 546 4338 motibus.
594 4280 658 4340 Nec
687 4282 764 4340 enim
796 4281 994 4352 ascendebat,
1029 4294 1063 4340 ut
1091 4279 1212 4339 credere
1245 4297 1367 4356 possem
1397 4298 1416 4337 a
1448 4274 1613 4354 vaporibus

248 4367 482 4428 ascendentibus
507 4368 535 4428 id
561 4388 646 4439 esse,
672 4370 726 4429 sed
750 4370 883 4429 emicans
901 4371 968 4448 jam
993 4370 1030 4429 ad
1055 4369 1186 4429 medium
1204 4368 1268 4446 jam
1293 4367 1332 4425 ad
1356 4365 1518 4444 superiora
1538 4382 1612 4425 cou-

249 4455 388 4516 versioue
416 4456 594 4526 subitanea,
626 4477 702 4517 nunc
732 4459 869 4519 deorsum
908 4478 984 4519 ouoc
1018 4459 1046 4517 in
1077 4458 1156 4517 latus
1187 4458 1296 4517 iterum
1326 4453 1526 4516 concedebat.
1573 4451 1614 4513 Et

249 4544 418 4603 mehercule
443 4544 575 4604 nonnihil
604 4547 711 4605 occulti
746 4547 876 4607 horroris
900 4548 999 4607 ciebat
1023 4546 1161 4606 illatam
1185 4545 1318 4605 insoleus
1342 4542 1502 4604 fluctuatio
1527 4550 1613 4602 atras

249 4632 388 4708 caliginis
413 4633 441 4690 iu
466 4633 545 4691 llaro
570 4634 663 4693 radio.
689 4632 840 4694 Celeritas
864 4637 956 4695 etiam
980 4645 1011 4694 et
1031 4634 1150 4695 articuli
1170 4633 1376 4694 fluctuationis
1389 4630 1613 4691 conveniebant

250 4737 316 4777 cum
350 4720 580 4789 scintillatione,
611 4721 704 4781 oculis
728 4741 765 4782 ex
789 4724 856 4800 ipsa
887 4725 978 4785 stella
1010 4732 1164 4802 percepta.
1210 4723 1340 4783 Postero
1363 4720 1412 4780 die
1437 4718 1614 4781 mutabatur

251 4824 324 4865 aura
346 4808 545 4886 apparuitque
568 4810 717 4869 ruatutina
746 4810 812 4878 iris:
845 4814 941 4873 mouri
966 4813 1056 4873 renti.
1104 4812 1210 4890 ltaque
1240 4811 1295 4871 lroc
1325 4809 1468 4889 quicquid
1502 4815 1554 4868 est
1585 4805 1613 4866 iu

252 4911 344 4952 aurae
369 4895 564 4955 mutationem
588 4898 710 4957 contuli.
758 4897 819 4959 Sed
852 4918 964 4979 paucos
996 4915 1064 4978 post
1096 4900 1177 4970 dies,
1209 4918 1316 4978 nempe
1339 4898 1370 4961 5.
1399 4896 1449 4959 15.
1474 4893 1613 4958 Jauaarii

253 4997 333 5039 auno
361 4979 443 5044 1603
475 4981 594 5061 resperi
621 4986 706 5045 coele
734 4987 841 5047 iterum
860 5007 985 5062 sereno,
1013 5008 1080 5049 cum
1104 4988 1209 5049 Lunae
1233 4988 1393 5049 triduanas
1416 4991 1614 5067 superessent
