3692 5842
747 475 828 537 Caput
847 474 890 524 lV.
912 469 936 522 9.
1454 478 1519 544 2¹5

161 657 293 729 puncto;
328 667 386 727 quo
410 647 528 726 quidem
559 657 692 726 tempore
715 659 786 727 post
808 669 921 729 pancas
954 649 1043 709 horas
1073 658 1253 713 notaverunt
1280 653 1520 732 conjunctionem

159 737 247 800 Jovis
271 745 306 798 ct
328 735 432 797 Lunae
457 736 486 796 in
511 734 550 797 2⁰
573 736 683 798 Tauri:
714 757 749 796 nc
774 739 838 817 quis
872 737 1070 810 existimaret,
1096 740 1235 817 neglecta
1265 741 1370 804 fuisses
1381 743 1419 803 ab
1443 744 1519 824 ipsis

161 826 277 888 diermu
306 825 496 906 noctiumque
520 826 608 904 justa
635 826 736 903 spatia
766 828 803 886 ob
832 826 990 887 continuas
1024 827 1175 888 tenebras.
1223 829 1265 890 Ut
1293 838 1395 892 antem
1422 833 1519 896 omnis

161 914 312 978 dubitatio
347 913 485 991 tollatur,
520 914 568 975 die
598 912 650 975 27.
675 913 813 977 Januarii
846 923 942 976 totnm
970 914 1073 975 Solem
1106 925 1211 978 extare
1244 918 1390 981 viderunt.
1436 919 1518 1002 Ergo

160 1001 223 1068 25..
238 1002 377 1066 Januarii
401 1011 535 1064 centrum
560 1002 617 1063 luit
639 1010 747 1065 ortum.
795 1004 870 1083 Ejus
894 1004 936 1065 rei
966 1003 1164 1066 admiratione
1193 1006 1275 1085 capti
1298 1008 1384 1069 multi
1407 1011 1519 1072 multos

160 1093 276 1173 passim
302 1091 477 1154 consuluere
501 1090 742 1166 mathematicos,
769 1112 892 1172 qnorum
916 1093 969 1153 alii
993 1092 1083 1162 aliud,
1108 1113 1163 1170 ego
1188 1094 1243 1155 hoo
1267 1096 1426 1176 respondi:
1453 1118 1519 1160 cnm

161 1183 219 1245 lide
243 1182 337 1262 digua
359 1180 499 1242 rideatur
522 1181 706 1241 Batavorum
738 1181 884 1253 narratio,
915 1201 1036 1243 cansam
1066 1200 1122 1242 non
1154 1202 1270 1244 omnem
1302 1185 1520 1264 conjiciendam

161 1269 384 1350 suspicionibus
416 1269 446 1330 in
481 1288 609 1331 errorem
643 1276 801 1331 nautarum
835 1270 915 1331 circa
947 1270 1137 1330 altitudinem
1171 1272 1231 1350 poli
1265 1272 1518 1354 investigandam,

161 1359 240 1440 quod
265 1358 318 1420 alii
344 1357 506 1420 iaciebant.
544 1358 622 1419 Nam
643 1358 668 1418 si
690 1359 744 1419 hoc
769 1358 869 1419 nantis
890 1358 1017 1430 adimas,
1043 1368 1075 1419 nt
1094 1359 1173 1420 intra
1188 1358 1226 1423 5⁰
1249 1363 1376 1441 (quanto
1401 1363 1519 1442 quidem

161 1451 224 1510 lere
248 1467 320 1509 aron
345 1446 399 1509 Sol
423 1447 463 1508 ad
487 1447 600 1508 dictum
624 1448 702 1508 diem
726 1448 805 1508 infra
830 1447 1013 1508 horizontem
1043 1447 1139 1508 adhuc
1164 1457 1230 1509 erat
1254 1450 1282 1510 in
1307 1450 1348 1511 rei
1373 1451 1518 1525 veritate)

161 1536 234 1599 nihil
259 1536 334 1598 certi
354 1537 390 1597 de
415 1536 574 1597 altitudine
593 1536 655 1614 poli
680 1536 791 1596 habere
815 1535 942 1614 possint,
969 1535 1138 1597 universam
1153 1555 1229 1615 pene
1254 1539 1407 1601 nauticam
1431 1541 1520 1620 hujus

159 1625 255 1688 seculi
278 1624 426 1686 everteris
435 1643 444 1698 ;
469 1643 564 1704 neque
589 1624 645 1685 hoc
669 1624 733 1685 sine
759 1624 963 1702 indignatione
990 1624 1087 1685 ferent
1111 1625 1154 1686 illi
1175 1626 1308 1689 Palinuri
1332 1629 1368 1689 de
1393 1650 1426 1690 sc
1450 1630 1517 1692 dici.

161 1716 342 1788 Praeterea,
376 1721 409 1774 ut
436 1712 528 1774 habet
559 1713 689 1793 ipsorum
723 1713 872 1788 narratio,
904 1712 985 1773 Solis
1019 1714 1114 1774 centri
1147 1715 1301 1777 occubitus
1331 1717 1410 1779 inter
1433 1717 1464 1780 2.
1490 1727 1522 1779 et

161 1802 192 1867 3.
217 1801 403 1866 Novembris
427 1802 494 1863 hnic
524 1803 587 1882 ejus
616 1802 734 1863 exortui
761 1801 881 1862 minime
910 1801 1123 1880 respondebat.
1170 1802 1252 1881 Ergo
1277 1823 1334 1865 non
1359 1806 1387 1866 in
1412 1808 1519 1868 altitn-

161 1893 230 1953 dine
255 1891 317 1972 poli
341 1899 424 1953 totus
448 1892 506 1951 iste
537 1910 621 1954 error
649 1911 716 1951 esse
745 1899 856 1971 potest.
903 1890 981 1950 Erat
1009 1890 1055 1950 die
1080 1888 1111 1951 2.
1136 1891 1316 1952 Novembris
1342 1891 1381 1970 Θ
1407 1895 1435 1955 iu
1467 1892 1522 1956 111

161 1977 216 2044 371
240 1991 290 2059 1η,
317 2000 382 2041 cum
407 1998 465 2040 non
491 1988 586 2040 totum
614 1980 765 2053 viderunt,
799 1979 846 2040 die
871 1974 901 2039 3.
927 1978 957 2038 in
988 1975 1118 2040 121381
1142 1990 1192 2056 th,
1223 1980 1273 2040 ubi
1297 1980 1347 2041 vix
1376 2002 1521 2046 sunnnnm
1568 2017 1571 2023 ·

161 2070 330 2148 marginem
355 2088 555 2148 conspexere,
582 2088 652 2147 ergo
677 2077 811 2130 centrum
837 2067 946 2129 occidit
969 2067 997 2128 in
1026 2064 1084 2128 121
1108 2066 1139 2129 71
1163 2079 1211 2145 tlt,
1244 2068 1327 2147 cnjus
1359 2072 1521 2133 declinatio

167 2155 314 2232 151271,
339 2166 452 2237 quanta
477 2166 524 2218 est
548 2158 639 2219 etiam
654 2156 728 2228 Soli,
753 2177 818 2218 cnm
844 2156 1008 2234 ingreditur
1031 2175 1084 2234 per
1111 2154 1168 2218 17⁰
1190 2153 1244 2219 531
1258 2175 1314 2231 222,
1341 2160 1388 2221 die
1414 2156 1443 2222 6.
1460 2162 1520 2222 Fe·

161 2246 296 2320 bruarii,
329 2266 386 2307 non
418 2266 483 2306 curn
510 2243 549 2322 Θ
583 2247 611 2306 in
646 2245 684 2309 5⁰
706 2244 759 2309 281
785 2264 830 2305 m
854 2242 907 2307 25.
933 2244 1079 2306 Januarii.
1127 2245 1171 2306 At
1203 2264 1298 2326 neque
1332 2249 1460 2310 natabat
1492 2249 1520 2310 in

161 2355 277 2398 oceano
302 2336 387 2397 locus
409 2354 463 2396 seu
487 2335 558 2395 litus
589 2335 678 2403 illud,
704 2334 735 2394 in'
758 2354 814 2415 quo
840 2334 948 2414 glaciei
972 2333 1099 2394 vinculis
1129 2335 1241 2413 captivi
1269 2337 1450 2399 tenebantur
1474 2340 1522 2408 (nt

161 2425 272 2487 Bodini
298 2423 454 2503 discipulis
478 2424 525 2484 hic
550 2424 773 2502 respondeam),
799 2431 832 2484 nt
854 2426 908 2504 p‘er
933 2423 1094 2501 sexaginta
1116 2423 1257 2485 milliaria
1277 2447 1295 2485 a
1317 2427 1521 2504 septentrione

162 2516 192 2576 in
225 2521 363 2574 anstrum
394 2532 449 2591 per
481 2512 562 2573 illam
596 2513 779 2573 trimestrem
813 2522 932 2573 noctem
962 2512 1126 2573 transvecti
1160 2531 1226 2572 esse
1259 2515 1388 2591 possint.
1443 2515 1523 2576 Nam

162 2604 253 2682 paulo
278 2609 350 2680 post
374 2601 505 2680 repetita
527 2601 588 2680 poli
613 2602 747 2681 adeoque
772 2611 803 2662 et
827 2600 907 2663 Solis
933 2601 1074 2673 altitudo,
1100 2619 1216 2661 rursum
1239 2602 1388 2680 prioribus
1412 2594 1520 2665 obser-

161 2691 339 2752 vationibus
362 2690 496 2770 proxime
521 2690 731 2770 respondebat.
773 2690 815 2750 Et
839 2698 1007 2750 remeantes
1031 2688 1110 2749 idem
1134 2688 1191 2750 iter
1214 2698 1420 2769 peragrarunt,
1445 2693 1522 2772 quod

162 2787 310 2841 exeuntes
340 2780 543 2840 confecerant.
590 2779 781 2859 Relinquitur
811 2779 919 2859 igitur,
955 2787 987 2838 nt
1016 2777 1081 2838 sola
1113 2778 1253 2838 retractio
1287 2780 1404 2859 culpam
1436 2781 1523 2860 hujus

162 2867 365 2949 phaenomeni
390 2868 541 2928 sustineat
565 2868 658 2947 (qnod
683 2876 714 2928 et
733 2867 899 2946 nuperrime
924 2866 1068 2927 Miserius
1088 2867 1193 2940 sensit,
1220 2867 1320 2928 libello
1346 2869 1373 2930 in
1399 2868 1521 2931 Christ-

162 2969 307 3020 mannum‘
329 2955 466 3035 scripto).
484 2950 525 3029 11)
572 2956 615 3017 Ut
639 2964 737 3017 autem
762 2975 832 3017 vero
858 2956 963 3018 similis
988 2964 1070 3016 esset
1095 2964 1156 3015 tam
1185 2956 1358 3035 prodigiosa
1382 2958 1522 3020 refractio

163 3055 212 3109 tot
234 3045 393 3125 graduum,
413 3045 491 3124 jussi
515 3045 640 3124 primum
664 3045 772 3107 intueri
797 3046 826 3106 iu
848 3046 922 3105 haec
947 3045 1034 3105 modo
1058 3045 1193 3123 allegata
1216 3046 1354 3124 exempla
1368 3047 1522 3124 Tnbingae

162 3146 194 3198 et
218 3134 368 3207 Hassiae,
394 3134 444 3195 ubi
468 3134 680 3195 refractionem
703 3134 917 3195 horizontalem
952 3132 1110 3211 majorem,
1144 3134 1203 3193 illic
1228 3154 1301 3206 uno,
1336 3134 1383 3195 hic
1408 3135 1522 3198 dnobus

162 3224 311 3305 gradibus
343 3230 487 3284 notavere
520 3231 659 3284 auctores
690 3224 746 3285 lide
781 3223 872 3301 digni.
929 3222 1008 3282 Nam
1041 3222 1099 3281 etsi
1138 3223 1219 3283 locns
1252 3223 1438 3283 Batavorum
1468 3223 1524 3285 fuit

162 3313 345 3387 maritimus,
370 3311 419 3372 ubi
435 3312 597 3374 secundum
621 3322 758 3373 naturam
774 3311 905 3372 humoris
928 3310 1141 3390 propemodum
1161 3312 1265 3371 eadem
1286 3312 1413 3372 altitudo
1433 3312 1522 3379 aeris,

162 3422 240 3484 quae
266 3409 298 3462 et
318 3401 346 3462 in
363 3400 471 3469 Dania,
495 3401 595 3480 potuit
618 3411 718 3462 tamen
735 3402 831 3460 altera
856 3418 1022 3472 cansarum,
1049 3398 1184 3459 densitas
1203 3418 1309 3478 nempe
1329 3400 1408 3461 illins
1433 3401 1523 3474 acris,

161 3492 308 3572 adjuvare
342 3490 560 3563 retractiones3
601 3490 706 3570 quodsi
743 3509 845 3551 rernm
881 3496 944 3561 est,
979 3488 1008 3549 in
1038 3485 1171 3547 tenebris
1204 3488 1382 3549 condensari
1411 3496 1522 3563 adrem,

162 3582 228 3643 luce
255 3579 421 3653 extenuari,
449 3579 590 3640 tenebrae
616 3578 732 3658 quidem
758 3578 793 3638 iis
813 3576 886 3639 locis
906 3596 959 3655 pro
985 3583 1072 3635 tanta
1095 3575 1276 3636 refractione
1292 3584 1343 3636 sat
1366 3576 1523 3639 diuturnae

162 3672 258 3743 luere,
282 3669 374 3730 trium
398 3668 517 3730 circiter
541 3668 696 3729 mensium.
713 3745 718 3750 Ι
735 3666 848 3729 Addidi
873 3674 904 3726 et
926 3665 1006 3725 alind
1030 3664 1264 3742 experimentum
1288 3664 1324 3726 de
1349 3666 1525 3728 nebularum

162 3757 372 3822 Gronlandiae
406 3757 519 3837 guttis,
552 3756 736 3818 incredibilis
769 3756 858 3835 plano
890 3751 1122 3832 maguitudiniS,
1158 3759 1190 3812 ut
1223 3760 1370 3814 testatum
1403 3753 1524 3834 reliquit

162 3847 267 3912 nescio
292 3847 369 3928 quis.
407 3845 464 3907 His
480 3846 510 3906 in
529 3847 704 3925 praeseutia
727 3846 899 3925 priusquam
920 3842 1031 3922 aliquid
1056 3841 1229 3922 adjungam,
1253 3842 1381 3920 prirnnm
1406 3843 1521 3904 exami-

161 3948 251 4000 netur
273 3938 406 4018 ipsorum
431 3935 560 3997 altitudo
583 3935 656 4013 poli.
704 3933 753 3996 Sit
775 3933 829 3993 EF
856 3931 994 4004 horizon,
1020 3928 1075 3991 CD
1100 3937 1259 4011 aequator‚
1290 3932 1374 4010 cujus
1398 3932 1460 4012 poli
1483 3933 1522 4008 A,

160 4028 197 4096 B,
221 4027 269 4089 die
294 4020 356 4107 27,
385 4023 567 4086 Novembris
590 4022 643 4084 Sol
668 4023 695 4083 in
721 4025 744 4083 F
772 4041 837 4083 cum
867 4019 1067 4081 declinatione
1239 4054 1294 4119 Fig.
1314 4050 1357 4102 7³.

159 4117 216 4179 DF
243 4112 390 4180 151271.
437 4113 495 4174 Die
519 4108 572 4173 30.
598 4111 711 4192 Aprilis
741 4111 875 4194 verosit
899 4109 952 4171 Sol
977 4109 1004 4169 in
1029 4108 1065 4183 E,

159 4205 286 4286 quodie
310 4202 462 4281 (intelligo
486 4198 526 4262 12
541 4201 622 4262 horis
642 4209 711 4261 ante
731 4200 908 4273 meridiem),
934 4199 1067 4259 referunt
1222 4198 1389 4265 *bf-v,

159 4314 194 4355 se
219 4296 348 4375 primum
373 4289 475 4353 Solem
501 4298 597 4351 totum
621 4309 711 4367 snpra
734 4289 916 4351 horizontem
941 4286 1064 4347 vidisse.
1183 4253 1261 4338 sb

158 4384 239 4446 Erat
263 4383 292 4444 in
317 4376 480 4455 912018,
505 4398 572 4440 cum
597 4379 794 4439 declinatione
823 4372 965 4447 ru⁰39¹,
990 4395 1065 4454 qum
1142 4359 1176 4490 ΙΙ
1260 4337 1293 4484 lt
1408 4323 1491 4738 ἕ

1423 4555 1428 4561 -
1489 4533 1508 4580 r

1391 4265 1424 4312 Nx

159 4483 210 4534 est
240 4470 314 4546 ΟΕ,
348 4468 491 4531 subtrahe
533 4464 584 4530 151
621 4468 893 4539 semidiametrnm,
931 4482 1002 4540 ergo
1037 4463 1064 4523 in
1119 4493 1148 4536 ,r
1359 4511 1362 4516 ,

160 4561 363 4624 declinatione
396 4553 454 4621 141
481 4552 535 4620 241
568 4567 703 4618 centrum
736 4556 816 4615 Solis
849 4556 878 4615 in
912 4553 1064 4614 horizonte
1108 4522 1191 4570 l*
1231 4517 1412 4666 ’,ἵζω

160 4671 230 4714 esse
249 4650 359 4731 potuit.
397 4648 457 4709 Est
475 4646 566 4726 igitur
584 4646 640 4707 ΑΕ
661 4640 786 4708 751361
807 4652 838 4704 et
856 4644 912 4704 m*
931 4639 1065 4713 151271,
1131 4639 1226 4735 cs*
1335 4687 1338 4695 ,

160 4759 280 4803 summa
304 4735 409 4801 debuit
432 4755 499 4798 esse
521 4733 590 4809 90⁰,
616 4743 649 4795 at
672 4743 795 4813 superat
813 4727 874 4796 90⁰
897 4751 950 4811 per
973 4726 1064 4801 103‘,
1340 4709 1349 4746 1

160 4829 212 4911 qui
241 4837 290 4892 est
317 4826 455 4890 modulus
478 4821 600 4904 junctae
635 4823 786 4902 utriusque
820 4818 1008 4882 retractionis
1038 4818 1065 4877 in
1198 4741 1453 4902 &y

161 4920 188 4982 E
212 4927 245 4983 et
266 4920 301 4981 F.
350 4915 432 4979 Sane
456 4932 545 4995 quam
569 4932 689 4992 parvus.
737 4908 825 4981 Quod
845 4909 870 4970 si
894 4906 1065 4974 observatio

161 5009 229 5089 jam
252 5007 343 5071 modo
375 5003 458 5066 diota
485 5002 575 5064 luerit
598 5002 645 5064 die
670 4998 723 5064 30.
748 4998 864 5081 Aprilis
891 4995 930 5059 12
955 4996 1035 5057 horis
1058 5003 1129 5074 post
1156 4992 1323 5062 meridiem,
1352 4989 1446 5052 minor
1472 4988 1524 5052 fiet
