3692 5842
245 445 313 514 274
740 450 914 500 amarantus
932 448 994 502 Pur
1013 448 1111 515 opum

242 627 365 687 voluero
389 627 520 687 tortasse
544 643 600 705 per
622 643 707 687 suam
735 624 820 685 illam
850 626 964 687 frustra
992 624 1148 705 explosam
1172 625 1211 687 ab
1233 625 1402 690 Aristotele
1422 625 1609 707 mem,

242 715 413 776 defectuum
439 735 571 787 causam,
598 732 687 793 quam
710 713 841 786 Lunam)
866 716 896 775 in
919 714 978 774 hac
1007 721 1109 775 tamen
1133 732 1200 776 eam
1225 714 1343 777 differre
1368 714 1465 778 voluit
1488 735 1508 776 a
1530 715 1608 778 Ter-

242 822 313 865 reno
337 804 439 880 globo,
464 805 543 884 quod
558 804 645 863 Luna
670 801 765 863 instar
789 803 903 881 speculi
928 802 1023 863 lucem
1043 802 1147 865 aSole
1172 811 1329 883 acceptam
1346 822 1449 865 rursus
1473 803 1607 878 emittat,

242 910 309 954 cum
333 892 436 967 Terra,
467 892 561 954 radiis
584 892 709 971 perlusa
733 888 824 965 Solis,
853 899 973 952 tautum
997 890 1149 953 clarescat
1173 912 1232 954 uon
1255 893 1399 954 reluceat.
1446 892 1512 954 lmo
1536 911 1608 954 vero

241 998 297 1059 par
320 989 369 1042 est
391 980 546 1061 utriusque
571 980 649 1041 ratio
674 979 786 1040 Terrae
811 988 842 1040 et
865 980 983 1041 Lunae.
1029 979 1109 1043 Nam
1132 1000 1228 1059 neque
1251 981 1339 1042 Luna
1367 981 1525 1059 speculum
1548 990 1607 1054 est,

241 1069 320 1149 quod
342 1077 425 1131 recte
455 1088 547 1149 supra
571 1067 750 1130 Plutarchus
774 1076 805 1129 ct
827 1069 929 1130 Arabs
957 1068 1009 1129 ille
1033 1076 1065 1129 et
1089 1067 1267 1131 cleomedes
1294 1070 1482 1144 refutarunt,
1511 1089 1607 1150 neque

242 1158 336 1220 Terra
366 1178 426 1219 uon
455 1158 538 1220 lucet
567 1157 632 1218 luce
665 1156 905 1219 communicata:
941 1156 1018 1236 quod
1043 1157 1144 1237 capite
1166 1158 1209 1218 Il.
1238 1177 1324 1238 prop.
1349 1157 1379 1220 7.
1415 1157 1537 1220 abunde
1561 1168 1609 1219 est

241 1246 401 1325 probatum
426 1246 573 1325 exemplis
596 1245 727 1307 omnium
750 1245 919 1324 parietum:
952 1255 1134 1324 suggerente
1163 1245 1256 1308 etiam
1279 1246 1445 1308 Plutarcho
1467 1248 1608 1326 exempla

245 1335 384 1398 vestium.
432 1333 550 1406 Quodsi
576 1332 772 1407 Cleomedes,
798 1333 827 1394 id
847 1335 926 1413 quod
950 1333 1013 1413 ipse
1039 1334 1183 1409 celebrat,
1202 1335 1307 1396 Lunae
1331 1335 1483 1415 proprium
1507 1336 1606 1397 lumen

242 1424 374 1486 colorem
396 1424 456 1486 (lici
478 1425 612 1504 patitur,
646 1443 733 1502 quem
763 1442 855 1501 supra
883 1422 1002 1484 definivi
1035 1423 1130 1484 lucem
1164 1423 1313 1502 sepultam
1338 1424 1366 1486 in
1392 1424 1544 1498 materia,
1578 1425 1606 1487 iu

241 1513 351 1574 ceteris
374 1513 462 1593 plane
486 1532 601 1574 mecum
626 1513 756 1591 loquitur
789 1531 963 1592 mecumque
992 1512 1159 1589 concludit,
1192 1532 1308 1576 mecum
1338 1513 1465 1593 denique
1498 1522 1608 1575 contra

240 1600 435 1663 Posidonium
459 1602 575 1683 utrique
600 1609 632 1662 et
655 1601 759 1661 Lunae
784 1608 815 1661 et
838 1601 950 1662 Terrae
974 1619 1045 1661 suos
1069 1600 1187 1663 colores
1210 1602 1331 1678 tribuit,
1363 1603 1412 1681 qui
1435 1602 1566 1664 excitati
1589 1624 1607 1663 a

241 1690 307 1750 luce
332 1689 413 1752 Solis
437 1691 558 1752 radient
580 1690 610 1751 iu
634 1688 788 1750 dimidium
811 1688 922 1762 orbem,
947 1697 982 1750 ut
1000 1689 1061 1750 ista
1084 1709 1177 1751 causa
1200 1690 1495 1771 resplendescentiae
1511 1692 1607 1754 'l'errs

240 1786 272 1838 et
295 1779 382 1839 Luoa
409 1778 495 1859 paria
523 1778 645 1840 iaciant.
694 1778 740 1839 De
763 1778 820 1838 hac
849 1778 950 1857 itaque
974 1777 1078 1839 Lunae
1110 1779 1311 1840 illustratione
1341 1779 1505 1842 certissimi
1536 1791 1606 1841 sunt

242 1868 428 1929 astronomi:
454 1868 531 1949 quod
556 1888 575 1930 a
598 1866 670 1929 Sole
694 1867 797 1927 veniat
821 1867 956 1946 quodque
981 1866 1028 1927 hic
1049 1868 1153 1929 Lunae
1176 1887 1284 1947 corpus
1310 1871 1407 1951 ipsum
1431 1888 1491 1930 non
1516 1869 1607 1929 aliter

244 1976 276 2017 se
301 1956 453 2030 exhibeat,
478 1976 566 2037 quam
591 1955 718 2038 quilibet
741 1955 847 2016 obvius
870 1956 980 2036 paries.

328 2046 394 2109 lloo
427 2046 622 2107 fundamento
653 2046 753 2124 posito
782 2045 847 2123 jam
883 2044 984 2106 varios
1017 2043 1103 2123 hujus
1135 2043 1361 2106 illuminationis
1395 2047 1501 2107 modos
1538 2045 1604 2107 iude

241 2133 380 2195 derivant
403 2135 579 2196 astronomi.
626 2134 758 2195 Primum
782 2134 948 2213 disputant,
973 2153 1039 2195 cum
1060 2131 1113 2194 Sol
1137 2133 1297 2212 sphaerica
1320 2134 1418 2196 forma
1441 2135 1492 2208 sit,
1518 2136 1604 2197 Luna

240 2222 344 2285 itidem
369 2223 464 2285 torma
487 2223 660 2303 sphaerica,
694 2223 747 2283 sed
777 2224 901 2285 minori:
938 2223 1054 2283 Lunam
1080 2220 1171 2300 igitur
1198 2223 1380 2303 plusquam
1409 2224 1536 2287 dimidia
1559 2225 1604 2285 sui

241 2321 327 2391 parte
352 2333 371 2373 a
394 2310 467 2374 Sole
492 2312 667 2387 illuminari,
692 2319 724 2372 et
747 2312 905 2373 terminum
934 2310 1161 2373 illuminationis
1186 2331 1253 2372 esse
1277 2313 1433 2388 circulum,
1460 2314 1603 2375 minorem

241 2410 342 2463 tamen
365 2420 411 2477 eo,
436 2402 537 2481 quiin
562 2400 719 2482 sphaerico
744 2401 848 2461 Lunae
872 2419 997 2482 corpore
1022 2399 1168 2460 maximus
1193 2400 1381 2474 describitur,
1405 2420 1460 2480 per
1483 2403 1525 2473 ll,
1550 2400 1603 2465 27.

242 2490 429 2552 Vitellionis.
475 2490 553 2552 Ilinc
577 2492 642 2569 jam
667 2489 835 2569 anticipata
862 2509 949 2562 cura,
984 2488 1107 2568 cognita
1136 2489 1283 2551 distantia
1315 2490 1470 2571 utriusque
1495 2491 1604 2553 sideris

240 2587 272 2639 et
295 2579 459 2653 diametris,
486 2580 595 2641 docent
617 2578 801 2657 investigare
826 2578 1063 2658 magnitudinem
1087 2577 1188 2639 circuli
1213 2578 1450 2642 illuminationis.

414 2719 445 2783 3.
493 2720 543 2781 De
568 2720 710 2781 circulo
735 2720 1036 2781 illuminationis
1061 2721 1187 2782 litturae
1212 2729 1250 2781 et
1272 2721 1424 2783 Terrae.

331 2846 428 2925 Hujus
461 2844 594 2923 cognitio
626 2844 711 2905 nobis
744 2852 852 2922 postea
884 2844 997 2906 serviet
1030 2846 1060 2905 in
1097 2844 1303 2924 problematis.
1355 2845 1546 2909 Reinholdus
1576 2848 1603 2909 in

243 2935 460 2999 commentario
484 2952 573 3012 super
597 2933 743 2994 Theorias
767 2932 928 2995 Purbachii
960 2934 1161 2995 eruditissimo
1185 2942 1217 2995 et
1239 2934 1344 3014 digno,
1369 2937 1417 3016 qui
1443 2936 1605 3016 diligenter

243 3044 383 3086 aterum
407 3022 582 3085 coelestium
607 3022 751 3083 studiosis
775 3022 903 3100 legatur,
932 3023 983 3084 t'ol.
1003 3019 1074 3085 too.
1095 3027 1172 3091 (²5³)
1193 3024 1393 3102 quantitatem
1417 3026 1521 3105 prodit
1544 3027 1602 3087 cir-

244 3114 302 3175 culi
324 3111 549 3174 illuminationis
569 3111 657 3173 hanc.
697 3111 746 3172 Sit
761 3117 826 3184 (fig.
847 3116 894 3181 87)
915 3109 998 3173 ΑΒΘ
1019 3111 1146 3172 circulus
1167 3112 1314 3173 inarimos
1334 3116 1468 3193 corporis
1488 3115 1604 3189 Lunae,

245 3203 352 3263 ductus
376 3221 430 3281 per
453 3201 553 3280 polum
579 3200 805 3261 illuminationis
829 3200 940 3274 circuli,
966 3202 1053 3280 polus
1073 3221 1124 3261 seu
1150 3201 1277 3262 medium
1296 3204 1393 3280 partis
1417 3203 1604 3265 illuminatae

245 3293 285 3365 A,
310 3291 438 3353 circulus
463 3290 540 3350 alius
564 3290 711 3350 maximus
735 3308 772 3350 ex
797 3291 825 3350 A
849 3290 930 3367 polo,
952 3289 1051 3369 peri)
1075 3289 1203 3350 medium
1227 3291 1305 3351 iuter
1324 3292 1391 3365 AB,
1417 3292 1462 3353 sit
1485 3293 1509 3353 f
1512 3292 1552 3367 G,
1578 3294 1605 3352 ei

244 3379 411 3460 parallelus
440 3380 568 3441 circulus
600 3378 825 3440 illuminationis
848 3375 918 3451 BC,
950 3397 1058 3439 secans
1086 3377 1206 3456 globum
1231 3379 1335 3440 Iruuae
1360 3379 1439 3441 iufra
1468 3392 1604 3443 centrum

243 3469 281 3530 D.
321 3469 428 3531 Prodit
452 3486 524 3546 ergo
548 3467 736 3528 Reinholdus
761 3466 962 3545 quantitatem
981 3464 1065 3527 BAC
1088 3462 1245 3530 18t⁰to¹.
1285 3470 1416 3530 Aecum
1439 3472 1604 3532 secundum

245 3557 454 3618 Ptolemaeum
479 3557 565 3616 Luna
588 3557 617 3616 in
642 3575 777 3634 apogaeo
802 3564 950 3633 appareat
978 3556 1113 3634 aequalis
1138 3553 1218 3630 Soli,
1244 3557 1320 3618 uude
1344 3558 1395 3631 fit,
1419 3567 1453 3619 ut
1476 3559 1604 3620 circulus

243 3646 410 3707 terminans
434 3646 580 3707 visionem
604 3644 755 3704 coincidat
777 3663 842 3705 cum
862 3644 973 3705 circulo
998 3644 1177 3705 terminante
1202 3645 1457 3721 illuminationem,
1483 3649 1510 3709 si
1530 3667 1604 3709 cou-

244 3737 345 3814 tingat
368 3736 485 3795 Lunam
508 3734 548 3794 ad
572 3733 715 3793 amussim
739 3732 960 3794 subtercurrere
976 3731 1060 3794 Soli:
1086 3731 1152 3793 ideo
1177 3733 1281 3795 eadem
1306 3754 1398 3814 opera
1416 3736 1605 3798 Reiuholdus

244 3824 347 3902 prodit
371 3823 520 3883 residuum
536 3822 572 3882 do
589 3821 682 3893 CAB,
708 3820 824 3882 scilicet
839 3820 919 3882 CEB
940 3841 1050 3895 arcum,
1075 3820 1123 3899 qui
1146 3831 1264 3899 partem
1288 3822 1383 3885 visam
1398 3844 1451 3904 per
1475 3826 1604 3888 medium

244 3911 377 3985 metitur,
407 3909 485 3972 178⁰
512 3908 572 3985 15¹,
597 3919 630 3972 ut
654 3919 778 3990 uterque
807 3909 895 3971 simul
920 3906 1003 3973 360⁰
1025 3909 1148 3970 efficiat.
1196 3908 1337 3973 Ceterum
1371 3914 1478 3992 quibus
1511 3935 1603 3995 prae·

243 4008 331 4063 terea
364 4000 567 4061 fundamentis
599 3998 718 4060 innixus
747 3999 787 4059 sit
820 3998 867 4059 hic
891 3998 1058 4059 doctissimi
1088 3998 1143 4059 viri
1167 3999 1316 4074 calculus,
1351 4001 1512 4064 obscumm
1545 4012 1603 4064 est

245 4090 316 4169 lpsa
338 4088 458 4168 quidem
483 4088 653 4168 quantitas,
688 4088 765 4166 quod
790 4105 864 4166 pace
893 4088 971 4149 tanti
1003 4086 1111 4149 virilu
1143 4090 1327 4149 commodum
1356 4091 1432 4152 artis
1465 4091 1604 4163 dixerim,

244 4178 356 4240 vitiosa
379 4186 436 4250 est,
462 4179 539 4257 quod
564 4180 608 4238 sic
632 4177 813 4237 demonstro.
861 4173 938 4237 Cum
961 4176 1139 4237 assumserit
1157 4176 1345 4239 lleinholdus
1369 4198 1407 4241 ex
1426 4179 1603 4242 Ptolemaeo

242 4268 335 4329 talem
362 4267 465 4327 Lunae
490 4267 528 4327 ad
553 4268 678 4328 Terram
701 4265 941 4344 elongationem,
967 4265 996 4325 in
1021 4282 1080 4343 qua
1101 4264 1207 4325 Lunae
1231 4284 1338 4345 corpus
1363 4268 1469 4330 eodem
1492 4271 1603 4349 angulo

242 4357 353 4418 visorio
377 4364 533 4435 spectetur
556 4375 613 4435 quo
633 4363 665 4415 ot
684 4352 756 4416 Sol:
783 4363 891 4433 tangat
915 4372 986 4431 ergo
1011 4362 1095 4414 recta
1114 4351 1169 4414 Cll
1194 4372 1301 4433 corpus
1320 4355 1424 4418 Lunae
1443 4357 1475 4418 iu
1499 4357 1603 4421 circuli

239 4445 466 4507 illuminationis
491 4443 544 4506 CB
568 4452 678 4522 puncto
699 4441 723 4505 C
747 4452 779 4503 et
802 4444 992 4504 continuetur
1011 4440 1068 4503 hu
1093 4442 1159 4502 axis
1183 4443 1422 4519 illuminationis,
1448 4447 1550 4527 quoad
1573 4447 1603 4508 iu

240 4534 269 4594 ll
286 4541 445 4596 concurrat
467 4551 534 4594 cum
550 4530 615 4594 Cll.
655 4529 736 4601 Quia
759 4550 830 4611 ergo
846 4530 903 4593 Cll
927 4530 1028 4610 tangit
1042 4531 1158 4592 Lunam
1178 4532 1208 4591 in
1227 4532 1337 4594 circulo
1362 4534 1601 4608 illuminationis,

239 4622 338 4701 tangit
362 4621 454 4683 etiam
478 4620 581 4683 Solem
605 4620 834 4692 illuminantem,
859 4620 944 4699 cujus
968 4628 1105 4681 centrum
1129 4619 1248 4699 fingitur
1271 4621 1300 4682 in
1324 4622 1382 4686 DA
1407 4643 1465 4685 axe
1488 4625 1602 4687 illumi·

239 4712 370 4773 natiouis
401 4711 552 4772 elevatum
575 4710 698 4782 (l'itell.
722 4710 767 4783 11,
793 4708 862 4782 27).
909 4708 952 4769 Et
975 4708 1046 4788 quia
1074 4709 1179 4770 eodem
1207 4709 1316 4788 angulo
1345 4721 1525 4790 spectantur
1549 4712 1602 4776 Sol

239 4806 272 4860 et
294 4799 401 4875 Luna,
435 4799 515 4861 linea
547 4817 619 4860 sero
643 4798 702 4859 AD
725 4816 778 4876 per
811 4806 916 4859 centra
940 4817 998 4858 una
1021 4805 1088 4871 est,
1122 4805 1153 4858 ct
1183 4797 1264 4859 linea
1287 4797 1343 4860 Cll
1376 4801 1415 4862 ad
1449 4802 1603 4880 margines

242 4888 393 4969 utriusque
418 4887 572 4949 luminaris
597 4906 665 4962 una,
689 4885 814 4964 proinde
838 4893 870 4945 et
889 4884 974 4947 CHD
998 4885 1126 4965 angulus
1150 4905 1225 4949 uuus
1249 4895 1282 4948 et
1304 4887 1394 4961 idem,
1418 4910 1492 4970 ergo
1517 4889 1603 4953 Cllll

244 4977 374 5055 angulus
395 4985 460 5051 est,
483 4996 541 5057 quo
574 4983 730 5055 spectatur
754 4973 908 5052 utriusqus
932 4975 1066 5053 corporis
1096 4974 1331 5039 semidiamstsr.
1377 4977 1424 5040 At
1447 4980 1603 5060 utriusqus
