3692 5842
366 467 427 536 108
447 543 453 555 .
573 487 575 492 ’
777 467 878 522 Literas
897 471 999 536 Kspleri
1018 471 1167 536 aliorumque
1186 477 1288 522 mutuas

363 648 401 708 ad
425 646 569 725 eclipsin:
595 646 660 724 jam
684 666 712 708 n.
738 645 790 707 illa
813 665 848 706 eo
873 647 920 708 die
951 648 1158 725 praeterierat.
1206 648 1318 725 Magno
1347 646 1540 708 redemissem
1570 647 1719 709 euitatum

363 735 434 797 illud
459 736 597 796 dedecus.
645 735 731 795 Nunc
756 735 794 794 ad
819 735 1011 815 quaestiones
1035 742 1103 796 tuas
1126 735 1268 797 breviter.

449 822 545 902 Super
578 824 805 883 difficultatibus
839 824 1092 885 restituendorum
1119 823 1295 885 Mercurii
1328 831 1461 884 motuum
1490 822 1598 884 horreo
1632 841 1719 884 saue.

362 911 441 972 h'am
460 912 542 972 nulla
562 919 649 971 extat
671 911 749 971 inter
763 911 951 991 Tychonicas
971 911 1141 973 observatio
1167 912 1358 991 longissimae
1383 911 1595 988 elongationis,
1619 929 1720 990 neque

362 1000 390 1059 in
415 1000 471 1060 hoc
495 999 615 1060 climate
645 1000 740 1060 videri
763 1018 799 1059 ea
825 999 911 1060 facile
940 1007 1052 1078 potest.
1099 1000 1149 1060 Ad
1172 1020 1234 1061 rem
1258 1008 1358 1061 tamen
1387 998 1494 1072 faciet,
1526 999 1602 1078 quod
1632 998 1721 1060 illum

362 1088 391 1147 in
416 1087 487 1148 Sole
510 1087 581 1148 ridi.
618 1088 724 1167 Neque
747 1087 835 1148 valde
859 1096 968 1161 metuo,
995 1095 1027 1148 ut
1050 1089 1118 1149 nori
1143 1089 1211 1167 quid
1234 1088 1354 1149 habeat.
1393 1086 1553 1166 Puto‘ejus
1577 1086 1721 1166 apsidum

363 1174 443 1235 linea
466 1194 503 1235 ex
527 1174 598 1236 Sole
622 1194 675 1254 per
704 1184 837 1236 centrum
862 1176 942 1236 orbis
974 1176 1082 1237 educta
1110 1197 1177 1237 esse
1202 1177 1229 1237 in
1255 1183 1292 1246 ,A
1341 1176 1422 1236 Ante
1454 1175 1620 1247 biennium,
1650 1193 1721 1236 cum

362 1263 459 1342 pestis
497 1271 630 1342 tempore
665 1262 821 1325 Coloniam
854 1264 1046 1325 Bohemicam
1079 1266 1118 1325 ad
1150 1265 1252 1326 Albim
1287 1264 1499 1336 secessissem,
1534 1263 1620 1343 coepi
1654 1263 1722 1342 ejus

363 1351 540 1433 hypothesin
563 1359 713 1412 attentare
741 1371 778 1411 ex
800 1353 953 1415 meteoris.
992 1352 1152 1414 Ludicrum
1177 1353 1388 1414 suavissimum
1408 1361 1440 1411 et
1458 1352 1722 1429 gloriosissimum,

366 1439 390 1499 si
425 1439 628 1517 pervicissem.
677 1439 737 1501 Sed
772 1440 895 1512 destiti,
928 1449 1054 1502 vocatus
1088 1463 1106 1501 a
1137 1440 1269 1502 Caesare
1302 1439 1511 1502 Brundusium.
1558 1440 1639 1501 Illud
1672 1458 1722 1500 rue

362 1536 464 1599 vexat,
488 1527 565 1606 quod
590 1548 617 1589 a.
635 1525 705 1589 Chr.
731 1525 805 1590 808.
835 1524 883 1590 16.
901 1526 966 1589 Cal.
987 1529 1061 1607 Apr.
1088 1529 1170 1590 visus
1194 1536 1241 1590 est
1265 1529 1294 1589 in
1318 1528 1399 1601 Sole,
1425 1528 1574 1608 etiamque
1598 1548 1628 1588 a.
1645 1525 1722 1590 Chr.

366 1611 457 1678 ¹607.
505 1613 580 1692 Maji
609 1612 656 1677 18.
682 1613 776 1686 (28),
801 1617 847 1677 vel
873 1614 903 1678 5.
930 1615 1015 1688 (15.)
1040 1615 1106 1679 Cal.
1131 1617 1224 1677 Junii.
1267 1615 1421 1678 Processit
1445 1616 1537 1694 igitur
1560 1616 1659 1676 nodus
1682 1635 1723 1676 ex

365 1701 401 1763 1ο
423 1702 459 1779 Υ
481 1703 510 1763 in
535 1699 635 1775 6⁰11,
661 1722 715 1781 per
738 1699 799 1765 65⁰
829 1705 914 1764 annis
939 1702 1014 1766 800.
1060 1706 1160 1766 Tanta
1183 1723 1240 1764 uon
1270 1713 1318 1765 est
1347 1705 1519 1782 praecessio
1551 1703 1722 1784 aequiuoc-

361 1792 481 1853 tiorum.
529 1790 592 1853 Sub
616 1792 682 1852 fixis
707 1792 798 1870 igitur
821 1793 849 1853 in
874 1794 1088 1874 consequentia
1111 1803 1247 1853 movetur
1270 1793 1393 1870 nodus..
1423 1792 1456 1852 ln
1480 1793 1568 1853 Luna
1589 1810 1665 1852 vero
1689 1790 1721 1852 iu

364 1879 585 1942 antecedentia.
633 1880 698 1940 Hoc
731 1899 819 1941 unum
853 1881 921 1940 novi
955 1882 1022 1960 quid
1056 1882 1146 1961 sapit.
1195 1879 1307 1942 Cetera
1339 1887 1485 1953 inonstra,
1519 1899 1596 1960 quae,
1620 1880 1660 1940 de
1684 1898 1723 1940 eo

362 1968 555 2029 Ptolemaeus
580 1974 611 2029 et
634 1965 820 2046 Copernicus
853 1970 1025 2047 prodidere,
1061 1970 1147 2029 facile
1176 1970 1259 2030 solvo
1291 1988 1344 2047 per
1377 1977 1555 2047 aequantem
1579 1967 1665 2030 Solis
1689 1977 1724 2028 et

363 2074 416 2135 per
439 2074 577 2135 magnam
602 2056 727 2136 epicycli
753 2056 817 2135 (qui
842 2057 912 2117 mihi
937 2057 1017 2118 orbis
1041 2060 1103 2126 est)
1128 2057 1393 2118 eccentricitatem.

449 2143 600 2222 Interjicis
624 2144 661 2204 de
685 2145 854 2206 observatis
878 2165 896 2205 a
919 2145 1060 2226 Tychone
1085 2145 1238 2206 distantiis
1263 2144 1343 2206 Solis
1368 2152 1399 2204 et
1423 2143 1563 2216 Veneris,
1589 2161 1629 2203 an
1654 2148 1722 2205 tute

364 2232 495 2293 medium
519 2239 719 2293 extremomm
744 2232 820 2293 sumi
843 2233 950 2312 possit,
976 2242 1010 2295 ut
1032 2234 1135 2315 Tycha
1160 2233 1240 2294 lecit.
1278 2235 1391 2294 Fateor
1414 2232 1479 2306 tibi,
1495 2230 1626 2304 Fabrici,
1652 2250 1722 2293 curu

361 2320 561 2383 retractiones
585 2338 642 2380 nou
667 2320 826 2382 videantur
849 2329 1024 2382 constantes
1048 2332 1079 2382 et
1102 2323 1207 2383 Venus
1231 2340 1288 2383 non
1315 2329 1415 2383 sumta
1438 2320 1479 2380 sit
1501 2329 1629 2398 utraque
1654 2320 1723 2381 rice

360 2408 391 2470 in
415 2410 520 2470 eadem
544 2409 703 2469 altitudine
728 2408 863 2488 epicycli,
889 2428 946 2470 non
970 2410 1041 2470 mihi
1065 2410 1241 2471 satisfacere
1269 2409 1455 2491 Tychonem‚
1490 2426 1526 2468 ne
1550 2405 1627 2468 totis
1651 2407 1722 2487 qui-

361 2498 428 2558 dem
456 2493 494 2558 15
519 2496 634 2577 copulis
657 2496 731 2559 suis.
766 2498 943 2578 (Progymn.
969 2498 1000 2558 P.
1016 2499 1041 2570 I,
1069 2495 1267 2566 157-193.)
1301 2499 1407 2576 Itaque
1431 2496 1503 2557 mihi
1527 2495 1636 2574 religio
1661 2514 1722 2556 non

361 2593 417 2660 est,
443 2585 472 2646 in
496 2584 707 2665 praecessione
732 2585 986 2666 aequinoctiorum
1007 2586 1150 2666 amplecti
1171 2586 1436 2664 Landgravianam
1460 2584 1722 2646 constitutionem.

450 2674 496 2735 De
520 2674 704 2736 Mercurio
728 2676 758 2735 iu
782 2674 865 2735 disco
889 2672 971 2736 Solis
995 2683 1026 2735 tu
1056 2675 1175 2754 quidem
1199 2675 1293 2753 rumpi
1318 2683 1407 2754 potes
1439 2672 1581 2744 ridendo,
1615 2671 1723 2734 oculos

361 2761 433 2823 mihi
457 2762 518 2823 risu
542 2771 594 2823 tuo
618 2780 676 2823 non
700 2760 809 2842 eripies
833 2782 928 2842 neque
953 2763 1125 2824 memoriam
1149 2781 1260 2836 eorum,
1286 2781 1362 2842 quae
1385 2760 1457 2821 vidi.
1505 2760 1659 2822 Libellum
1682 2779 1724 2822 es

361 2850 398 2911 de
419 2869 450 2911 re
474 2849 580 2929 scripsi
601 2857 671 2911 aute
695 2859 852 2919 semestre,
877 2851 979 2912 nescio
1000 2852 1049 2930 qui
1069 2853 1131 2925 fiat,
1158 2852 1235 2930 quod
1251 2851 1374 2930 Lipsiae
1394 2850 1420 2912 is
1440 2868 1497 2909 non
1519 2847 1721 2928 imprimatur.

450 2938 567 2999 Auctor
592 2945 730 3008 (Fabricius
749 2949 802 3012 plus
821 2963 895 3014 quam
915 2949 997 2998 decies
1016 2949 1106 3011 repetit
1132 2948 1319 3011 quaestionem:
1338 2955 1425 2996 auctor
1443 2947 1510 2995 sitae
1530 2944 1613 2995 Caroli
1631 2941 1724 3009 quisi)

361 3033 412 3086 est
433 3025 599 3099 ἀνωνυμος,
632 3027 805 3106 perhibetur
829 3030 921 3090 fuisse
961 3029 1124 3088 monachus
1167 3027 1301 3088 coenobii
1334 3026 1585 3104 Engolismensis.
1634 3024 1723 3086 Reu-

360 3112 462 3174 berius
493 3117 566 3180 (Call.
587 3131 634 3171 ret
654 3126 807 3187 scriptorum.
827 3127 867 3189 qui
888 3125 1023 3174 Caesarum
1048 3131 1073 3173 et
1091 3124 1271 3186 Imperatomm
1294 3122 1365 3172 Rom.
1385 3137 1424 3170 res
1442 3130 1527 3186 gestas
1551 3122 1630 3172 literis
1648 3135 1721 3170 asan·

313 3243 318 3255 .
361 3206 464 3268 essunt)
496 3210 585 3279 putat
609 3203 699 3263 fuisse
724 3203 881 3266 diaconum
898 3204 1084 3276 Britannum,
1107 3202 1268 3265 CaroliM.
1293 3211 1530 3282 praeceptorem.
1569 3203 1722 3264 Freberns

361 3287 523 3367 (Scriptor.
548 3289 658 3351 Iterum
678 3293 785 3352 Franc.
803 3294 840 3364 ll,
863 3288 943 3364 381)
967 3292 1060 3352 tradit
1084 3291 1175 3351 fuisse
1199 3291 1358 3352 aldelmum
1380 3292 1596 3363 (aldemarum)
1616 3291 1721 3352 Bene-

362 3377 514 3440 dictinum.
562 3377 669 3440 Editus
694 3387 741 3440 est
764 3380 890 3442 Parisiis
920 3380 948 3441 in
973 3378 1011 3441 8⁰
1042 3399 1107 3440 cum
1142 3379 1337 3457 scriptoribus
1361 3379 1516 3440 Historiae
1539 3380 1720 3440 Francicae.

360 3464 498 3527 Ilubetur
522 3474 552 3525 et
577 3466 605 3527 iu
636 3468 725 3529 tomis
756 3469 934 3548 scriptorum
960 3467 1205 3529 Germanicorum
1230 3467 1375 3539 Reuberi,
1402 3467 1545 3529 Frankol.
1577 3467 1606 3528 in
1638 3468 1720 3530 lolio.

451 3554 702 3632 Prognostica
739 3557 838 3617 desii
885 3556 1052 3617 scribere
1095 3564 1192 3627 (eomp.
1213 3564 1268 3612 Vol.
1288 3563 1307 3620 1,
1328 3578 1351 3626 p.
1373 3561 1456 3626 646);
1492 3573 1545 3633 pro
1580 3567 1632 3616 tuo
1664 3575 1721 3634 aga

361 3642 487 3720 gratias.
536 3647 580 3703 at
603 3644 744 3705 Mercurii
769 3644 1030 3705 observationibus
1055 3662 1126 3720 rogo
1151 3643 1299 3722 adjungas
1321 3643 1443 3704 Saturni
1468 3652 1500 3704 et
1516 3643 1606 3704 Joris
1630 3661 1720 3705 acro·

362 3730 496 3811 nychias.
531 3731 707 3794 Promisisti.
745 3732 874 3793 Praesta
899 3750 1010 3811 quaeso
1030 3740 1062 3792 et
1085 3740 1167 3792 tuere
1193 3732 1458 3792 auctoritatem
1482 3731 1720 3793 observatio·

364 3837 444 3877 num
469 3820 708 3893 coelestium,
734 3840 823 3899 quae
847 3829 931 3898 post
954 3819 1132 3879 Brnheurn
1157 3839 1266 3896 penes
1290 3829 1324 3879 te
1349 3828 1414 3880 est.

452 3905 573 3966 Literas
597 3914 652 3975 (28.
673 3915 745 3974 Feb.)
770 3916 840 3969 ante
865 3907 985 3968 Pascha
1017 3907 1119 3984 accepi
1144 3908 1222 3966 inter
1251 3908 1364 3967 nredias
1397 3907 1612 3987 occupationes
1641 3927 1721 3986 nup·

361 3991 461 4052 tiales.
520 3994 691 4066 Privignum
726 3995 839 4055 elocari
874 3996 1013 4072 Philippo
1046 3995 1161 4066 Ehem,
1198 3995 1368 4056 cancellarii
1403 3996 1552 4073 quondam
1586 3995 1719 4056 Palatini

362 4097 392 4158 p.
417 4099 455 4140 ru.
481 4081 549 4153 tilio,
576 4101 661 4160 quem
685 4092 756 4161 opto
780 4083 947 4161 promoveri
972 4084 1010 4142 ad
1031 4080 1159 4143 Comitis
1184 4082 1225 4141 tui
1252 4083 1358 4143 illustr.
1384 4082 1507 4159 negotia
1530 4103 1719 4163 annuumque

363 4167 515 4228 salarium.
543 4170 665 4231 Utinam
680 4172 825 4232 Francius
836 4172 900 4248 jurn
916 4190 1008 4249 penes
1022 4188 1077 4230 ros
1097 4179 1180 4229 esset
1201 4171 1409 4249 negotiumque
1430 4173 1518 4232 daret
1532 4172 1717 4248 expeditum.

451 4272 490 4323 De
517 4281 588 4337 patre
607 4275 684 4324 Ehem
713 4274 773 4322 dicit
794 4274 908 4324 Malch.
929 4275 1026 4322 Adam
1048 4276 1072 4321 in
1101 4276 1155 4322 sitis
1174 4275 1336 4328 eruditorum.
1366 4276 1397 4325 ds
1416 4276 1464 4324 filio
1484 4276 1517 4325 nil
1537 4279 1719 4332 caussantes

361 4344 448 4462 ptisiqqe
467 4358 529 4462 Ξιὲῐιιι
542 4345 797 4461 pqqpls7desbousm
819 4347 859 4400 ..in
879 4346 1081 4393 wittenbach&
1120 4344 1243 4394 Mortuaar
1267 4361 1365 4396 uxorem
1389 4349 1493 4396 nunciat
1512 4347 1591 4396 Ehem
1609 4347 1719 4412 heptas

418 4503 429 4512 ·
451 4430 670 4533 Fallricius'ad
689 4487 836 4548 praemissas
857 4486 956 4548 Keplari
983 4485 1067 4534 literas
1091 4486 1215 4546 respoudit
1240 4485 1264 4533 d.
1288 4485 1327 4534 12.
1348 4483 1415 4546 (22.)
1436 4487 1519 4536 Martii
1541 4485 1626 4538 1809:
1646 4487 1673 4538 S.
1692 4490 1718 4538 ia

365 4551 470 4602 Christo.
509 4554 536 4602 ln
557 4556 640 4604 annali
661 4558 710 4604 otio
729 4564 772 4603 tua
791 4569 865 4617 sseps
887 4559 989 4605 miratus
1008 4571 1062 4604 suns
1085 4557 1257 4618 sesquiannale
1276 4565 1344 4605 tunm
1368 4559 1500 4607 silentium.
1537 4559 1674 4622 (Keplerns
1691 4560 1717 4608 irs

361 4627 489 4688 margins:
516 4626 664 4722 respondeat
683 4627 716 4676 sd
740 4627 812 4674 datas
834 4625 873 4674 ¹0.
896 4627 956 4674 h'ur.
979 4625 1067 4684 1608.)
1106 4630 1217 4675 Accusas
1236 4628 1368 4676 Saturnum
1388 4631 1413 4677 in
1432 4631 1500 4679 coelo
1519 4639 1546 4678 et
1563 4629 1674 4680 Msrtara
1691 4631 1717 4678 ia

362 4694 422 4742 ⁸010·
451 4695 654 4832 SRtseluimhrgagredi
675 4769 838 4822 Mercurium,
866 4767 931 4814 sicut
955 4774 982 4813 tn
1006 4767 1071 4814 inter
1098 4769 1233 4830 superiores
1252 4767 1359 4817 Martem
1385 4769 1522 4817 debellasti.
1560 4767 1639 4832 Spera
1657 4769 1716 4820 mihi

362 4841 460 4884 tastum
478 4838 591 4886 lcnunae
611 4840 744 4888 affuturum
763 4847 881 4902 quantam
901 4837 974 4883 animi
993 4837 1040 4884 hac
1059 4839 1083 4885 in
1103 4853 1129 4886 re
1148 4839 1186 4885 sit.

452 4905 490 4956 De
509 4907 630 4957 Mercurio
649 4912 673 4958 in
693 4911 761 4957 disco
780 4908 843 4956 Solis
862 4908 989 4954 observato
1008 4907 1052 4955 abs
1076 4917 1101 4956 ts
1117 4912 1170 4968 jain
1194 4917 1271 4957 antes
1289 4911 1392 4972 scripsi:
1418 4917 1549 4973 postquam
1567 4923 1627 4959 rasa
1644 4919 1715 4960 tasin

362 4981 497 5026 sumtum
515 4978 657 5042 diligentius
676 4980 774 5028 contero
793 4993 849 5027 cum
867 4978 928 5026 areis
946 4978 1171 5036 obsenationibus,
1191 4980 1271 5032 sides.
1288 4981 1386 5029 raritati
1405 4994 1454 5029 non
1473 4993 1615 5045 repugnare
1633 4981 1715 5032 locu
