3692 5842
1493 454 1658 522 capu,
1688 457 1777 508 XI.
2867 456 2992 526 341

274 637 569 719 regulam,
613 654 693 699 ne
740 652 876 698 sese
924 632 1213 696 deserant
1257 632 1403 697 Sole
1450 633 1735 710 cadente3
1783 635 2148 717 fissurasque
2196 635 2507 716 utrobique
2557 635 2768 698 eodem
2813 644 2995 718 apta-

276 736 415 804 tas,
463 725 784 807 ipsumque
831 722 1189 804 quadratum
1235 722 1517 798 sublime,
1566 743 1641 785 ne
1689 724 1900 803 regula
1945 725 2238 804 depressa
2280 724 2626 805 pavimento
2675 731 2990 788 occurrat:

278 826 339 879 et
381 815 444 879 in
491 814 675 896 plano
720 810 1091 880 horizontis,
1141 811 1299 893 quod
1345 812 1702 874 columellae
1750 832 2081 892 appensum
2129 813 2621 893 perpendiculum
2668 814 2849 876 facile
2893 813 2994 876 in·-

278 903 526 967 dicabit.
617 901 833 984 Neque
879 918 1027 963 eane
1074 900 1435 963 universalis
1484 920 1622 962 esse
1673 910 1880 981 potest
1923 904 2074 964 haec
2122 902 2334 974 forma,
2381 902 2496 965 nisi
2545 908 2652 964 aut
2694 921 2772 965 ex
2818 910 2995 965 tran-

276 1004 401 1057 stro
448 1001 519 1055 et
562 989 885 1055 columella
919 990 1026 1051 fiat
1065 989 1424 1070 quadratum
1470 990 1920 1070 geometricum,
1967 999 2077 1053 aut
2120 991 2357 1053 omnino
2398 992 2700 1073 quadrans
2737 991 2993 1054 adhibe-

278 1091 435 1146 atur.
527 1079 684 1144 Mihi
731 1087 933 1142 tamen
982 1078 1061 1141 ad
1107 1078 1311 1141 subita
1358 1079 1481 1142 ista
1527 1086 1833 1141 structura
1881 1080 2139 1142 suffecit.

450 1170 595 1233 Jam
642 1168 721 1231 ad
766 1167 1063 1249 regulam,
1129 1167 1300 1247 cujus
1361 1176 1457 1230 est
1517 1168 1878 1249 praecipuus
1934 1170 2046 1231 hoc
2111 1170 2244 1232 loco
2290 1188 2456 1231 usus.
2552 1171 2617 1231 In
2668 1188 2742 1230 ea
2785 1168 2993 1250 itaque

280 1260 494 1324 metire
541 1266 771 1321 certum
815 1257 1079 1337 spatium
1141 1256 1537 1336 longitudinis
1584 1277 1624 1317 a
1668 1257 1799 1318 loco
1857 1256 2291 1320 infibulationis
2346 1258 2656 1333 deorsum,
2720 1275 2794 1318 ne
2852 1257 2990 1337 plus

279 1368 455 1430 quam
514 1355 613 1411 est.
675 1345 933 1409 altitudo
1000 1345 1384 1407 columellae:
1452 1344 1653 1426 ibique
1720 1365 1932 1408 crenas
1992 1347 2182 1410 facias
2229 1346 2290 1408 in
2339 1353 2589 1427 utraque
2653 1344 2991 1408 latitudinis

276 1436 532 1519 planitie
575 1434 1104 1517 perpendiculares
1152 1434 1545 1515 longitudini:
1596 1434 1653 1495 in
1685 1436 1887 1515 capite
1918 1437 2185 1516 regulae,
2232 1435 2389 1517 quod
2418 1436 2536 1498 erit
2573 1453 2774 1516 supra,
2823 1442 2994 1497 trans

277 1546 493 1603 axem,
540 1523 913 1597 consimiles3
973 1521 1213 1586 circiter
1266 1519 1347 1585 12
1391 1524 1579 1605 pedes
1627 1542 1879 1603 superas
1944 1526 2022 1587 ab
2076 1525 2285 1587 inferis
2343 1524 2664 1587 distantes.
2758 1523 2992 1586 Deinde

277 1618 452 1679 binas
500 1613 765 1678 tabellas
813 1631 1126 1692 compares
1193 1612 1513 1675 latitudine
1559 1612 1745 1694 palmi
1791 1621 1899 1676 aut
1942 1615 2124 1695 paulo
2169 1614 2334 1694 pluS,
2385 1613 2791 1696 longitudine,
2841 1632 2992 1696 quae

278 1725 351 1767 ex
397 1703 723 1767 latitudine
771 1708 836 1763 et
872 1721 980 1763 sua
1018 1708 1082 1763 et
1121 1701 1367 1782 regulae
1407 1709 1816 1782 componatur,
1868 1703 2163 1779 crassitie,
2211 1722 2364 1783 quae
2410 1704 2470 1765 in
2508 1704 2754 1782 regulae
2783 1721 2997 1765 crena-s

280 1803 425 1874 apta
473 1793 557 1854 sit
606 1799 878 1853 exemtas
927 1791 984 1852 in
1032 1788 1229 1852 medio
1279 1790 1615 1852 latitudinis
1663 1809 1738 1853 ex
1785 1792 1981 1853 altera
2021 1792 2410 1871 longitudinis
2455 1800 2649 1872 parte,
2700 1799 2768 1853 ut
2812 1791 2995 1853 fissu-

276 1902 473 1946 rarum
520 1880 780 1943 altitudo
831 1879 1211 1942 latitudinem
1259 1888 1479 1961 aequet
1525 1880 1806 1959 regulae,
1861 1881 2083 1942 laxitas
2129 1881 2373 1960 regulae
2423 1881 2792 1954 crassitiem,
2840 1897 2994 1960 quae

279 1981 372 2034 est
414 1977 564 2051 post
608 1988 822 2032 crenas
870 1969 1102 2044 factas,
1163 1968 1404 2030 residua
1461 1968 1832 2030 admordeat.
1924 1970 2138 2050 Itaque
2187 1969 2452 2031 tabellae
2504 1970 2564 2032 in
2613 1988 2827 2031 crenas
2873 1968 2994 2031 im-

276 2060 499 2124 missae
546 2066 612 2120 et
663 2058 995 2138 parallelae
1046 2065 1224 2121 erunt
1270 2067 1333 2120 et
1377 2057 1907 2138 perpendiculares
1955 2058 2199 2138 regulae
2258 2058 2318 2119 in
2377 2057 2618 2137 longum
2674 2067 2738 2119 et
2782 2059 2992 2120 latum.

276 2152 553 2213 Ducatur
599 2148 659 2209 in
707 2155 957 2228 utraque
1004 2147 1234 2209 tabella
1279 2145 1441 2208 linea
1485 2166 1594 2226 per
1642 2146 2093 2226 longitudinem,
2143 2140 2512 2226 consurgens
2557 2168 2596 2209 a
2640 2147 2835 2209 medio
2881 2146 2991 2208 fis-

276 2259 452 2303 surae
503 2247 567 2299 et
614 2235 917 2299 crassitiei
962 2236 1239 2316 regulae,
1289 2236 1458 2317 eique
1510 2236 1776 2297 bisectae
1823 2236 1886 2297 in
1932 2244 2154 2317 puncto
2203 2237 2491 2299 sectionis
2551 2235 2674 2297 alia
2729 2236 2997 2315 erigatur

275 2330 351 2391 ad
414 2325 906 2407 perpendiculum
985 2343 1093 2405 per
1174 2332 1368 2387 totam
1447 2324 1828 2386 latitudinem
1890 2324 2154 2387 tabellae
2202 2325 2404 2389 ducta.
2495 2326 2649 2387 Post
2692 2324 2750 2386 in
2800 2325 2999 2387 altera

275 2417 527 2489 tabella,
578 2433 731 2496 qnae
780 2414 1053 2493 superior
1099 2413 1318 2489 futura,
1367 2422 1575 2492 partes
1623 2413 1874 2488 mediaS,
1925 2414 1985 2476 in
2034 2415 2244 2494 quibus
2287 2422 2420 2477 erat
2454 2423 2755 2477 rectarum
2783 2413 2995 2489 sectio,‘

274 2508 549 2569 fenestra
595 2504 1013 2583 quadrangula
1058 2504 1308 2565 duorum
1360 2502 1681 2581 digitorum
1732 2502 2050 2565 latitudine
2099 2504 2350 2579 eximaS,
2413 2511 2700 2567 maneant
2744 2522 2887 2566 vero
2934 2502 2994 2565 in

272 2593 545 2674 margine
595 2593 903 2655 fenestrae
950 2591 1194 2653 residua
1239 2600 1557 2654 rectarum.
1628 2592 1693 2652 In
1746 2592 1967 2653 lamina
2013 2611 2156 2654 vero
2206 2612 2395 2654 aenea
2441 2592 2797 2655 tenuissima
2841 2594 2993 2655 bene

272 2684 664 2764 complanata
726 2700 838 2743 nec
895 2680 1233 2742 contumaci
1289 2681 1466 2742 binae
1516 2681 1708 2741 lineae
1756 2700 1894 2742 sese
1943 2689 2154 2743 secent
2199 2683 2275 2743 ad
2324 2689 2552 2744 rectos:
2620 2689 2685 2744 et
2728 2681 2995 2744 sectione

270 2780 481 2837 centro
538 2770 821 2834 circellus
867 2770 976 2831 fiat
1018 2769 1135 2849 pisi
1181 2769 1613 2850 magnitudine,
1663 2779 1731 2831 ut
1776 2770 1967 2833 minor
2004 2771 2085 2832 sit
2121 2772 2271 2833 haec
2303 2772 2594 2833 diameter
2640 2771 2717 2833 ad
2756 2771 2995 2833 distan-

268 2865 416 2926 tiam
468 2860 851 2934 tabellarum,
910 2878 1086 2940 quam
1133 2859 1411 2921 diametri
1459 2857 1832 2920 luminarium
1881 2860 1957 2921 ad
2006 2880 2149 2922 suas
2197 2859 2521 2923 distantias
2568 2858 2752 2940 (Cap.
2785 2861 2867 2934 11,
2899 2855 2992 2935 6),

270 2950 808 3032 pertundaturqne,
856 2957 924 3010 ut
970 2948 1240 3010 foramen
1292 2956 1573 3009 accurate
1621 2948 1910 3010 circulare
1959 2947 2041 3010 sit
2087 2949 2358 3030 interque
2407 2950 2765 3012 decussatae
2803 2950 2997 3012 lineas

274 3040 571 3115 medium,
635 3038 894 3100 latitudo
943 3037 1200 3099 laminae
1247 3037 1426 3118 paulo
1474 3036 1663 3116 major
1728 3038 2070 3101 fenestella.
2163 3039 2333 3101 Haec
2394 3040 2677 3119 affigatur
2730 3038 2996 3105 tabellae

276 3130 643 3211 perforatae,
694 3134 763 3189 ut
808 3127 999 3189 lineae
1045 3127 1107 3189 in
1155 3127 1346 3188 lineas
1395 3125 1692 3205 quadrent
1739 3136 1802 3189 et
1850 3128 2115 3189 foramen
2162 3127 2223 3191 in
2269 3128 2598 3192 meditullio
2638 3128 2994 3191 fenestellae

280 3217 706 3283 constituatur.
800 3217 873 3278 In
919 3216 1117 3277 altera
1162 3203 1420 3288 tabella,
1471 3233 1622 3294 quae
1672 3216 1874 3278 futura
1921 3224 2016 3278 est
2060 3216 2304 3280 inferior
2353 3225 2415 3279 et
2459 3217 2711 3299 planitie
2758 3237 2994 3281 sursum

284 3326 486 3383 versa,
538 3326 615 3368 ex
663 3313 873 3369 centro
920 3306 1186 3368 sectione
1234 3305 1525 3367 linearum
1574 3305 1845 3366 describe
1879 3303 2180 3383 circulum,
2232 3314 2519 3387 quantum
2567 3307 2686 3370 fert
2732 3307 2989 3371 latitudo

1502 3499 1611 3565 Fig.
1655 3494 1772 3546 106.
