3692 5842
744 492 826 558 omae
844 492 888 543 Vl·
908 491 933 543 ²·
1071 479 1074 483 ’
1452 491 1518 561 273

157 683 234 728 veru
255 671 434 737 verteretur,
458 667 670 730 menstruatim
694 670 733 730 ad
756 668 858 732 Solem
883 689 1010 732 assans:
1041 690 1076 731 eo
1101 671 1163 731 iere
1187 669 1290 747 modo,
1316 689 1373 753 quo
1398 670 1517 753 Goper-

157 755 244 817 uicus
266 757 392 818 Terram
416 755 455 816 ad
479 754 591 830 Solem,
617 776 670 819 eeu
695 759 733 819 ad
749 760 865 839 ignem,
891 759 996 821 dictim
1020 760 1154 822 converti
1178 767 1210 821 et
1233 760 1331 823 assari
1355 760 1440 824 dixit.

247 844 334 906 Haec
358 844 395 907 de
417 843 635 907 illuminatione
658 847 762 909 Lunae
787 848 957 917 sententia,
984 849 1027 909 uti
1051 857 1135 909 certa
1159 856 1208 909 est
1231 857 1375 931 extraque
1400 867 1518 913 omnem

155 932 356 995 dubitationis
370 934 477 1006 aleam,
501 934 546 995 ita
560 954 617 996 non
634 935 802 1011 defuerunt,
829 936 877 1017 qoi
894 937 1003 1016 opticis
1020 938 1185 999 rationibus
1202 938 1437 1018 impugnandam
1457 938 1515 1001 sibi

156 1029 322 1084 sumerent.
358 1019 492 1093 Quorum
516 1024 669 1086 sententia
691 1025 779 1103 plene
803 1026 959 1104 disputata
983 1035 1030 1087 est
1059 1026 1138 1105 apud
1161 1026 1353 1088 Plutarchum
1378 1029 1415 1088 de
1439 1027 1517 1089 facie

156 1112 274 1187 Lunae,
299 1119 332 1173 et
353 1112 485 1191 repetita
500 1133 518 1173 a
533 1111 694 1174 Cleomede
710 1114 761 1175 lib.
778 1115 819 1175 11.
840 1115 992 1194 (quamvis
1007 1115 1145 1193 Scaliger
1164 1114 1240 1176 banc
1256 1117 1381 1177 eandem
1395 1116 1517 1177 instan-

156 1199 232 1262 tiam
249 1199 347 1262 Arabi
362 1200 493 1277 cuidam,¹
509 1201 570 1262 lilio
585 1204 710 1263 Amram
727 1204 865 1274 tribuat).
891 1202 924 1264 Si
941 1202 1007 1277 Sol,
1033 1204 1177 1285 inquiunt,
1193 1203 1296 1265 Lunae
1321 1223 1406 1267 suam
1430 1224 1515 1267 com-

156 1288 291 1351 manicat
304 1289 410 1364 lucem,
440 1288 471 1350 id
494 1309 549 1369 per
570 1309 777 1370 repercussum
802 1293 842 1353 ad
865 1311 918 1353 nos
939 1292 1131 1367 derivabitur,
1156 1300 1190 1354 ut
1214 1311 1271 1353 non
1287 1293 1391 1355 Lunae
1416 1295 1514 1356 lumen

156 1397 325 1453 cernamus,
350 1378 406 1440 sed
428 1376 457 1439 in
472 1379 589 1440 Lunam
614 1379 735 1442 directis
760 1381 853 1442 oculis
870 1379 951 1442 Solis
975 1381 1069 1460 ipsius
1093 1382 1194 1441 radios
1214 1382 1407 1461 excipiamus.
1446 1380 1514 1453 Quo

156 1484 303 1530 concesso
327 1474 482 1548 sequetur,
512 1468 630 1530 Lunam
653 1488 719 1530 ease
744 1470 896 1549 speculum
920 1488 1094 1532 convexum.
1144 1468 1244 1539 Quare
1269 1471 1298 1530 in
1322 1471 1409 1532 Luna
1433 1470 1513 1533 Solis

157 1557 319 1637 imaginem
337 1574 502 1618 cernemus.
526 1556 691 1619 Praeterea
714 1577 771 1619 non
796 1558 853 1619 erit
871 1559 1024 1638 possibile,
1049 1567 1084 1619 ut
1106 1559 1153 1618 vel
1176 1559 1206 1620 in
1231 1568 1296 1620 toto
1318 1560 1366 1621 vel
1387 1560 1418 1621 in
1434 1559 1513 1621 divi-

157 1646 240 1727 duae⁴
250 1646 356 1706 Lunae
379 1644 535 1706 dimidiato
559 1665 682 1726 corpore
698 1646 779 1709 Solis
803 1648 904 1709 radios
928 1648 1121 1709 circumcirca
1144 1667 1309 1710 cernamus.
1344 1649 1411 1710 Lex
1434 1648 1513 1710 enim

155 1752 351 1817 repercussus
375 1734 450 1795 haec
473 1741 530 1810 est,
555 1744 589 1797 ut
612 1736 649 1797 ab
672 1737 724 1798 illo
747 1736 833 1797 unico
856 1745 968 1816 puncto
993 1737 1125 1816 corporis
1149 1738 1211 1809 fiat,
1237 1737 1286 1798 ubi
1302 1737 1412 1818 auguli,
1438 1757 1512 1817 quos

156 1823 233 1886 radii
259 1831 292 1887 et
313 1824 440 1905 illapsus
464 1832 495 1885 et
516 1843 710 1903 repercussus
734 1843 800 1887 cum
824 1828 955 1906 sphaera
979 1825 1102 1898 iaciunt,
1125 1835 1253 1905 possunt
1277 1845 1343 1886 esse
1359 1827 1512 1908 aequales.

157 1913 234 1978 (ium
257 1915 360 1995 itaque
383 1932 479 1993 neque
504 1911 585 1975 Solis
608 1914 767 1994 imaginem
790 1915 819 1976 in
845 1916 932 1976 Luna
955 1934 1125 1987 cernamus,
1154 1934 1249 1995 neque
1273 1914 1325 1975 illa
1349 1934 1406 1977 unu
1430 1924 1513 1977 certo

155 2007 233 2073 loco,
257 2004 288 2065 in
312 2021 370 2084 quo
388 2010 492 2083 potest
515 2021 583 2064 esse
603 2005 778 2083 angulorum
794 2004 971 2084 aequalitas,
995 2003 1171 2076 illustretur,
1197 2004 1250 2064 sed
1274 2004 1423 2066 interdum
1446 2011 1512 2065 toto

156 2110 303 2174 corpore,
326 2092 475 2154 interdum
508 2091 682 2163 dimidiata,
711 2092 861 2154 interdum
894 2099 925 2153 et
958 2093 985 2153 in
1016 2092 1159 2153 extremis
1193 2092 1375 2172 marginibus
1400 2093 1516 2154 falcata

156 2190 324 2265 appareat,
358 2182 443 2262 sequi
467 2180 662 2256 existimant,
687 2189 721 2243 ut
744 2182 830 2243 Luna
854 2200 910 2241 oon
936 2181 1036 2241 luceat
1058 2180 1151 2242 radiis
1176 2202 1195 2241 a
1219 2180 1289 2242 Sole
1314 2182 1513 2244 venientibus.

247 2269 367 2333 Poterit
389 2271 464 2332 haec
487 2269 633 2331 instantia
657 2271 809 2350 negotium
832 2270 875 2330 illi
892 2270 1053 2343 facessere,
1078 2269 1127 2349 qui
1151 2288 1268 2331 ornnem
1283 2270 1402 2332 omniuo
1417 2272 1514 2332 lucem

157 2360 372 2434 indirectam,
405 2377 615 2440 repercussam
648 2369 678 2420 et
710 2359 873 2420 retractam
898 2358 1065 2431 distribuit,
1102 2367 1238 2438 quartam
1274 2379 1332 2421 non
1367 2359 1514 2439 agnoscit.

158 2454 232 2517 lude
247 2459 305 2526 est,
330 2449 409 2531 quod
424 2446 602 2511 Cleomedes
626 2455 769 2529 tauquam
793 2448 822 2508 in
847 2447 1004 2527 angustias
1028 2448 1167 2508 redactus
1182 2449 1334 2510 concludit
1347 2451 1515 2529 perperam,

157 2543 271 2606 habere
294 2539 413 2602 Lunam
437 2537 528 2600 etiam
551 2538 702 2618 proprium
727 2537 836 2610 lumen,
861 2537 938 2617 quod
964 2536 1112 2597 excitetur
1136 2535 1282 2611 aSolari,
1308 2557 1366 2619 qua
1390 2556 1426 2600 eo
1441 2555 1515 2600 con·-

157 2632 296 2713 tingitur.
348 2628 529 2691 Plutarchus
559 2645 630 2687 vero
665 2626 725 2687 alia
754 2625 912 2705 illegitima
945 2625 1063 2706 quaerit
1090 2626 1208 2700 effugia.
1258 2628 1304 2688 At
1336 2644 1391 2707 ego
1427 2645 1519 2706 supra

156 2721 327 2785 rationibus
351 2716 542 2780 evidentibus
565 2734 631 2795 cap.
648 2716 672 2777 I.
696 2735 741 2795 pr.
756 2712 808 2778 22.
835 2723 974 2796 quartam
992 2714 1066 2776 lucis
1082 2714 1222 2793 speciem,
1248 2724 1345 2776 ortam
1369 2738 1388 2777 a
1410 2734 1513 2795 reper-

157 2831 250 2874 cussa
272 2817 304 2871 et
326 2809 468 2880 retracta,
493 2804 654 2878 introduxi,
681 2806 727 2864 cui
752 2823 858 2865 nomen
883 2803 1121 2865 communicatae
1146 2804 1221 2865 lucis
1246 2804 1380 2866 attribui.

249 2897 352 2972 Quare
376 2897 435 2959 etsi
458 2894 504 2956 his
524 2894 589 2972 jam
615 2893 764 2972 expeditis
783 2893 949 2954 rationibus
969 2893 1126 2954 verissime
1145 2891 1299 2967 evincitur,
1324 2894 1440 2955 Lunam
1460 2912 1518 2954 non

156 2991 202 3055 uti
227 2991 294 3052 luce
318 3007 356 3051 ex
371 2985 442 3049 Sole
465 2982 641 3063 simpliciter
663 3002 859 3066 repercussa,
884 2989 982 3043 restat
1002 2991 1102 3043 tamen
1127 2988 1236 3063 quarta
1258 2982 1333 3043 haec
1352 2982 1517 3044 communi-

157 3090 249 3148 eatae
271 3077 349 3141 lucis
372 3074 499 3157 species,
523 3072 628 3133 Lunae
652 3071 821 3133 tribuenda.
868 3071 937 3132 Non
962 3070 1039 3134 enim
1072 3077 1121 3132 est
1148 3070 1209 3132 alia
1238 3071 1317 3133 ratio
1342 3073 1407 3152 ejus
1431 3071 1516 3147 lucis,

158 3194 236 3257 quae
260 3192 280 3233 a
302 3169 391 3231 Luna
413 3166 452 3228 ad
475 3180 530 3224 nos
554 3160 712 3223 descendit
735 3179 772 3220 ex
796 3159 867 3221 Sole
891 3168 977 3232 orta,
1003 3179 1091 3241 quam
1121 3159 1200 3238 ejus,
1231 3179 1307 3241 quae
1331 3159 1359 3222 in
1386 3162 1520 3242 quolibet

158 3263 248 3330 obvio
271 3257 388 3342 pariete
412 3255 449 3317 ab
475 3252 578 3314 eodem
603 3248 675 3311 Sole
699 3249 885 3310 descendens
909 3248 1062 3310 radiatio
1088 3267 1173 3310 omne
1197 3247 1462 3330 hemisphaerium,
1488 3260 1520 3311 et

158 3369 336 3436 quacunque
360 3362 481 3409 camera
502 3339 546 3402 illi
570 3337 761 3400 tenebricosa
784 3336 933 3415 objicitur,
960 3338 987 3399 in
1013 3356 1078 3398 eam
1103 3344 1211 3417 aperta
1235 3339 1396 3401 fenestella
1414 3339 1518 3419 ingre-

158 3441 240 3505 ditur
273 3455 366 3518 seque
394 3450 459 3495 cum
487 3448 541 3491 suo
570 3427 668 3489 colore
697 3427 726 3487 in
756 3427 895 3506 opposito
924 3426 993 3487 albo
1021 3426 1135 3504 pariete
1171 3426 1324 3507 depingit:
1362 3434 1396 3489 ut
1426 3447 1518 3507 supra

157 3551 226 3612 cap,
250 3527 294 3590 11,
318 3543 404 3605 prop.
429 3520 459 3583 7.
485 3518 723 3578 demonstratum
749 3522 805 3575 est.
853 3511 1003 3584 Quorsum
1035 3515 1133 3576 refero
1159 3516 1210 3576 illa
1233 3516 1388 3578 Plutarchi
1413 3518 1515 3591 verba,

157 3637 236 3702 quae
266 3612 390 3693 reliquis
424 3604 579 3670 inutilibus
612 3604 856 3667 excusationibus
888 3604 1011 3664 tandem
1040 3603 1331 3680 subsecuturus,
1371 3605 1515 3686 inquiens,

157 3709 261 3766 multas
284 3705 373 3760 habet
393 3697 569 3770 asperitates,
592 3694 808 3765 inaequalitates
829 3695 940 3757 multas,
963 3699 994 3747 ut
1015 3694 1149 3766 fulgores,
1172 3695 1216 3765 qui
1239 3711 1257 3747 a
1277 3711 1378 3767 niagno
1401 3713 1515 3765 corpore

158 3789 298 3849 accidunt,
320 3779 513 3839 altitudinibus
534 3793 588 3830 non
609 3775 721 3845 exiguis
741 3776 920 3843 resplendere
942 3774 1057 3845 possint,
1080 3778 1271 3828 accommode
1293 3776 1405 3840 retleeti,
1428 3776 1516 3846 impli-

157 3869 234 3934 cari,
255 3858 594 3936 resplendescentiamque
619 3856 691 3909 inter
712 3872 742 3908 se
763 3855 942 3919 continuare,
965 3855 1043 3925 quasi
1065 3869 1083 3907 a
1103 3856 1195 3908 multis
1217 3872 1252 3909 ea
1272 3858 1308 3909 ad
1329 3873 1379 3909 nos
1400 3858 1520 3911 ferretur

158 3955 296 4032 mulie:
321 3941 428 4024 quibus
450 3935 551 3997 verbis
574 3935 637 3995 fere
660 3952 737 4008 earn,
763 3952 849 4014 quam
866 3934 1021 4013 appellare
1046 3934 1128 3994 soleo
1143 3934 1238 3995 lucem
1259 3938 1517 4009 communicatam,

158 4033 342 4115 descripsit3
378 4027 486 4091 melius
521 4033 622 4084 tamen
656 4021 848 4096 Cleomedes,
883 4022 933 4101 qui
968 4022 1170 4084 necessariam
1203 4024 1280 4085 hano
1316 4025 1517 4086 conditionem

157 4125 254 4200 addit,
274 4139 335 4185 nou
357 4125 477 4180 tantum
500 4111 648 4191 repercuti
672 4132 691 4172 a
713 4110 801 4172 Luna
824 4109 963 4172 Solarem
987 4112 1100 4184 lucem,
1134 4113 1188 4174 aed
1216 4113 1308 4173 etiam
1337 4112 1459 4174 alterari
1488 4114 1518 4175 iu

157 4216 256 4289 Luna,
280 4218 317 4273 ut
338 4207 528 4288 splendorem
551 4199 630 4280 ignis
653 4200 681 4261 in
707 4200 795 4273 terro,
820 4207 852 4261 et
875 4200 919 4261 sic
943 4201 1094 4279 propriam
1113 4201 1185 4262 fieri.

247 4300 353 4380 Atque
375 4296 445 4358 hino
463 4293 529 4373 jam
552 4289 709 4362 evincitur,
734 4289 839 4351 Lunae
862 4307 971 4368 corpus
995 4297 1026 4351 et
1050 4291 1175 4351 densum
1199 4309 1276 4362 esse,
1302 4295 1336 4349 ut
1354 4297 1403 4349 est
1426 4290 1520 4351 Terra

157 4391 256 4476 (quod
278 4384 461 4451 Plutarchus
483 4380 586 4444 libello
611 4396 703 4457 saepe
726 4378 808 4440 dicto
823 4378 927 4439 multis
943 4379 1123 4453 contendit),
1143 4386 1175 4438 et
1194 4379 1358 4439 coloratum
1374 4378 1519 4457 impense,

157 4489 193 4545 ut
215 4499 275 4563 quo
298 4481 416 4541 remoto
439 4469 602 4533 secuudum
625 4485 671 4547 pr.
688 4464 740 4529 22.
767 4485 833 4545 cap.
848 4467 873 4528 Ι.
896 4468 947 4528 lux
971 4468 1190 4530 communicata
1213 4467 1312 4527 locum
1337 4484 1394 4526 non
1409 4466 1519 4543 habet,

157 4575 192 4634 at
213 4584 326 4651 aspera
348 4559 514 4644 superficie,
538 4576 575 4618 ne
599 4557 760 4637 pellueeat.
798 4554 936 4635 Opaeum
959 4557 1037 4617 euim
1062 4576 1130 4618 esse
1155 4556 1259 4616 Lunae
1283 4572 1391 4633 corpus
1415 4574 1519 4617 omnes

156 4658 289 4741 undique
313 4649 500 4734 conquisitae
523 4644 727 4725 experientiae
751 4652 914 4707 testantur.

246 4741 396 4828 Arguitur
418 4739 489 4802 hinc
511 4735 603 4798 etiam
627 4734 780 4796 Posidonii
804 4733 957 4795 sententia
979 4734 1059 4811 apud
1082 4731 1284 4806 Macrobium,
1309 4732 1394 4811 cujus
1418 4731 1516 4794 Reiu-

156 4835 266 4900 holdus
292 4835 325 4898 in
356 4824 582 4892 commentariis
619 4841 710 4903 super
741 4822 887 4885 Theorias
918 4821 1094 4889 Purbacbii,
1124 4822 1176 4883 fol.
1205 4815 1277 4883 tut.
1310 4821 1456 4883 meminit.
1471 4817 1517 4895 ²⁸)

157 4922 220 4997 Qui
241 4941 311 4988 unm
332 4923 417 4982 reate
438 4917 544 4979 Lunae
568 4914 694 4974 eandem
724 4910 881 4973 materiam
910 4910 1070 4975 tribuisset
1098 4929 1187 4991 quam
1211 4917 1243 4970 et
1265 4909 1359 4972 Terra
1388 4910 1515 4987 obtinet,

158 5015 252 5098 (qus
266 5011 388 5095 quidem
409 4999 620 5085 antiquissima
633 5000 910 5083 Pythagoraeorum
933 4999 1087 5062 saumatis
1104 4999 1198 5063 inisse
1210 4998 1339 5155 vidqtsur,
1361 5018 1416 5062 uso
1435 5001 1515 5063 aliud

210 5114 302 5170 ΜΝ
313 5113 393 5167 Μ·
412 5107 440 5153 ¹¹·
