3692 5842
238 494 305 562 res
843 494 993 545 ursano

240 676 346 738 Lunae
370 671 580 734 circumfundis
608 672 768 751 sphaeram
798 674 925 746 abnam,
957 671 1085 751 quaein
1109 670 1227 730 devexa
1255 669 1338 748 globi
1367 668 1495 730 reducta
1518 687 1575 747 pro-

240 764 419 826 funditatem
439 761 569 840 aliquam
592 761 685 822 radiis
705 760 863 823 Solaribus
878 771 909 822 et
923 761 1128 823 Terrestribus
1153 759 1286 838 adeoque
1306 766 1338 818 et
1361 757 1477 820 uostris
1498 757 1576 818 oculis

242 851 386 931 objiciat;
410 848 486 910 uude
510 850 553 910 illi
578 849 660 911 limbi
688 870 787 911 merus
812 859 843 911 et
866 851 1053 912 emaculatus
1084 848 1226 927 splendor
1248 855 1316 908 tota
1345 845 1480 908 interiori
1506 845 1575 918 lacit,

242 962 301 1023 qua
315 959 375 1001 nou
390 939 435 999 ita
447 939 594 1017 profunde
610 940 721 1000 nostris
737 940 891 1002 obtutibus
911 940 1015 1002 obstat
1028 940 1075 1000 hic
1090 943 1153 1010 air,
1174 935 1287 998 crebris
1302 935 1431 996 maculis
1446 941 1576 996 scatens

332 1028 437 1090 Potuit
459 1035 490 1088 te
513 1027 600 1106 hujus
624 1028 703 1088 aeris
727 1028 856 1091 Lunaris
885 1029 1044 1090 admouere
1075 1027 1149 1088 liber
1179 1043 1263 1086 rneus
1287 1024 1339 1086 iol.
1364 1021 1443 1087 287.
1467 1033 1499 1084 ct
1519 1018 1579 1094 311,

242 1138 319 1200 quae
343 1116 411 1179 libri
429 1116 488 1176 mei
505 1117 572 1177 loca
590 1118 650 1177 tuis
665 1117 712 1177 hic
737 1118 949 1196 experimentis
969 1116 1088 1197 egregie
1112 1114 1280 1176 confirmas.
1319 1111 1403 1174 Sane
1423 1131 1480 1173 nou
1498 1111 1577 1184 rideo,

242 1207 291 1288 qui
324 1204 478 1268 Seleuitae
510 1205 554 1266 illi
584 1205 612 1266 in
641 1206 821 1284 plenilunio,
865 1207 943 1287 quod
977 1226 1036 1267 nos
1069 1204 1203 1265 videmus
1236 1202 1407 1282 (ceterique
1441 1199 1579 1262 inuisibilis

242 1293 455 1374 hemisphaerii
479 1295 508 1354 in
533 1294 715 1367 novilunio),
750 1296 855 1373 quibus
879 1295 1061 1374 temporibus
1090 1292 1164 1370 ipsis
1188 1301 1237 1353 est
1261 1291 1421 1365 meridies,
1453 1289 1578 1351 iturum

243 1384 326 1447 Solis
350 1390 454 1444 aestus
478 1383 608 1443 tolerare
632 1383 765 1462 possint,
795 1384 820 1444 si
846 1404 903 1446 non
928 1391 981 1444 air
1008 1383 1144 1445 turbidus
1167 1379 1271 1443 Solem
1301 1380 1380 1452 illis,
1407 1388 1441 1440 ut
1463 1379 1496 1440 lit
1518 1377 1578 1456 apul

242 1474 410 1538 Peuuauos,
437 1470 541 1532 crebro
567 1479 653 1551 tegat
681 1481 855 1552 aestumque
883 1473 1004 1534 humore
1028 1479 1195 1550 temperet3
1229 1469 1277 1549 qui
1301 1475 1357 1530 adr
1380 1467 1411 1528 iu
1439 1466 1580 1547 plenilunio

245 1570 277 1622 et
300 1559 435 1622 maculas
459 1560 556 1640 magis
580 1562 723 1636 occultat,
749 1571 780 1623 et
798 1562 989 1641 splendorem
1007 1579 1044 1621 ex
1065 1559 1138 1622 Sole
1162 1558 1315 1637 ingentem
1339 1556 1486 1619 combibit
1503 1555 1580 1635 adqui

243 1668 298 1711 uos
322 1649 465 1711 revibrat.

333 1735 413 1807 Quid
437 1746 469 1798 tu
494 1737 530 1797 de
555 1744 625 1799 ab're
649 1737 724 1798 dicis
748 1737 970 1810 circaLunam,
994 1757 1060 1798 cum
1078 1735 1303 1798 hlaestlinus
1327 1734 1432 1795 libello
1446 1731 1582 1810 Tubiugu

156 1822 158 1825 ¹
242 1827 324 1888 edito
359 1847 387 1890 a.
425 1822 508 1889 1606
541 1833 697 1898 (Disputatio
725 1835 756 1884 da
783 1833 922 1884 multifariis
954 1841 1065 1884 motuum
1089 1835 1246 1899 planetarum
1271 1834 1297 1881 iu
1325 1831 1397 1882 coslo
1426 1829 1583 1894 sppunubu

244 1920 480 1991 irregularitatum)
509 1915 601 1975 etiam
633 1915 752 1994 pluvias
784 1915 813 1975 iu
843 1933 880 1975 ea
912 1914 1126 1994 conspexerit?
1158 1912 1211 1975 Sic
1241 1913 1319 1974 enirn
1354 1913 1406 1973 ille
1435 1911 1493 1972 Th.
1520 1906 1583 1972 lbi:

245 2006 299 2078 „Iu
332 2003 436 2083 eclipsi
466 2003 579 2064 Lunari
611 2021 735 2081 vespere
769 2004 945 2064 Dominieae
978 2003 1150 2065 Palmarum
1180 2002 1251 2064 anui
1286 1997 1383 2063 1605.
1417 2000 1447 2060 in
1477 2015 1585 2077 corpore

244 2093 349 2155 Lunae
373 2111 478 2153 versus
502 2092 624 2153 boream
648 2092 798 2170 nigricans
832 2093 979 2171 quaedam
1000 2093 1120 2154 macula
1150 2098 1313 2168 conspecta
1344 2089 1417 2160 fuit,
1451 2087 1587 2149 obscurior

244 2189 346 2243 cetero
369 2189 435 2242 toto
460 2199 595 2259 corpore,
620 2182 698 2259 quod
722 2182 879 2243 candentis
909 2182 978 2243 ferri
1002 2182 1126 2260 liguram
1155 2179 1417 2258 repraesentabat
1465 2175 1587 2238 Dixisses

246 2269 349 2330 nubila
363 2268 394 2329 iu
409 2269 534 2330 multam
552 2269 704 2347 regionem
725 2277 861 2342 extensa,
885 2271 995 2349 pluviis
1015 2279 1047 2330 et
1066 2267 1279 2348 tempestuosis
1303 2268 1448 2329 imbribus
1466 2263 1588 2344 grauida

245 2357 411 2437 cujusmodi
441 2357 478 2417 ab
508 2357 694 2418 excelsorum
714 2358 857 2419 montium
875 2360 959 2438 jugis
978 2360 1006 2419 iu
1031 2359 1189 2420 humiliora
1212 2357 1395 2419 convallium
1416 2356 1484 2418 loca
1503 2353 1588 2413 ridere

245 2465 303 2508 nou
326 2465 396 2507 raro
420 2445 580 2525 contigit.“
626 2447 711 2507 Haec
727 2448 786 2507 ille.
825 2448 872 2508 Ne
896 2467 966 2509 vero
990 2457 1078 2526 putes
1102 2449 1291 2527 antiquarum
1306 2445 1493 2505 maculamur
1515 2459 1588 2503 uuam

246 2535 349 2610 luisse,
374 2535 554 2596 monstravit
577 2534 642 2612 ipse
666 2535 738 2595 mihi
761 2536 941 2596 Maestlinus
966 2556 1042 2598 anno
1071 2536 1217 2615 superiori
1247 2536 1455 2613 diagramma;
1487 2529 1591 2592 macris

247 2632 314 2686 erat
337 2631 368 2684 et
399 2623 459 2684 situ
493 2631 525 2684 et
554 2623 758 2700 magnitudine
791 2624 948 2698 dillerens,
984 2626 1093 2704 quippe
1124 2643 1201 2703 quae
1234 2632 1375 2702 quartam
1409 2620 1530 2682 circiter
1549 2627 1590 2678 sut

248 2712 384 2792 quintam
416 2719 534 2792 partem
566 2712 702 2791 planitiei
727 2713 856 2772 Lunaris
890 2713 1077 2793 occupabat,
1112 2721 1143 2773 et
1170 2720 1330 2791 praeterea
1354 2711 1433 2770 adeo
1463 2718 1547 2780 atra,
1565 2715 1592 2766 ιι1

245 2801 339 2862 etiarn
363 2800 393 2861 in
417 2801 616 2861 obtenebrata
639 2801 726 2861 Luna
758 2801 900 2861 eluceret.
948 2801 1054 2862 Tradit
1086 2820 1122 2861 eo
1156 2800 1258 2861 libello
1286 2819 1306 2858 a
1334 2799 1392 2858 'l'h.
1417 2795 1472 2860 88.
1501 2797 1592 2858 tum

246 2888 427 2950 affinitatem
446 2907 512 2950 cum
533 2889 637 2959 Terra,
661 2891 689 2950 in
715 2888 876 2963 densitate,
902 2885 1015 2962 umbra,
1040 2890 1179 2966 caligine,
1204 2889 1269 2950 luce
1290 2909 1309 2947 a
1324 2886 1397 2948 Sole
1422 2884 1592 2954 mutuatitis,

246 2995 322 3057 quae
356 2976 476 3055 globum
505 2985 661 3058 utrumque
689 2977 950 3051 circumambulet,
984 2998 1060 3058 quae
1089 2978 1233 3058 aequales
1265 2985 1298 3037 et
1326 2975 1480 3037 terricolis
1504 2975 1593 3036 tuus

245 3066 359 3147 phases
383 3065 507 3125 exhibet
531 3074 562 3125 et
588 3066 723 3127 lunieolis
739 3067 860 3139 Terrae,
887 3079 919 3128 ut
944 3076 1098 3146 utrumque
1122 3086 1230 3146 corpus
1252 3067 1292 3126 ab
1316 3065 1416 3125 altero
1440 3063 1594 3142 aequaliter

245 3154 438 3227 illuminetur,
455 3172 511 3231 quo
529 3155 593 3214 loco
610 3175 751 3234 maguam
768 3163 886 3233 partein
903 3156 1113 3234 complectitur
1127 3175 1211 3216 mene
1231 3153 1452 3215 Astrouomiae
1467 3149 1593 3213 Lunaris.

245 3243 386 3305 Alterum
411 3242 536 3320 gradum
561 3243 749 3323 cognationis
774 3244 878 3304 horum
904 3264 1060 3323 corporum
1085 3245 1139 3305 Th.
1157 3241 1209 3306 92.
1235 3243 1367 3304 collocat
1392 3243 1421 3303 in
1442 3241 1593 3321 asperitate

247 3330 483 3411 superficierum,
518 3333 654 3411 quodque
687 3340 793 3392 notatu
826 3333 947 3409 dignum
971 3343 1034 3407 est,
1069 3352 1105 3393 ex
1135 3331 1230 3393 tribus
1261 3332 1337 3392 locis
1361 3331 1509 3392 Acerrois
1531 3329 1595 3390 citat

249 3420 360 3482 dictum
384 3418 563 3481 Aristotelis
587 3440 624 3480 ex
657 3421 732 3481 libro
758 3421 794 3480 de
817 3422 1027 3494 Animalibus,
1053 3423 1151 3501 „quod
1180 3422 1268 3482 Luna
1298 3421 1452 3481 Terrenae
1485 3433 1595 3480 ustum

251 3510 410 3570 admodum
434 3509 475 3568 sit
499 3509 630 3569 affinis.“
677 3510 711 3570 In
742 3509 841 3589 specie
867 3511 903 3570 de
933 3518 1002 3572 aere
1032 3512 1113 3572 circa
1140 3511 1261 3571 Lunare
1292 3529 1404 3588 corpus
1433 3507 1596 3569 circumfuso

252 3619 271 3658 a
294 3599 349 3659 Tb.
379 3594 451 3660 115.
476 3618 514 3658 ex
538 3599 676 3677 professo
701 3600 774 3676 agit,
799 3598 884 3677 cujus
909 3600 970 3661 ista
994 3609 1064 3661 sunt
1087 3599 1179 3659 verba
1203 3599 1259 3660 Th.
1287 3595 1362 3661 119.
1388 3599 1449 3659 tuis
1473 3595 1596 3658 Galilarr

249 3687 350 3747 verbis
375 3687 450 3747 adeo
475 3687 593 3761 similia,
619 3696 652 3748 ut
675 3707 712 3747 ex
732 3697 783 3747 tuo
808 3688 910 3749 libello
934 3689 1073 3749 desnrnta
1091 3687 1270 3749 rideantur:
1297 3685 1353 3761 ,Si
1368 3687 1475 3747 Lunae
1494 3701 1597 3763 eorpus¹

251 3775 363 3853 iuquit,
398 3794 572 3855 quacunque
596 3776 689 3854 phase
714 3776 806 3854 probe
832 3777 991 3847 intuearis,
1025 3785 1189 3838 extremam
1214 3795 1298 3837 oraru
1323 3777 1420 3837 multo
1454 3767 1598 3853 limpidiori

250 3862 419 3941 puriorique
450 3865 514 3924 luce
544 3866 657 3925 claram
683 3884 736 3925 nec
767 3866 833 3924 ullis
864 3866 990 3925 maculis
1023 3884 1216 3944 conspersum
1247 3864 1384 3925 videbis:
1420 3883 1488 3924 cunr
1510 3875 1598 3924 umes

249 3950 289 4010 ab
314 3951 447 4012 interiori
473 3970 597 4031 corpore
625 3953 771 4031 plurimae
799 3953 983 4031 nigricantes
1012 3965 1102 4015 notae
1130 3954 1246 4034 passim
1276 3952 1418 4014 emicent.
1466 3951 1543 4023 Quis
1562 3947 1599 4010 hir

252 4039 343 4113 dicet,
368 4039 523 4102 uniformis
547 4041 627 4102 illius
653 4042 726 4101 lucis
751 4061 806 4101 non
832 4060 900 4103 esse
930 4043 1025 4116 alind,
1056 4063 1144 4123 quarn
1169 4044 1257 4121 hujus
1288 4042 1475 4103 obscurioris
1503 4035 1598 4103 turbidi

252 4135 284 4187 et
306 4127 450 4188 maculati
474 4130 643 4208 splendoris
668 4130 877 4205 subjecerint*
914 4129 1075 4193 Concludit
1099 4133 1178 4205 hinc,
1207 4149 1316 4209 corpus
1340 4131 1427 4192 limbi
1450 4150 1519 4192 esse
1540 4145 1599 4210 pcr-

250 4215 389 4289 lucidum,
417 4218 503 4296 quasi
525 4217 669 4292 vitreum,
695 4219 816 4290 adrium,
841 4218 1073 4298 lrornogenoum,
1099 4222 1227 4301 denique
1251 4220 1333 4281 airis
1362 4220 1461 4281 nostri
1485 4220 1600 4282 circutu-

247 4305 401 4365 terrestris
426 4307 515 4383 plane
539 4306 646 4366 simile.

338 4392 453 4453 Multus
478 4394 596 4471 quidem
622 4402 670 4454 est
693 4394 721 4453 in
747 4415 795 4469 eo,
823 4405 855 4455 nt
878 4405 975 4457 tecum
1003 4396 1142 4458 Galilaee
1166 4397 1244 4458 hunc
1272 4404 1374 4459 aurern
1399 4417 1439 4458 ex
1463 4417 1499 4458 eo
1523 4397 1601 4458 eriam

249 4480 334 4557 signo
359 4480 483 4558 probet,
521 4482 620 4561 ,quod
650 4502 720 4560 pars
755 4485 864 4544 lumine
894 4485 975 4546 Solis
1008 4489 1130 4565 perlusa
1164 4487 1319 4564 arrrplioris
1352 4487 1601 4548 circumferentias

250 4577 397 4645 apparet,
432 4588 518 4647 quarn
544 4570 687 4650 reliquum
720 4573 800 4632 orbis
829 4575 1021 4635 tenebrosi“:
1056 4575 1134 4652 quod
1158 4575 1343 4636 blaestlinus
1374 4577 1480 4637 multis
1508 4575 1603 4656 pratu

247 4656 478 4733 experimentis,
514 4679 571 4718 non
599 4661 752 4720 nocturnis
778 4671 910 4735 tanturn,
945 4681 1068 4741 quorum
1093 4683 1186 4724 causa
1211 4665 1239 4724 in
1270 4664 1367 4725 risum
1392 4665 1478 4744 rejici
1501 4673 1602 4746 posset

246 4744 301 4802 sed
325 4752 356 4804 et
381 4744 504 4819 diurnis,
532 4747 650 4825 quando
675 4749 767 4809 stella
782 4751 910 4810 Veneris
935 4771 968 4810 se
993 4764 1062 4831 post
1083 4753 1187 4812 Lunae
1214 4754 1322 4814 bifidae
1346 4763 1468 4832 partein
1493 4753 1602 4814 umbro·

248 4849 314 4890 sam
338 4832 455 4909 recipit.
504 4835 616 4896 Verum
639 4855 714 4915 pace
739 4847 842 4897 vestra
873 4840 944 4900 mihi
974 4840 1081 4908 liceat,
1112 4859 1169 4919 ego
1194 4842 1254 4902 etsi
1283 4849 1386 4902 adrem
1412 4842 1518 4903 Lunae
1539 4857 1603 4902 co!-

249 4919 332 4993 cedo,
347 4929 458 5004 *tamen
488 4941 576 5000 super
600 4925 654 4984 hoc
680 4928 884 5003 experimento
908 4947 1013 4988 manco
1038 4930 1067 4989 iu
1092 4932 1266 4992 sententia:
1291 4931 1393 4992 lumen
1418 4931 1487 4992 ltine
1512 4931 1603 4992 Luna

249 5004 318 5066 iudo
351 5008 459 5069 stellae
491 5011 527 5069 de
557 5011 604 5071 die
637 5013 728 5073 etiam
757 5032 824 5074 sese
855 5016 884 5076 iu
921 5018 1006 5078 oculo
1038 5019 1186 5097 ampliare
1219 5019 1377 5100 locumque
1404 5019 1506 5100 partis
1527 5033 1602 5080 reue·
