3692 5842
818 463 1008 516 xcv-roua
1357 509 1364 516 .
1527 452 1595 520 553

321 635 454 702 XCVII.
511 637 738 718 Propositio.
795 637 828 700 Si
863 639 982 718 longius
1015 655 1090 698 cara
1123 637 1188 698 lens
1226 630 1386 696 recesserit
1421 631 1459 692 ab
1496 632 1594 704 oculo,

228 727 379 808 pauciora
401 727 534 790 visibilia
555 747 610 805 per
633 747 739 788 caram
764 729 801 788 ad
827 729 942 789 oculum
968 725 1099 788 venient.

323 815 373 878 Sit
395 818 498 879 oculus
514 815 553 890 A,
579 817 644 877 lens
659 815 713 878 BC
738 817 867 896 propior.
908 816 958 877 Sit
976 834 1092 876 rursum
1112 813 1216 875 oculus
1230 810 1268 882 l),
1295 809 1359 870 lens
1380 807 1433 868 EF
1452 807 1595 868 remotior

230 911 265 966 et
288 905 426 986 aequalis
450 905 542 985 priori
556 901 621 966 Bc.
660 905 750 966 Basis
774 905 866 983 Igitur
884 905 939 964 Er
962 903 1097 982 aequalis
1114 911 1162 964 est
1180 899 1247 960 basi
1365 947 1391 994 Fi
1438 943 1474 996 2³

229 990 297 1068 BC,
333 994 430 1056 latera
460 1013 529 1055 rero
560 993 627 1068 DE,
652 994 707 1054 Dr
736 995 872 1072 longiora
903 993 1047 1054 lateribus
1079 991 1145 1064 AB,
1176 991 1245 1051 AC.
1392 961 1417 1012 ⁸⁴
1476 983 1483 996 '

231 1083 375 1162 Augulus
400 1083 491 1162 Igitur
514 1081 598 1143 Bac
628 1083 725 1161 major
757 1084 866 1160 angulo
890 1082 982 1142 EDF.
1029 1081 1247 1160 Retringautur

226 1171 294 1252 jam
319 1171 395 1234 radiI
419 1181 451 1232 et
475 1171 536 1232 sint
559 1170 680 1232 refracti
705 1171 773 1242 BG,
790 1173 844 1232 CII
865 1179 895 1230 et
910 1171 961 1243 EI,
982 1171 1036 1229 ΕΚ
1060 1167 1244 1248 perXClV,

229 1279 353 1341 semper
385 1259 477 1339 Igitur
507 1260 575 1338 plus
608 1260 767 1337 dirergunt
799 1257 871 1332 BG,
897 1259 953 1319 t'll
987 1277 1075 1336 quam
1103 1257 1157 1330 ΕΙ,
1181 1258 1244 1317 ΕΚ.

230 1347 282 1410 Sit
307 1349 384 1412 enisu
409 1349 490 1409 ELF
522 1348 701 1426 triangulum
735 1347 914 1428 applicabile
945 1347 1002 1426 Ipsi
1025 1345 1121 1408 Bac.
1169 1345 1245 1408 Cum

230 1455 304 1516 ergo
329 1457 348 1498 a
370 1439 398 1500 D
422 1445 454 1498 et
477 1437 503 1497 L
528 1437 712 1497 descendant
736 1437 791 1497 DE
815 1445 847 1496 et
869 1435 923 1498 Lli
948 1437 975 1495 in
1001 1435 1080 1496 idem
1103 1443 1243 1514 punctum

229 1525 441 1606 Esuperliciei
465 1525 623 1600 densioris,
649 1525 668 1586 ii
692 1526 872 1587 retractione
899 1527 981 1585 faeta
1001 1524 1029 1584 in
1044 1523 1070 1583 Ε
1087 1545 1120 1584 se
1140 1519 1242 1586 mutuo

230 1615 388 1688 secabunt,
414 1624 446 1676 et
468 1615 522 1674 LE
546 1613 669 1675 inferior
692 1615 802 1676 eradet
825 1615 853 1674 iu
879 1615 939 1674 ΕΜ
967 1614 1166 1692 superiorem:
1198 1614 1242 1674 sic

229 1703 284 1766 LI*
304 1704 332 1766 In
348 1705 412 1779 ΕΝ,
437 1722 490 1784 per
503 1703 562 1764 XI.
601 1704 672 1764 Plus
687 1704 778 1783 Ig'itur
793 1703 863 1776 ΕΜ,
883 1703 937 1764 FN
962 1704 1129 1782 dirergunt,
1153 1723 1242 1782 quam

229 1791 294 1868 EI,
319 1793 391 1868 ΕΚ,
423 1793 491 1872 plns
520 1792 612 1872 igitur
644 1801 675 1852 et
708 1794 744 1854 de
778 1792 999 1872 lremisplraerIo
1032 1793 1240 1872 intercipiunt:

229 1899 324 1962 quare
358 1889 389 1942 et
412 1879 481 1954 BG,
506 1878 561 1942 CH
594 1882 661 1961 plus
695 1881 883 1961 intercipieut
914 1902 933 1941 a
963 1883 1042 1943 lente
1075 1883 1242 1964 propiaqua

230 1989 321 2050 quam
345 1969 397 2044 EI,
422 1970 478 2030 ΕΚ
502 1991 521 2030 a
544 1971 624 2032 lente
648 1979 765 2031 remota
788 1970 919 2033 retracti
1297 2001 1312 2034 ι
1397 2011 1411 2046 c
1448 2005 1466 2038 ι
1553 2013 1567 2045 ,

320 2056 472 2122 XCVIII.
519 2059 749 2138 Propositio.
797 2059 829 2120 SI
856 2060 972 2138 longius
1001 2079 1079 2120 cara
1101 2063 1166 2122 leus
1190 2081 1240 2121 re-

229 2149 362 2210 cesserit
384 2148 422 2208 ab
447 2148 543 2218 oculo,
567 2149 681 2210 minora
696 2158 962 2228 repraesentantur
980 2149 1119 2223 risibilia,
1144 2169 1241 2228 quan·
1453 2195 1467 2230 Ι

229 2237 327 2317 tisper
351 2238 417 2297 lens
442 2256 500 2297 uon
533 2238 725 2318 propinquior
748 2240 782 2298 tit
805 2237 847 2297 rei
877 2236 988 2298 risibili
1022 2257 1109 2318 quam
1143 2242 1239 2300 oculo.

323 2325 503 2405 Aequaliter
522 2325 599 2386 enirn
615 2329 652 2386 ad
678 2345 796 2388 sensum
812 2345 877 2387 cum
898 2327 1063 2387 remotione
1087 2328 1176 2389 lentis
1201 2331 1349 2396 decrescit
1373 2333 1436 2410 ejus
1461 2331 1589 2395 risibilis

229 2415 408 2494 magnitudo
433 2433 486 2494 per
510 2414 642 2477 LXVII.
680 2415 724 2476 At
748 2434 804 2476 non
830 2415 997 2494 aequaliter
1020 2417 1164 2494 pauciora
1186 2423 1293 2502 reprit
1317 2421 1448 2484 risibilia
1474 2421 1590 2500 longius

229 2502 391 2566 distantia.
429 2503 498 2564 Etsi
523 2503 602 2564 euim
626 2523 679 2582 per
693 2502 827 2566 XCVII.
853 2522 972 2582 semper
993 2505 1134 2583 pauciora
1158 2508 1274 2589 recipit,
1301 2511 1352 2572 illa
1376 2517 1476 2571 tamen
1502 2511 1610 2572 dimi-,

230 2593 317 2656 notio
341 2591 450 2671 engua
474 2601 522 2652 est
545 2610 616 2671 pars
640 2593 854 2666 universorum,
880 2593 1025 2671 siquidem
1055 2604 1171 2657 remota
1195 2599 1306 2661 inerint
1328 2599 1474 2672 risibilia,
1499 2617 1593 2678 prop-

230 2692 319 2744 terea
343 2681 422 2760 quod
451 2681 647 2743 retractiones
674 2683 700 2741 in
727 2681 832 2760 majori
865 2681 1030 2742 rernotlone.
1054 2701 1129 2759 pene
1163 2687 1235 2750 nibil
1269 2696 1438 2760 mutantur,
1473 2707 1540 2748 cum
1563 2697 1595 2748 et

231 2771 444 2834 iuclInationes
477 2771 646 2842 (schemate
671 2767 728 2842 23)
760 2770 910 2831 radiorum
943 2771 1008 2844 LE,
1039 2770 1095 2832 DE
1124 2775 1178 2835 &c
1211 2797 1302 2856 snper
1334 2779 1446 2839 lentem
1479 2777 1531 2838 ΕΕ
1563 2778 1592 2836 iu

231 2859 341 2940 majori
366 2858 531 2920 remotione
551 2878 626 2938 pene
643 2859 716 2920 nihil
740 2866 903 2919 mutentur.
943 2859 1017 2918 Plus
1037 2859 1128 2937 Igitur
1144 2862 1311 2927 detrahitur
1331 2867 1369 2928 de
1388 2864 1594 2943 magnitudine

231 2947 414 3028 aspectabili
445 2967 533 3027 quam
565 2950 600 3009 de
634 2948 823 3010 multitudIne
859 2966 955 3008 rerum
988 2965 1043 3025 per
1082 2949 1193 3012 lentem
1230 2955 1372 3016 visarum.
1427 2955 1594 3014 Universae

231 3039 324 3118 Igitur
347 3037 453 3098 miuori
477 3039 586 3117 angulo
610 3050 791 3098 cernuntur:
818 3055 908 3116 quare
935 3045 966 3096 et
989 3037 1120 3114 singula.

322 3125 440 3188 Aliter:
466 3125 514 3186 Sit
537 3127 639 3188 oculus
663 3130 702 3198 A,
728 3125 804 3187 radii
829 3125 976 3186 rectilinei
999 3126 1093 3201 ΑΒΕ,
1118 3126 1206 3190 XCI}
1232 3132 1374 3208 angrrlum
1398 3127 1484 3190 ΕΛΘ
1508 3148 1593 3190 corn-

230 3215 471 3298 prcbendentes;
496 3214 515 3275 ii
539 3225 643 3277 secent
667 3217 777 3277 lentem
800 3213 997 3293 propinquam
1012 3214 1065 3275 BC
1086 3224 1118 3275 et
1141 3237 1239 3278 remo-

231 3307 297 3368 tim
321 3305 345 3366 F
348 3301 387 3366 G.
430 3303 643 3384 RelrIngentur
669 3304 758 3382 Igitur
782 3313 950 3365 extrorsum
973 3303 1001 3362 in
1021 3303 1099 3374 B,C
1123 3307 1242 3382 punctis

230 3413 285 3476 per·
310 3391 429 3456 XCIV.
477 3393 546 3454 SInt
569 3394 692 3454 ret'racti
717 3393 781 3464 ΒΕ,
807 3391 871 3454 CD.
912 3389 986 3451 Cum
1011 3401 1112 3452 autem
1137 3394 1164 3452 In
1184 3391 1238 3454 ΕΟ

231 3485 378 3564 majorem
403 3481 492 3543 lentis
516 3483 683 3562 portionem
709 3480 901 3559 intercipiant
924 3480 980 3540 AI*
1003 3488 1034 3540 et
1049 3481 1120 3554 AG,
1147 3482 1241 3560 major

230 3573 326 3635 ctiam
350 3571 408 3633 erit
431 3571 571 3632 retractio
597 3572 624 3632 in
645 3569 701 3631 rG
725 3589 812 3650 quam
837 3569 865 3628 iu
886 3567 940 3632 ΒΟ
964 3589 1018 3646 per
1035 3569 1092 3640 XI,
1118 3570 1241 3630 ret'racti

231 3661 324 3740 IgItur
349 3659 378 3720 In
400 3661 435 3726 Ε,
455 3657 484 3720 G
508 3669 652 3720 exeuntes
677 3661 833 3738 dircrgeut
858 3657 994 3735 amplius,
1020 3675 1108 3735 quam
1131 3658 1180 3737 qui
1204 3678 1241 3718 ex

231 3749 267 3822 Ε,
295 3747 320 3810 C
345 3755 464 3820 exeunt,
490 3759 667 3811 concurrent
691 3749 780 3828 igitur
804 3767 870 3807 eum
894 3747 962 3806 illis.
1000 3745 1188 3807 Concurraut
1210 3755 1243 3807 et

230 3839 273 3900 sit
296 3855 459 3900 concursus
477 3835 514 3911 E,
534 3837 572 3912 D,
598 3846 629 3899 et
653 3837 773 3899 refracti
797 3837 828 3896 Iri
852 3835 913 3907 ΕΕ,
940 3835 1009 3897 GD.
1054 3833 1129 3897 (ium
1152 3835 1243 3914 igitur

231 3925 295 4002 FE,
321 3923 381 3988 GD
411 3932 482 4005 post
515 3945 688 3988 concursum
713 3935 744 3986 et
774 3924 938 3985 sectionem
973 3925 1047 3984 liant
1079 3924 1242 3986 exteriores

231 4034 322 4098 quam
347 4013 410 4089 ΒΕ,
430 4013 494 4090 CD,
519 4016 631 4077 nullum
656 4016 746 4094 Igitur
772 4013 888 4074 risibile
913 4014 1137 4092 (praeterquam
1160 4015 1243 4091 cujus

231 4103 353 4168 termIni
387 4103 450 4164 sint
477 4105 506 4166 In
535 4105 609 4186 ipsis
642 4105 761 4186 punctis
794 4121 955 4164 concursus
980 4101 1019 4174 Ε,
1044 4101 1089 4176 D)
1120 4111 1183 4164 tam
1207 4121 1243 4162 ex

231 4195 401 4276 propinqua
432 4211 519 4273 quam
549 4214 586 4256 ex
614 4203 730 4256 remota
764 4193 843 4254 lente
877 4191 963 4252 sImuI
997 4191 1101 4252 eodem
1135 4193 1244 4270 angulo

231 4283 317 4348 Bac
357 4283 404 4344 rel
437 4280 523 4344 ΕΑΘ
559 4283 754 4364 spectabitur.
812 4283 889 4342 Nam
924 4277 1055 4340 risibilia
1086 4281 1246 4341 remotIora
1353 4347 1354 4352 .

232 4391 322 4454 quam
337 4371 403 4446 ΕΙ),
429 4379 463 4432 ut
479 4370 595 4433 rIsibile
616 4373 671 4448 ΚΙ,
692 4371 936 4450 comprehensum
962 4369 1102 4430 refractis
1122 4369 1245 4448 propiu-

232 4481 310 4542 quae
335 4458 426 4524 lentis
449 4460 506 4534 BI,
532 4459 598 4538 CK,
632 4481 689 4522 non
722 4460 990 4540 comprehendetur
1021 4458 1161 4520 refractis
1185 4456 1246 4532 Fi),

233 4549 293 4612 GI)
327 4549 432 4611 eodem
466 4551 575 4627 angulo
609 4549 693 4610 rutel
728 4552 765 4610 ad
798 4550 913 4610 oculum
956 4546 1162 4618 renieutibus,
1194 4547 1247 4606 sed
1292 4587 1309 4624 ι

233 4639 429 4702 Interioribus
453 4638 534 4698 intra
555 4641 591 4708 F,
617 4637 657 4712 G,
682 4637 730 4718 qui
755 4637 860 4699 minori
885 4636 995 4716 angulo
1020 4636 1058 4699 ad
1075 4639 1104 4696 Α
1129 4633 1247 4697 oculum

233 4729 379 4880 saeclum,
394 4727 510 4788 miuora
533 4729 624 4808 Igitur
648 4737 796 4808 apparent
810 4745 864 4806 per
888 4726 1079 4788 remotiorem
1095 4723 1151 4787 Gr
1174 4743 1262 4808 (puero
1278 4751 1333 4810 per
1353 4730 1595 4814 propinquiorem

262 4817 288 4878 B
311 4835 367 4898 per
389 4815 508 4878 LXVI.

323 4903 444 4968 XCIX.
491 4903 718 4984 Propositio.
767 4901 955 4975 cavalena,
979 4905 1164 4988 strorime
1195 4907 1378 4972 oculumsit
1405 4909 1595 4990 applicanda,
