3692 5842
731 482 932 550 aarum.
1229 447 1232 454 ’
1440 482 1504 551 ιιι

150 682 220 725 esse
243 667 278 724 nt
300 680 388 723 casum
412 662 586 744 omnesqui
610 669 681 725 sunt
703 662 866 742 possibiles
894 661 1043 724 eveniant.
1090 660 1157 743 Ego
1179 679 1250 722 vero
1280 663 1364 733 dico.
1394 664 1503 727 falsum

149 754 208 814 lroc
232 770 308 813 esse.
355 751 435 812 Nam
458 751 484 812 si
507 770 596 813 casus
620 752 698 814 inter
721 752 822 830 jactus
846 752 1015 814 dominetur
1043 750 1184 812 fortuitus
1207 750 1343 832 interque
1366 752 1503 833 jactuum

150 840 327 903 cadentias:
359 849 441 901 certe
464 859 523 901 uuo
546 840 679 921 quolibet
697 840 782 921 jactu
806 848 948 919 poterunt
971 840 1078 901 cadere
1109 840 1227 913 omnia:
1261 840 1361 921 itaque
1386 843 1501 917 atille,

149 947 228 1013 quae
251 936 343 990 antea
366 927 546 990 ceciderant.
593 926 679 1000 Quae
703 929 728 989 si
753 930 878 1003 cadant,
907 948 966 990 non
995 928 1106 990 cadent
1132 928 1224 1007 igitur
1251 928 1325 1005 alia,
1356 950 1414 992 uon
1439 932 1502 1007 illa,

149 1037 228 1101 quae
250 1018 379 1080 uond'urn
402 1017 593 1089 ceciderant:
618 1017 662 1079 ita
683 1018 746 1079 fleri
769 1026 882 1098 potest,
908 1017 1044 1098 quamvis
1068 1017 1189 1078 infinitis
1209 1017 1357 1096 jactibus,
1382 1027 1417 1081 ut
1441 1021 1500 1083 ali-

148 1129 219 1191 qua,
244 1126 319 1189 qnae
339 1107 447 1167 cadere
466 1105 619 1184 possibile,
643 1124 702 1170 non
718 1107 847 1169 cadant:
871 1126 929 1168 non
949 1106 1041 1184 igitur
1061 1125 1195 1178 necesse,
1214 1113 1247 1166 ut
1262 1107 1361 1168 omnia
1381 1110 1502 1173 cadant.

147 1198 199 1262 Ita
222 1215 294 1259 casn
317 1196 408 1259 etiam
433 1194 565 1257 admisso
589 1214 738 1275 nunquam
761 1205 862 1258 tamen
891 1202 1004 1258 certum
1028 1195 1100 1268 erit,
1125 1215 1162 1256 an
1187 1194 1271 1256 sidus
1294 1196 1351 1258 hoc
1373 1216 1446 1259 casu
1471 1197 1500 1259 in

146 1289 248 1351 locum
271 1283 488 1364 conjunctionis
520 1301 649 1365 magnae
680 1285 828 1346 inciderit.
875 1285 1003 1345 Poterat
1026 1284 1104 1346 enim
1137 1302 1225 1345 casus
1249 1285 1305 1345 hoc
1333 1295 1500 1364 praestare,

145 1373 392 1457 poterat·etiam
423 1391 481 1434 non
505 1382 671 1453 praestare.
717 1374 752 1435 In
787 1373 903 1435 incerto
934 1372 1135 1452 relinquimur.
1183 1371 1362 1452 Quanquam
1396 1373 1502 1437 Cicero

146 1465 226 1527 libro
248 1464 273 1525 1.
298 1464 335 1524 de
358 1461 551 1532 Divinatione
582 1471 693 1542 negat,
726 1462 789 1524 lieri
821 1481 909 1543 posse
942 1480 1087 1540 unquam,
1121 1470 1154 1523 ut
1177 1462 1337 1524 veritatem
1367 1464 1501 1543 perfecte

145 1572 238 1616 casus
262 1552 419 1632 exprimat.
456 1549 537 1613 Olim
561 1552 590 1613 in
615 1551 829 1626 adolescentia,
849 1571 916 1613 cunr
941 1551 1124 1614 abundarem
1145 1551 1215 1623 otio,
1241 1552 1411 1613 delectatus
1435 1571 1500 1615 sorn

89 1669 91 1675 ’
146 1664 185 1706 ea
208 1642 361 1715 vanitate,
392 1639 477 1718 cujus
509 1642 620 1743 mqltos
650 1640 814 1703 adultiores
843 1658 901 1702 non
931 1639 1043 1720 pudet:
1079 1639 1281 1720 Lycophronti
1306 1621 1500 1704 Olraleidensi

145 1740 258 1815 poetae
274 1730 460 1793 attribuunt:
486 1729 582 1790 literis
598 1730 723 1791 nominis
744 1730 801 1792 mei
821 1729 939 1809 graecis
956 1727 1147 1811 transcriptis
1161 1728 1252 1802 varie,
1278 1729 1363 1790 effeci
1379 1732 1501 1793 tandem

145 1820 331 1884 seutentiam
358 1826 490 1892 certam,
524 1826 558 1880 ut
589 1836 643 1898 pro
668 1824 794 1896 Ioanne
817 1821 974 1897 Kenlqpo:
1004 1817 1155 1896 legeretur
1186 1819 1335 1897 Zaapqror
1358 1823 1503 1897 scaniae:

144 1919 179 1973 et
201 1910 295 1972 latine
326 1907 462 1971 Joaunes
484 1907 633 1987 Keplems
666 1916 756 1970 sonat
786 1927 839 1988 per
861 1906 1146 1986 transpositionem:
1172 1905 1302 1987 Serpens
1327 1908 1354 1969 in
1382 1910 1499 1972 akrrleo.

145 1999 210 2063 Sed
233 2017 300 2060 oum
322 2016 379 2058 non
403 1996 539 2075 placeret
556 2016 662 2058 seusus
685 2015 882 2078 cuperemque
907 1996 1008 2067 alium,
1032 2014 1087 2057 nec
1102 2003 1203 2057 tarnen
1226 1997 1412 2072 succederet,
1438 2016 1501 2059 reru

145 2090 286 2152 fortunae
317 2085 462 2152 commisi.
510 2083 641 2147 Obartas
674 2086 802 2147 lusorias
832 2086 949 2165 aequali
979 2103 1047 2146 cum
1081 2085 1176 2145 literis
1209 2102 1329 2146 numero
1363 2086 1499 2165 singulas

144 2178 273 2256 singulis
303 2174 441 2253 inscripsi
473 2174 587 2236 literis:
620 2174 689 2236 inde
718 2175 802 2255 coepi
832 2175 960 2236 miscere
989 2173 1111 2235 chartas
1137 2173 1228 2234 etad
1258 2169 1366 2235 seriem
1398 2194 1500 2238 earum

144 2266 310 2330 identidem
332 2263 496 2343 respicere,
528 2265 552 2324 si
577 2264 695 2343 quando
719 2282 824 2324 sensus
858 2262 967 2343 aliquis
997 2262 1140 2342 prodiret.
1188 2262 1237 2323 Dii
1262 2263 1396 2343 deaeque
1421 2263 1498 2343 Epi-

144 2373 254 2428 cureae
277 2372 382 2416 omnes
400 2353 533 2433 perdant
555 2352 633 2412 hunc
647 2371 759 2425 casum,
784 2353 833 2432 qni
847 2352 919 2414 mihi
944 2351 1016 2412 nihil
1041 2369 1222 2430 unquamne
1242 2351 1356 2414 eminus
1381 2352 1501 2433 quidem
1540 2431 1542 2436 ,

145 2445 307 2508 ostendere
340 2441 459 2521 potuit,
489 2441 566 2520 quod
600 2441 638 2501 ad
669 2442 850 2503 seutentiam
883 2441 1013 2521 aliquam
1045 2440 1212 2514 alluderet,
1246 2459 1312 2504 cum
1343 2442 1502 2521 plurirnum

145 2533 290 2614 temporis
313 2533 454 2610 eriperet.
500 2528 542 2591 Et
564 2538 631 2591 erat
653 2539 754 2606 tarnen
779 2531 858 2591 inter
881 2548 969 2591 casus
992 2529 1163 2608 possibilis,
1193 2540 1226 2590 ut
1249 2530 1382 2608 prodiret
1406 2532 1460 2592 illa
1483 2550 1502 2593 a

144 2642 195 2685 me
217 2623 340 2685 inventa
370 2618 537 2693 sententia,
563 2620 714 2698 Zaapqsor
736 2621 874 2696 anantes.
921 2619 1028 2698 ltaque
1060 2617 1183 2679 chartas
1212 2637 1297 2680 meas
1325 2620 1503 2683 Aetherioni

145 2712 295 2792 Epicureo
330 2707 440 2770 tradidi
468 2707 497 2768 in
520 2708 646 2786 Apimm
681 2708 900 2786 deportandas:
936 2707 1092 2788 feruntque
1121 2706 1161 2768 ibi
1194 2708 1263 2770 illas
1294 2709 1391 2771 adhuc
1421 2710 1510 2772 iuter.

144 2811 267 2863 atomos
289 2798 417 2860 volitare
441 2796 660 2868 confusissime,
684 2796 795 2858 nullius
817 2796 887 2857 durn
911 2815 1017 2858 sensus
1041 2802 1152 2858 certas.

235 2888 341 2950 Dicam
364 2907 540 2965 γυμνασιαις
559 2886 631 2946 meis
656 2884 892 2965 disputatoribus
914 2886 1096 2947 sententiam
1115 2904 1172 2947 non
1196 2903 1304 2960 meam,
1330 2886 1383 2947 sed
1399 2888 1502 2948 uxoris

101 2989 105 3000 '
144 2997 248 3053 meae,
282 2978 370 3056 idque
401 2975 485 3048 ideo,
519 2975 590 3054 quia
611 2975 751 3036 inductus
783 2976 914 3055 ipsorum
947 2973 1112 3037 rationibus
1138 2975 1203 3053 jam
1230 2975 1323 3040 modo
1354 2976 1501 3049 concessi,

145 3068 280 3132 ordinem
304 3084 375 3127 casu
400 3065 478 3125 effici
501 3081 606 3142 posse,
638 3066 716 3143 quod
745 3083 803 3125 non
834 3063 954 3125 videtur
982 3083 1087 3125 meae:
1120 3062 1269 3144 utigitur
1291 3084 1338 3125 me
1363 3066 1501 3139 doceant,

144 3157 328 3221 senteutiam
352 3172 422 3216 ase
446 3154 668 3232 suppeditatarn
692 3160 797 3213 contra
819 3153 978 3213 molestum
1002 3161 1033 3214 et
1049 3172 1170 3231 gravern
1194 3153 1272 3214 hunc
1296 3154 1501 3215 adversarium

145 3246 317 3310 defendere.
364 3242 451 3316 Heri,
485 3242 554 3302 dum
579 3243 676 3302 fessus
700 3262 719 3302 a
741 3240 898 3302 scribendo
933 3242 1089 3321 animoque
1118 3242 1198 3304 intus
1229 3243 1437 3322 pulverulento
1454 3243 1501 3310 ,ab

146 3345 313 3398 atomorum
343 3333 469 3394 istarum
498 3330 787 3391 considerationibus
820 3329 859 3390 ad
892 3347 1015 3390 coenam
1048 3347 1156 3403 vocor,
1191 3323 1317 3410 apponit
1346 3331 1418 3392 rnihi
1452 3351 1498 3405 ea,

144 3442 234 3507 quam
258 3422 330 3496 dixi,
354 3419 527 3482 acetarium.
573 3419 665 3498 Ergo,
690 3418 808 3498 inquam
832 3435 898 3496 ego,
922 3416 948 3477 si
973 3425 1037 3479 toto
1060 3425 1131 3480 aere
1154 3420 1309 3481 confertae
1338 3420 1502 3483 volitarent

144 3513 269 3596 patinae
302 3519 464 3582 stanneae,
499 3508 570 3569 folia
592 3509 746 3574 lactucae,
776 3506 872 3567 micae
895 3506 989 3577 salis,
1021 3515 1126 3585 guttae
1157 3525 1270 3586 aquae,
1302 3510 1398 3581 aceti,
1432 3509 1500 3584 olei,

145 3613 270 3672 brorum
294 3600 452 3673 decusses,
486 3598 573 3679 idque
597 3598 635 3657 ab
660 3603 783 3657 aeterno
810 3596 916 3657 duret:
951 3596 1079 3656 futurum
1105 3603 1153 3657 est
1174 3597 1295 3658 tandem
1328 3598 1500 3677 aliqnando,

146 3701 184 3753 ut
207 3688 330 3752 fortuito
354 3689 416 3748 tale
440 3695 529 3748 coeat
551 3684 739 3748 acetarium?
763 3684 918 3765 respondit
941 3683 1020 3745 bella
1039 3702 1125 3747 mea:
1149 3682 1211 3746 Sed
1226 3704 1282 3746 nou
1303 3687 1359 3748 hoc
1382 3687 1500 3761 decore,

145 3778 325 3860 neque-hoc
349 3777 462 3838 ordine.

236 3867 332 3929 Miser
355 3883 426 3944 ego,
456 3864 525 3944 quid
554 3863 691 3924 afferrem
716 3863 754 3923 ad
779 3860 951 3923 sententiae
973 3879 1058 3922 meae
1090 3860 1318 3924 defensionem?
1351 3863 1430 3925 Visa
1454 3873 1502 3926 est

145 3956 323 4020 verisimilia
346 3955 456 4016 dicere.
494 3951 640 4015 Nimirum
664 3954 703 4013 ab
726 3951 879 4031 ipsissimo
903 3949 1049 4013 Cicerone
1073 3950 1185 4012 didicit.
1224 3950 1275 4013 Sic
1295 3952 1374 4013 euim
1397 3963 1428 4015 et
1451 3954 1501 4016 ille

146 4047 232 4111 casui
257 4045 385 4123 largitur
413 4055 546 4123 ,figuram
572 4052 692 4123 aliquam
713 4070 767 4106 non
794 4050 955 4106 dissimilem
974 4066 1071 4115 verae,
1099 4052 1147 4105 sed
1169 4057 1244 4106 certe
1265 4068 1320 4106 non
1341 4054 1440 4118 talem,
1469 4060 1503 4108 ut

145 4162 209 4202 earu
230 4146 332 4202 motam
354 4159 373 4197 a
392 4158 479 4213 scopa
497 4141 627 4196 diceres*
673 4132 787 4211 Magna
816 4141 863 4192 est
893 4130 1002 4192 fiducia
1033 4129 1142 4194 mentis
1175 4131 1340 4211 ubicunque
1373 4143 1502 4212 apparet

130 4226 240 4287 ordo:
273 4224 358 4301 eujus
390 4222 433 4283 rei
466 4240 558 4282 causa
590 4239 627 4280 er
664 4219 860 4300 penitissimis
892 4219 1074 4298 geometriae
1107 4219 1239 4281 fontibus
1276 4222 1407 4300 petenda
1441 4230 1500 4284 est.

147 4312 267 4385 Quodsi
298 4312 389 4373 etiam
421 4329 494 4372 casu
529 4309 696 4371 efficeretur
727 4309 837 4390 aliquis
867 4310 960 4382 ordo,
992 4316 1092 4369 tamen
1116 4307 1172 4369 huc
1205 4310 1309 4370 statim
1339 4311 1502 4373 convolant

146 4412 285 4477 mentes,
318 4401 394 4463 haec
425 4400 558 4479 ipsamm
590 4398 768 4471 delectatio,
807 4397 882 4458 haec
914 4398 988 4458 vita.
1044 4394 1093 4457 Ad
1125 4396 1206 4458 rnille
1238 4416 1326 4460 casus
1359 4399 1501 4461 informes

146 4492 303 4571 torpidae,
337 4491 375 4552 ad
403 4508 490 4550 unum
522 4488 688 4549 ordinatum
719 4486 823 4547 statim
852 4486 1113 4564 expergiscuntur,
1148 4487 1284 4565 vigilant.
1332 4487 1440 4567 Itaque
1463 4507 1501 4549 ne

111 4573 115 4582 “
147 4582 284 4662 quidem,
308 4580 334 4641 si
358 4599 430 4640 casu
454 4579 546 4639 stella
570 4577 597 4636 in
620 4577 811 4655 planetarum
834 4574 990 4636 concilium
1016 4573 1134 4650 incidit,
1163 4586 1322 4656 propterea
1346 4577 1418 4638 nihil
1444 4577 1521 4638 hoc.

146 4670 263 4732 efficit:
297 4669 365 4750 quin
396 4668 491 4729 omnis
521 4665 671 4726 mundana
702 4674 811 4726 natura
834 4670 866 4724 et
892 4661 1030 4743 quicquid
1063 4683 1187 4741 usquam
1216 4675 1264 4725 est
1293 4667 1422 4726 mentale
1447 4686 1499 4728 seu

146 4759 276 4822 rationis
299 4757 464 4835 agitatione
488 4774 542 4816 seu
566 4754 708 4815 instinctu
736 4752 859 4832 perenni
891 4752 1056 4824 suffultum,
1091 4752 1282 4814 vehementer
1305 4772 1340 4814 eo
1364 4774 1497 4816 commo·

147 4857 255 4910 vetur:
286 4847 343 4907 soli
367 4846 398 4907 hi
420 4843 604 4926 philosophi,
638 4842 742 4922 quibus
765 4860 818 4922 pro
846 4842 949 4903 ordine
973 4843 1073 4921 placet
1102 4841 1253 4914 confusio,
1285 4842 1334 4920 qni
1358 4845 1497 4906 mundum

147 4935 381 5022 pulcherrimum
404 4936 483 4996 inter
511 4933 686 4995 inamoenus
710 4940 826 5000 atomos
854 4931 1040 5013 abjecerunt,
1065 4929 1120 4992 lroc
1143 4940 1213 4991 snut
1236 4931 1348 5009 meriti,
1372 4941 1406 4995 ut
1428 4934 1497 5015 pol-
