3692 5842
245 432 316 498 280
740 434 912 485 Asuouomiao
931 434 992 486 Pars
1011 432 1108 498 Optica.

246 609 339 673 fuerit
362 610 496 689 impleta.
543 611 611 672 Non
635 620 736 673 tamen
760 611 934 691 negaverim
958 610 1026 690 quin
1051 611 1108 672 hac
1130 629 1224 673 causa
1246 608 1335 673 initia
1353 618 1387 674 et
1408 611 1484 674 lines
1505 610 1605 691 eclip-

245 697 323 762 sium
345 700 454 761 reddat
477 699 682 773 obscurioreS,
708 701 785 762 sicut
810 701 909 762 solent
932 720 999 761 esse
1023 700 1112 762 valde
1136 699 1241 774 dubia,
1269 719 1305 761 co
1329 699 1409 782 quod
1432 720 1493 781 qua
1514 698 1607 763 Luna

243 787 323 849 solet
346 788 480 849 umbram
504 789 631 868 ingredi,
655 789 709 849 illa
731 797 828 868 parte,
853 796 978 868 propter
1000 789 1151 851 sectiones
1176 788 1353 851 circulorum
1375 788 1608 852 illuminationis

244 884 275 937 et
300 876 434 950 visionis,
458 877 565 937 nudior
588 877 685 939 adhuc
710 899 728 938 a
753 879 910 939 luccesse
935 878 1022 939 solet.
1072 875 1175 947 Quare
1198 877 1230 937 iu
1253 876 1362 940 vicinia
1392 878 1533 949 umbrae,
1557 877 1607 940 nbi

243 964 332 1025 valde
367 965 466 1025 tenuis
500 966 648 1045 particula
677 967 713 1027 de
744 986 868 1045 corpore
897 965 978 1028 Solis
1011 966 1089 1027 hunc
1121 967 1226 1027 Lunae
1258 966 1423 1046 marginem
1456 967 1606 1038 illustrat,

243 1052 343 1114 lumen
368 1053 460 1114 etiam
484 1055 588 1115 Lunae
614 1055 702 1115 valde
727 1056 888 1116 hebescere
912 1055 1062 1116 convenit.

244 1245 275 1309 7.
299 1247 351 1308 De
375 1269 585 1327 oosavycrq,
608 1251 798 1329 lanesperc
821 1251 854 1311 iu
879 1249 1090 1311 illustratis
1114 1257 1151 1310 et
1172 1248 1378 1329 penumbra
1396 1244 1606 1320 Terrae.‘')

334 1405 464 1466 Accedit
485 1426 628 1488 namque,
654 1410 731 1489 qnod
756 1429 793 1471 ex
816 1410 868 1470 illa
891 1417 978 1489 parte
1002 1408 1120 1483 Lunae,
1147 1426 1222 1487 quae
1241 1406 1371 1486 jamjam
1394 1407 1534 1469 umbram
1558 1417 1609 1468 ast

304 1544 332 1593 H
377 1541 412 1595 39
484 1496 663 1572 delibatura,
689 1499 817 1560 circulus
842 1496 1069 1560 illuminationis
1093 1496 1240 1576 rumpitur
1253 1515 1380 1577 seseque
1398 1496 1508 1575 recipit
1526 1496 1608 1559 intra

333 1559 358 1610 κ’
415 1581 421 1594 ’
485 1584 626 1648 circulum
648 1586 773 1648 visionis
805 1587 923 1665 lougius
955 1587 1089 1665 adeoque
1122 1586 1218 1647 minos
1241 1606 1260 1645 a
1282 1584 1351 1664 polo
1375 1583 1606 1647 illuminationis

486 1675 582 1736 distat
605 1694 693 1755 quam
721 1675 848 1737 circulus
880 1675 1041 1748 maximus,
1076 1675 1156 1754 quod
1179 1672 1222 1734 sic
1250 1674 1443 1736 demonstro:
1477 1671 1605 1735 Centris

485 1764 578 1833 A,B
612 1764 782 1826 scribantur
814 1764 916 1826 circuli
950 1763 1086 1838 maximi,
1125 1760 1205 1824 Solis
1236 1759 1309 1835 01),
1341 1762 1446 1824 Lunae
1474 1759 1604 1836 EFHG,

485 1858 652 1932 tangatque
677 1854 799 1915 dextras
830 1853 1008 1915 circulorum
1036 1860 1140 1932 partes
1165 1860 1248 1913 recta
1270 1850 1343 1925 ΒΗ,
1369 1850 1510 1913 sinistras
1536 1849 1604 1913 Co.

484 1939 616 2002 Rursum
640 1950 741 2003 autem
765 1942 904 2004 dextram
919 1941 1000 2003 Solis
1016 1949 1048 2001 et
1062 1941 1216 2002 sinistram
1230 1940 1335 2001 Lunae
1359 1949 1478 2019 partem
1494 1949 1607 2018 tangat

484 2037 569 2090 recta
591 2030 661 2104 DE,
688 2031 817 2110 reliquas
841 2040 945 2110 partes
969 2039 1054 2092 recta
1077 2028 1144 2104 CF,
1174 2048 1283 2090 secans
1305 2027 1362 2090 DE
1385 2029 1415 2090 in
1438 2036 1554 2108 puncto
1577 2030 1604 2090 1.

485 2116 633 2197 Quicquid
657 2118 749 2198 igitur
772 2128 821 2180 est
844 2120 921 2181 inter
941 2120 1019 2191 E,F
1041 2126 1162 2197 puncta,
1188 2138 1208 2178 a
1231 2125 1295 2178 toto
1316 2115 1397 2178 Solis
1421 2117 1604 2196 aspectabili

484 2206 704 2284 hemisphaerio
720 2208 923 2269 collustratur.
954 2208 1080 2270 Dicatur
1094 2225 1165 2267 vero
1179 2205 1312 2267 notionis
1327 2224 1421 2267 causa
1435 2227 1604 2283 caraman.

485 2291 711 2358 Conuectantur
741 2296 794 2357 EF
824 2306 854 2357 et
890 2296 967 2370 Gll,
1001 2295 1263 2375 repraesentantia
1294 2293 1423 2356 circulos
1457 2293 1603 2373 integros,

484 2381 623 2445 minores.
662 2381 810 2464 Quicquid
835 2386 927 2463 igitur
951 2394 999 2447 est
1022 2385 1100 2447 inter
1115 2384 1169 2444 hos
1194 2382 1330 2456 circulos,
1356 2383 1386 2443 id
1406 2382 1604 2444 collustratur

346 2539 370 2551 -
484 2471 601 2550 quidem
626 2472 664 2533 ab
688 2474 789 2553 aliqua
817 2475 950 2553 corporis
974 2473 1090 2536 Solaris
1118 2472 1282 2551 particula,
1311 2472 1366 2532 sed
1394 2471 1509 2533 nullum
1539 2471 1604 2545 cius

484 2559 566 2620 limbi
590 2569 732 2640 punctum
756 2583 774 2621 a
797 2571 861 2622 toto
891 2562 1069 2642 aspectabili
1101 2580 1225 2641 corpore
1250 2558 1348 2621 Solis:
1383 2559 1459 2621 adeo
1485 2578 1604 2637 semper

385 2643 390 2666 ¹
484 2649 597 2727 aliquid
622 2651 658 2709 de
683 2648 755 2710 Sole
780 2650 867 2711 deest
890 2660 921 2711 et
945 2661 1015 2730 post
1033 2651 1137 2712 Lunae
1157 2666 1264 2727 corpus
1288 2648 1468 2710 occultatur.
1506 2648 1603 2710 Dica-

484 2743 533 2797 tur
555 2737 630 2800 haec
653 2740 811 2816 λιπαυγεια.

574 2825 660 2897 Quod
686 2826 711 2887 si
735 2825 849 2887 El'llG
874 2826 1027 2900 intelligas
1051 2827 1175 2888 Terram
1199 2845 1281 2899 esse,
1315 2827 1439 2887 valeant
1463 2826 1602 2907 appella-

484 2914 581 2975 tiones
605 2915 743 2983 eaedem,
773 2925 804 2975 et
828 2916 982 2995 productis
1011 2914 1205 2995 aliquousquc
1229 2914 1316 2974 lineis
1342 2914 1396 2975 DE
1420 2914 1449 2975 in
1475 2914 1520 2982 K.
1547 2911 1602 2975 CG

242 3005 332 3079 inL,
358 3004 409 3068 CF
435 3007 464 3068 iu
489 3003 535 3075 M,
559 3003 620 3065 Dll
653 3005 681 3063 in
706 3005 754 3065 n':
789 3004 868 3083 quod
902 3012 950 3062 est
982 3003 1059 3064 iuter
1089 3004 1116 3063 K
1142 3015 1172 3064 et
1195 3005 1238 3077 L,
1263 3004 1291 3067 ii
1317 3014 1348 3063 et
1371 3004 1404 3063 Μ
1436 3002 1603 3083 penumbra

243 3093 370 3168 dicatur,
397 3095 454 3155 Lu*
479 3113 549 3152 vero
575 3093 689 3153 umbra.
739 3091 814 3153 Cum
838 3111 909 3169 ergo
933 3101 1037 3170 partes
1062 3090 1143 3153 Solis
1163 3092 1188 3155 C
1214 3092 1382 3153 illuminent
1405 3092 1526 3152 Lunam
1547 3089 1601 3151 GE

245 3202 338 3262 usque
358 3183 387 3243 in
402 3185 437 3255 F,
456 3184 485 3243 D
510 3200 580 3239 rere
595 3181 649 3241 EF
673 3200 764 3260 usque
790 3181 817 3240 iu
834 3181 872 3254 Π,
897 3191 984 3259 patet
1008 3181 1046 3240 ad
1071 3183 1198 3253 oculum,
1223 3184 1299 3260 quod
1324 3180 1480 3260 punctoD
1506 3179 1601 3240 inter-

244 3279 331 3350 septo
356 3280 497 3350 puuctum
522 3270 550 3329 ll
575 3270 671 3329 lumen
705 3270 815 3330 nullum
848 3278 1038 3347 recepturum
1062 3271 1119 3342 sit,
1149 3280 1180 3331 ct
1202 3271 1337 3349 partibus
1362 3270 1420 3330 DA
1446 3267 1600 3329 versusC

243 3359 389 3439 paulatim
421 3360 597 3437 interseptis
631 3359 749 3436 objectu
782 3359 913 3430 Terrae,
947 3359 1044 3420 lumen
1078 3358 1116 3419 ab
1149 3359 1178 3419 Il
1211 3359 1356 3437 paulatim
1390 3377 1484 3437 usque
1518 3357 1548 3416 iu
1579 3358 1601 3416 l'

242 3448 442 3526 extinguetur.
483 3448 583 3519 Quare
603 3446 663 3507 Gll
687 3445 814 3508 circulus
838 3450 1013 3525 λιπαυγειας,
1038 3448 1086 3527 qui
1112 3448 1167 3507 luit
1191 3448 1219 3508 iu
1244 3447 1449 3527 superioribus
1474 3446 1601 3507 circulus

242 3537 489 3608 illuminationis,
523 3544 674 3614 rumpetur
708 3556 744 3595 cx
777 3547 862 3612 parte
887 3536 913 3594 il
947 3555 1037 3614 sequo
1072 3556 1176 3598 rersus
1199 3538 1224 3596 F
1256 3537 1397 3597 circulum
1431 3557 1602 3611 caereorum·

242 3625 381 3704 recipiet,
417 3626 505 3705 idque
529 3626 623 3686 multo
653 3636 723 3684 ante
757 3644 844 3703 quam
879 3624 1003 3703 incipiat
1033 3624 1163 3704 eclipsis.
1211 3626 1253 3686 Ut
1285 3634 1385 3686 autem
1414 3625 1601 3704 quantitates

240 3713 479 3791 investigentur,
514 3734 630 3775 rursum
665 3731 809 3791 ponamus
842 3735 892 3786 ea,
927 3733 1002 3792 quae
1038 3714 1163 3774 Vitellio
1189 3723 1219 3773 ct
1241 3712 1428 3774 Reirrholdus
1463 3731 1600 3792 posuere,

243 3802 421 3863 distantiam
445 3802 526 3863 Solis·
551 3824 569 3863 a
592 3803 687 3863 'l'erra
714 3799 813 3873 1210,
838 3804 941 3863 Lunae
966 3824 984 3862 a
1008 3803 1100 3863 Terra
1125 3799 1181 3876 fit,
1207 3823 1297 3881 qnare
1321 3803 1427 3863 Lunae
1451 3802 1561 3879 plenae
1586 3822 1602 3857 a

243 3887 317 3951 Sole
346 3886 438 3963 1274,
463 3909 540 3970 quae
564 3899 612 3951 est
635 3890 716 3950 linea
735 3891 801 3951 AB.
849 3895 1007 3970 Apparcat
1030 3900 1128 3951 autem
1153 3891 1305 3972 utriusque
1330 3890 1485 3952 luminaris
1509 3890 1599 3950 serui-

243 3978 392 4039 diameter
422 3978 469 4040 15¹
494 3975 569 4053 40¹⁴,
603 3987 689 4057 patet
713 3980 776 4039 sine
801 3981 932 4052 calculo,
968 3981 1044 4058 quod
1078 3990 1218 4058 punctum
1244 3982 1257 4042 1
1285 3981 1326 4041 sit
1356 3980 1386 4040 iu
1418 3978 1485 4057 ipsa
1509 3978 1602 4038 Terra

244 4066 386 4128 futurum.
433 4066 512 4127 liam
536 4067 562 4128 si
586 4068 615 4127 io
639 4086 712 4128 vera
736 4069 922 4146 oppositione
947 4068 1015 4129 Ele*
1038 4080 1069 4129 ct
1094 4068 1166 4130 cm
1190 4069 1249 4129 siut
1281 4069 1439 4147 aequales,
1468 4068 1480 4127 l
1506 4068 1601 4129 risum

241 4162 512 4233 repraesentante:
538 4166 608 4217 tuuc
632 4156 705 4217 EID
730 4176 788 4216 una
812 4157 988 4231 metuerit,
1014 4166 1045 4218 et
1067 4156 1135 4218 FIC
1164 4158 1265 4220 etiam.
1312 4160 1356 4218 At
1381 4176 1418 4217 ex
1442 4165 1600 4217 construc-

240 4242 323 4304 tione
348 4262 464 4324 quoque
488 4253 591 4305 rectae
616 4265 683 4305 osso
708 4244 827 4306 debent.
866 4245 947 4324 Ergo
964 4246 976 4305 1
994 4246 1087 4307 Terra
1107 4255 1199 4307 estet
1214 4246 1267 4307 EF
1286 4246 1413 4307 circulus
1429 4268 1601 4325 aerumnosa

241 4332 321 4393 idem
348 4340 380 4393 et
412 4332 541 4394 circulus
579 4333 703 4394 visionis
743 4345 806 4406 est;
850 4334 996 4412 siquidem
1029 4334 1174 4414 possibile
1208 4347 1303 4409 esset,
1340 4334 1499 4397 luminaria
1532 4356 1601 4396 rere

239 4421 348 4501 opponi
381 4421 460 4482 citra
493 4421 644 4483 tenebras.
693 4422 769 4482 llinc
804 4432 835 4483 ut
868 4432 959 4483 autea
991 4423 1079 4484 datur
1107 4422 1165 4484 EG
1199 4425 1246 4484 vel
1277 4425 1332 4485 b'll
1364 4443 1453 4484 arcus
1487 4424 1601 4487 dimidii

240 4508 361 4571 circiter
385 4510 507 4589 gradus.
546 4510 676 4572 Proinde
702 4511 792 4571 ctiam
817 4511 961 4571 inclinato
985 4511 1096 4573 circulo
1121 4512 1243 4574 visionis
1268 4514 1330 4588 EF,
1356 4523 1388 4572 ut
1411 4523 1522 4592 tangat
1543 4511 1601 4575 Gll

239 4596 269 4658 iu
293 4598 335 4670 ll,
369 4598 467 4678 portio
491 4598 546 4658 ΡΗ
579 4599 714 4659 extincta
744 4608 814 4659 ante
839 4601 1017 4679 principium
1040 4601 1161 4679 eclipsis
1187 4611 1219 4662 ut
1242 4603 1341 4680 prius,
1366 4601 1416 4661 vix
1440 4602 1603 4682 apparebit

240 4685 471 4764 quatuordecies
496 4687 653 4748 millesima
677 4687 827 4765 particula
850 4689 1066 4750 semidiametri
1089 4690 1204 4751 Lunae.
1253 4689 1343 4762 Quod
1371 4689 1485 4751 addere
1510 4690 1600 4764 rolni,

241 4791 279 4834 ue
312 4774 513 4854 imperitiores
537 4775 565 4835 in
599 4783 680 4835 metu
712 4776 924 4836 constituerem
958 4779 1012 4837 lrac
1045 4779 1083 4838 ad
1117 4778 1214 4839 virum
1250 4779 1427 4841 resectione.
1476 4780 1602 4841 Nullum

241 4860 320 4924 euim
343 4862 374 4923 in
396 4861 542 4942 principio
567 4863 613 4922 vel
638 4863 694 4923 lino
719 4864 867 4941 eclipseos
899 4866 1062 4943 periculum
1091 4878 1152 4937 est,
1185 4869 1242 4928 etsi
1274 4868 1403 4929 circulus
1434 4870 1602 4946 bnamma

241 4955 313 5010 ante
338 4957 456 5028 tempos
479 4959 649 5029 rumpatur,
675 4958 707 5009 et
728 4952 777 5013 vel
800 4954 919 5030 penitus
949 4965 1111 5017 evanescat
1143 4956 1230 5037 inque
1260 4957 1402 5019 circulum
1427 4979 1602 5037 nmosqcroa
