3692 5842
219 4487 224 4492 ,
344 4422 618 4487 Videsne
679 4425 970 4505 Apelles,
1035 4426 1481 4489 inconsiderate
1550 4429 1776 4491 factum
1833 4450 1872 4490 a
1918 4436 2013 4501 te,
2082 4434 2151 4488 ut

2164 277 2202 320 δ

1182 490 1357 543 utum
1394 491 1598 557 Kopleri
1633 491 1932 557 morumque
1966 479 2188 541 mum.
2908 478 3039 546 779

337 666 585 731 tabulae
630 665 881 748 Apelles
928 669 1281 749 speraverit.
1355 669 1475 732 Per
1510 669 1848 750 parallaxin
1895 669 2080 748 igitur
2125 665 2271 729 nihil
2318 662 2570 743 impedit
2617 658 2755 740 quin
2802 657 3036 719 isthaec

324 757 694 837 corpuscula
740 757 943 820 Solem
1004 759 1394 821 obscur-antia
1455 761 1551 821 vel
1610 760 1670 821 in
1731 758 1977 838 regione
2024 753 2305 818 Mercurii
2369 751 2467 813 vel
2532 751 2689 811 hunc
2752 748 2912 809 inter
2976 752 3043 808 et

338 847 641 911 Venerem
705 847 1087 911 circumeant.
1180 849 1268 911 Ut
1330 847 1512 928 igitur
1574 848 1889 928 ejiciantur
1953 865 2027 908 ex
2091 845 2184 907 his
2249 840 2592 921 regionibus
2654 836 2940 937 Veneris·
2975 841 3041 897 et

340 936 660 1007 Mercurii,
707 937 844 1000 aliis
890 956 1039 1020 opus
1086 945 1180 999 est
1228 938 1612 1017 argumentis,
1663 956 1814 1018 quae
1863 937 1993 1015 jam
2040 934 2250 997 statim
2295 932 2422 1011 ipse
2471 929 2644 991 nobis
2692 925 3043 1005 suppeditat

335 1026 613 1107 Apelles.
687 1027 847 1089 Nam
892 1029 945 1088 si
992 1027 1349 1090 credendum
1385 1027 1571 1107 ipsius
1619 1027 1975 1100 observatis,
2026 1024 2393 1086 macularum
2439 1020 2693 1080 istarum
2742 1024 2807 1076 et
2842 1021 3040 1116 motus

338 1124 410 1177 et·
448 1116 758 1198 quantitas
805 1116 997 1197 major
1044 1125 1141 1178 est
1187 1118 1242 1178 in
1292 1117 1486 1178 medio
1534 1116 1697 1179 Solis
1745 1116 2053 1188 umbilico,
2106 1130 2280 1194 quam
2326 1110 2487 1172 circa
2533 1108 2665 1187 ejus
2713 1120 3039 1182 margines.

338 1205 645 1285 Agnoscit
685 1206 942 1285 Apelles
987 1206 1116 1286 ipse
1166 1207 1288 1267 vim
1334 1206 1689 1285 argumenti,
1740 1213 1810 1267 ut
1854 1204 2082 1266 credat·
2112 1201 2375 1262 maculas
2423 1199 2577 1259 istas
2624 1194 2785 1256 circa
2834 1192 3041 1254 Solem

338 1293 667 1356 circumire.
762 1294 832 1357 Si
881 1293 1044 1356 circa
1090 1294 1333 1371 Solem,
1401 1315 1516 1357 non
1566 1296 1747 1375 igitur
1805 1295 1966 1355 linea
2027 1301 2194 1353 recta
2250 1288 2345 1348 vel
2391 1286 2655 1366 proxime
2717 1291 2887 1344 recta
2927 1300 3038 1383 per

339 1382 564 1446 faciem
611 1382 773 1446 Solis
834 1391 1188 1455 transeunt,
1236 1404 1584 1466 quocunque
1632 1384 1739 1445 illa
1794 1383 1926 1445 loco
1975 1382 2130 1454 sint,
2200 1398 2306 1441 seu
2350 1393 2534 1455 prope
2584 1372 2788 1436 Solem
2834 1391 2938 1433 seu
2982 1389 3045 1432 m

339 1472 687 1553 regionibus
733 1472 994 1536 Veneris
1041 1474 1458 1555 Mercuriique.
1552 1473 1741 1554 Atqui
1789 1472 2084 1535 curricula
2129 1465 2391 1530 Veneris
2427 1461 2822 1542 Mercuriique
2870 1478 3040 1521 com-

337 1570 563 1643 parata
609 1563 685 1624 ad
732 1580 948 1644 corpus
996 1562 1196 1637 Solis,
1246 1572 1311 1624 et
1354 1564 1593 1625 tantula
1647 1562 1958 1642 portione,
2028 1577 2203 1640 quam
2250 1556 2417 1617 disco
2464 1553 2627 1615 Solis
2691 1550 3041 1652 obtendunt,

339 1651 812 1732 aequiparantur
853 1652 1057 1718 rectis.
1152 1652 1288 1715 Non
1337 1661 1478 1715 sunt
1522 1652 1704 1731 igitur
1760 1652 1994 1714 isthaec
2048 1645 2343 1710 curricula
2385 1644 2446 1705 in
2494 1641 2735 1721 regione
2783 1639 3043 1702 Veneris

338 1740 766 1822 Mercuriique.
840 1741 1051 1822 Atqui,
1100 1760 1136 1802 o
1162 1743 1435 1821 Apelles,
1485 1749 1662 1803 tanta
1707 1741 1799 1802 vis
1830 1749 1927 1802 est
1973 1748 2208 1803 tuorum
2255 1735 2505 1796 istorum
2542 1736 3040 1831 argumentorum,

345 1838 417 1892 ut
464 1837 524 1891 te
556 1831 746 1911 ipsum
796 1830 1218 1910 constringant
1262 1832 1626 1912 induantque
1674 1831 1950 1892 cassibus
1997 1823 2537 1906 inexplicabilibus,
2612 1821 2770 1881 Nam
2797 1838 2850 1880 ει
2885 1819 3044 1880 circa

345 1917 554 1983 Solem
601 1927 743 1981 eunt
786 1919 902 1981 hae
949 1920 1117 1981 velut
1162 1921 1427 1983 insulae:
1487 1927 1747 2001 quanto,
1795 1927 2012 2001 putas,
2075 1914 2394 1980 intervallo
2440 1909 2793 1972 curriculum
2820 1921 3043 2008 'earum

352 2026 392 2069 a
436 2007 581 2071 Sole
630 2009 927 2071 recessit?
973 2008 1235 2091 Respice
1285 2011 1362 2072 ad
1400 2011 1647 2090 figuram
1673 2018 1880 2073 tuam.
1958 2008 2055 2071 Sit
2098 2004 2206 2068 ΒΕ
2252 2021 2466 2081 corpus
2495 1997 2678 2074 Solis,
2724 1997 2784 2059 R
2819 1997 3044 2073 oculus,

351 2097 466 2162 ΕΚ
511 2096 864 2160 curriculum
910 2100 1309 2161 macularum:
1359 2100 1508 2162 duos
1547 2099 1637 2160 ais
1676 2117 1916 2161 menses
1963 2096 2146 2159 fuisse

348 2205 484 2249 cum
529 2187 653 2250 ista
711 2189 1042 2260 scriberes,
1089 2208 1165 2250 ex
1211 2209 1326 2270 quo
1373 2207 1487 2251 non
1538 2188 1793 2253 redeant
1855 2189 2146 2256 maculae,

346 2275 665 2339 transiisse
698 2284 895 2340 tamen
928 2298 966 2339 a
996 2276 1056 2340 G
1080 2279 1140 2340 in
1172 2279 1203 2339 I
1243 2279 1451 2341 diebus
1494 2277 1848 2361 quindecim.
1917 2276 2145 2349 Quodsi

349 2364 725 2429 inordinatus
791 2387 991 2430 eorum
1060 2378 1259 2432 motus
1326 2377 1452 2445 est-,
1534 2367 1872 2450 prodigium
1944 2366 2143 2448 potins

349 2454 592 2535 aliquod
665 2455 887 2519 videris
958 2476 1134 2537 quam
1208 2466 1445 2538 partem
1518 2457 1778 2538 aliquam
1852 2466 2143 2529 naturae;

347 2544 688 2607 mirandum
752 2555 955 2609 tamen
1015 2547 1136 2622 sit,
1206 2556 1269 2609 et
1322 2568 1526 2612 omnes
1592 2546 1767 2608 simul
1825 2546 2025 2619 visas,
2083 2552 2146 2606 et

350 2654 508 2716 quae
572 2635 871 2716 prioribus
929 2636 1286 2699 abeuntibus
1353 2643 1771 2701 successerunt
1840 2634 2146 2698 constanti
2253 2635 2261 2659 ⁸

345 2723 668 2787 intervallo
715 2724 813 2800 15,
863 2734 931 2787 nt
970 2725 1139 2799 dicis,
1190 2727 1415 2789 dierum
1464 2724 1793 2800 circumire,·
1840 2725 1914 2787 de
1945 2735 2145 2787 cetero

353 2813 694 2878 inordinate
737 2814 896 2877 ferri.
970 2814 1107 2877 Non
1146 2816 1614 2879 cohaerereista
1644 2825 1705 2877 te
1734 2823 1881 2896 puto
1917 2816 2143 2897 videre.

351 2901 685 2966 Ordinatus
750 2903 930 2984 igitur
996 2925 1199 2968 earum
1246 2907 1329 2969 sit
1372 2916 1607 2969 motus:
1676 2906 1728 2968 si
1785 2906 1915 2981 hoc,
1984 2923 2145 2986 ergo,

353 2992 456 3074 qui
501 3010 610 3072 per
655 2992 784 3054 dies
822 2990 898 3056 15
948 2994 1025 3056 ab
1057 2994 1116 3057 G
1162 2997 1218 3057 in
1267 2998 1298 3058 I
1344 3005 1565 3072 motae,
1612 3015 1685 3057 ex
1726 3015 1796 3057 eo
1841 3015 1951 3077 per
1997 2995 2145 3056 duos

348 3101 592 3145 menses
666 3092 1084 3145 emanserunt:
1162 3087 1317 3164 quod
1378 3087 1577 3167 ‚igitur
1647 3094 1843 3147 restat
1915 3084 2058 3147 IKF
2062 3083 2141 3157 G,

346 3170 605 3252 amplius
662 3172 995 3253 quadruplo
1053 3172 1288 3252 longius
1344 3183 1441 3236 est
1486 3194 1660 3255 quam
1710 3172 1820 3237 GI.
1916 3172 2145 3245 Quinta

344 3261 534 3341 igitur
587 3262 686 3324 vel
746 3271 922 3324 sexta
986 3261 1259 3324 curriculi
1321 3283 1523 3327 eorum
1584 3284 1760 3345 pars,
1828 3272 1974 3346 puta
2032 3260 2141 3335 GI,

345 3348 482 3413 Soli
528 3351 886 3413 ostenditur.
979 3351 1170 3431 Atqui
1216 3361 1394 3415 sexta
1438 3354 1641 3416 circuli
1686 3372 1860 3434 pars,
1914 3371 2140 3434 aequa-

343 3429 502 3502 libus
549 3440 785 3520 angulis
834 3440 911 3502 ad
956 3438 1016 3501 R
1060 3441 1292 3517 divisa,
1350 3462 1466 3505 non
1524 3443 1773 3506 exhibet
1831 3442 2142 3522 portiones

339 3528 522 3591 valde
560 3528 940 3610 inaequales:
989 3549 1105 3592 non
1134 3539 1342 3612 potest
1377 3532 1556 3614 igitur
1584 3533 1729 3608 fieri,
1776 3541 1845 3595 ut
1872 3531 2141 3594 maculae

342 3618 407 3681 in
460 3615 549 3693 G,
596 3619 629 3681 Ι
684 3628 747 3681 et
809 3619 1020 3682 tardae
1077 3627 1142 3683 et
1203 3641 1425 3704 parvae
1491 3621 1912 3704 apparuerint,
1977 3620 2038 3682 in
2081 3619 2142 3682 N

340 3725 602 3787 magnae
650 3715 714 3771 et
768 3709 1047 3785 veloces3
1103 3719 1209 3773 aut
1254 3712 1304 3773 si
1352 3712 1439 3774 sic
1487 3720 1928 3794 apparuerunt,
1988 3709 2142 3791 quod
2481 3752 2489 3798 ¹.

342 3796 618 3889 equidem
664 3798 867 3880 Apelli
914 3800 1129 3873 credo,
1188 3820 1303 3861 non
1352 3811 1556 3880 potest
1615 3799 1798 3881 igitur
1851 3800 2010 3874 fieri,
2076 3804 2147 3858 ut
2489 3786 2525 3870 Ἣ.

344 3885 557 3968 quinta
602 3886 698 3949 vel
744 3896 928 3949 sexta·
965 3889 1159 3951 solum
1203 3891 1502 3969 particula
1555 3890 1818 3970 ipsarum
1868 3886 2143 3951 curriculi
2525 3875 2537 3964 ¹¹,
2617 3880 2621 3948 Ι
2702 3936 2706 3967 ,

342 3974 477 4039 Soli
531 3976 713 4039 fuerit
776 3977 1057 4052 obtenta,
1131 3979 1368 4041 omnino
1432 3980 1679 4041 dimidia
1734 3987 1838 4041 ant
1902 3978 2142 4042 minimo
2517 3971 2549 4055 ’κζ
2605 3931 2621 4053 Ι,
2694 3960 2722 4031 ¹¹1¹¹

344 4066 543 4129 minus
573 4065 651 4128 ad
681 4065 792 4129 hoc
820 4065 1271 4146 phaenomenon
1311 4069 1660 4149 requiritur:
1705 4071 1860 4152 quod
1882 4069 2144 4151 'perinde
2529 4047 2557 4149 ¹¹5³·
2617 4060 2630 4101 ³²

348 4161 448 4219 est
501 4174 572 4217 ac
632 4155 685 4217 si
749 4156 957 4232 dicas,
1022 4158 1290 4219 maculas
1352 4158 1410 4220 i'n
1470 4158 1776 4239 ipsissima
1835 4157 2144 4241 superficie
2545 4135 2573 4245 l„
2666 4188 2674 4252 J

349 4242 517 4307 Solis
564 4252 671 4308 aut
714 4246 983 4324 proxime
1031 4248 1413 4311 circumiisse.
1492 4247 1559 4312 Si
1589 4249 1721 4324 boc,
1772 4269 1955 4331 quare
2003 4265 2145 4328 ergo
2573 4247 2581 4307 '1
2663 4275 2666 4277 μ

343 4353 462 4396 non
511 4343 654 4415 post
687 4335 842 4396 alios
880 4333 957 4399 15
1008 4337 1135 4398 dies
1166 4337 1470 4400 redierunt
1501 4346 1609 4401 ant
1644 4339 1822 4418 paulo
1872 4336 2145 4401 tardius?
2581 4310 2589 4360 ἦ

347 4520 706 4595 argumento
752 4533 867 4576 non
928 4515 1299 4578 redeuntium
1358 4517 1721 4581 macularum
1778 4527 1941 4580 stato
1989 4527 2148 4578 tem-

348 4621 497 4684 pore
542 4602 706 4666 Solis
767 4605 1140 4683 superficiem
1187 4606 1262 4667 ab
1310 4606 1383 4668 iis
1442 4607 1769 4670 liberares:
1837 4607 2152 4670 liberanda
2612 4624 2672 4682 Β,

349 4692 508 4755 enim
575 4692 752 4755 fuerit
818 4694 1001 4755 etiam
1069 4694 1291 4757 vicinia
1356 4697 1545 4757 omnis
1595 4695 1757 4760 Solis
1814 4718 1885 4759 eo
1942 4717 2148 4777 usque,

348 4783 538 4845 donec
583 4800 700 4844 non
758 4784 1013 4862 amplius
1077 4784 1411 4865 inaequalis
1479 4805 1684 4847 earum
1751 4795 2046 4867 appareat
2091 4796 2153 4849 et
2211 4799 2406 4852 motus
2455 4798 2518 4852 et
2563 4789 2872 4873 quantitas
2941 4789 3051 4853 sub

234 4923 250 4938 .
348 4870 512 4934 Sole.
610 4871 800 4933 Vides
849 4880 912 4934 et
957 4874 1103 4948 hoc,
1174 4875 1416 4937 duorum
1480 4877 1733 4938 alterum
1801 4877 1972 4938 nobis
2030 4897 2163 4939 esse
2231 4880 2584 4943 dicendum:
2653 4887 2758 4943 aut
2801 4887 2864 4940 tc
2911 4887 3054 4960 post

352 4960 584 5042 aliquot
629 4962 853 5024 dierum
916 4963 1294 5026 intervallum
1342 4965 1564 5027 vidisse
1604 4967 1868 5041 easdem,
1920 4968 2190 5049 quamvis
2239 4989 2352 5030 non
2393 4970 2673 5032 habueris
2701 4988 2809 5051 pro
2842 4969 3054 5032 iisdem

350 5068 551 5116 errore
595 5051 1002 5133 picturarum3
1051 5062 1157 5116 aut
1193 5053 1432 5118 interim
1471 5055 1609 5118 dum
1648 5056 1873 5120 absunt
1919 5057 2234 5122 evanuisse
2282 5061 2583 5141 novasque
2633 5068 2820 5132 ortas,
2865 5056 3053 5121 veluti
