3692 5842
781 478 902 531 derebus
921 480 1024 545 Optlolr.
1544 477 1586 544 73

230 653 352 719 dubium
375 656 456 719 circa
479 657 590 740 aliqua.
638 658 792 720 Primum:
818 658 918 719 nescio
945 676 1003 737 qua
1022 676 1089 718 cum
1114 656 1193 719 linea
1216 658 1342 738 angulus
1367 658 1421 720 tibi
1447 658 1592 721 formetur

230 744 424 819 incidentiae,
450 766 519 809 num
543 747 585 808 sit
608 746 634 808 is
658 748 787 826 angulus
810 747 889 809 inter
916 746 1096 809 incidentem
1122 755 1152 808 et
1175 746 1298 828 planum
1323 747 1351 809 in
1376 749 1455 828 quod
1477 747 1591 822 incidit,

232 853 270 896 an
304 832 386 897 iuter
418 835 599 898 incidentem
631 845 663 898 et
693 835 972 916 perpendicularem
1010 835 1089 898 illius
1122 836 1215 915 plani,
1252 844 1285 898 ut
1308 837 1435 898 Vitellio
1468 835 1592 916 posuit?

232 920 350 986 Deinde
381 923 555 987 maluissem
584 943 621 985 ex
650 932 720 988 aere
754 925 933 988 incidissent
966 943 1069 986 omnes
1097 924 1173 985 radii
1198 925 1226 985 in
1261 926 1355 987 densa
1387 927 1497 1004 angulo
1521 920 1592 988 30⁰.

232 1010 354 1074 Tertio:
379 1030 453 1093 rogo
468 1015 611 1094 majorem
626 1014 655 1075 in
671 1015 799 1090 modum,
825 1022 857 1075 ut
871 1014 998 1094 primum
1023 1012 1260 1089 incidentiarum,
1280 1015 1460 1094 praesertim
1475 1014 1525 1075 ubi
1542 1032 1593 1075 re-

235 1099 400 1164 motiones
424 1103 572 1165 maximae
596 1102 743 1183 incipiunt
767 1124 844 1171 esse,
868 1102 1056 1183 quantitates
1080 1104 1293 1165 refractionum
1316 1103 1497 1184 perscribas.
1544 1102 1595 1164 Ex

235 1189 365 1252 numeris
389 1190 488 1271 longis
502 1194 549 1254 vis
568 1212 613 1254 ma
629 1193 666 1255 de
682 1193 807 1255 raritate
823 1200 853 1253 et
870 1192 1021 1254 densitate
1041 1191 1187 1270 judicare.
1224 1192 1290 1271 Ego
1315 1212 1385 1254 vero
1401 1193 1439 1254 de
1462 1192 1594 1271 pondere

236 1278 304 1341 indo
324 1277 446 1357 judico,
479 1282 516 1343 de
540 1275 692 1344 densitate
715 1283 903 1355 titubanter;
928 1301 985 1343 non
1015 1289 1086 1341 sunt
1110 1281 1187 1342 enim
1211 1282 1326 1356 omnia,
1352 1282 1430 1362 quod
1459 1281 1598 1342 videntur

237 1386 341 1430 crasso
365 1377 470 1431 nostro
494 1369 580 1445 visui,
605 1370 801 1450 homogenea.
848 1368 930 1441 Quid
953 1370 980 1431 si
1003 1370 1080 1431 enim
1105 1370 1135 1431 in
1165 1371 1309 1452 crystallo
1338 1371 1432 1432 insint
1460 1376 1597 1432 ramenta

238 1456 394 1520 metallica
420 1459 598 1533 invisibilia,
637 1459 743 1540 quibus
771 1461 888 1539 pondus
919 1466 1060 1539 augetur,
1094 1459 1198 1520 umbra
1221 1460 1314 1522 radiis
1351 1458 1538 1532 obtenditur,
1565 1452 1600 1519 ut'

238 1545 429 1610 obscuriores
452 1556 612 1611 transeant
634 1568 724 1629 quarn
737 1569 792 1630 per
815 1549 982 1611 electrum?
1005 1547 1074 1609 Etsi
1094 1548 1121 1609 iu
1138 1548 1250 1610 electro
1269 1549 1330 1612 alia
1344 1569 1436 1612 causa
1461 1546 1597 1610 obscuri-

239 1634 314 1698 tatis
339 1636 477 1712 accedat,
502 1639 581 1717 quod
605 1637 786 1700 colorantur.
833 1640 899 1700 Hac
924 1637 1047 1699 inducta
1075 1638 1245 1717 suspicione
1269 1640 1334 1719 jam
1356 1659 1433 1720 pene
1462 1637 1596 1699 dissolvo

238 1732 322 1787 taam
346 1725 548 1805 objectionem
571 1727 607 1788 de
631 1726 790 1790 contrariis
815 1727 1045 1791 retractionibus
1070 1726 1128 1806 legi
1152 1727 1299 1793 hactenus
1323 1729 1466 1791 creditae.
1514 1728 1600 1788 Inest

238 1815 349 1897 quippe
374 1815 483 1877 occulti
507 1816 578 1896 quid
602 1816 630 1877 in
655 1817 840 1895 corporibus,
866 1817 944 1896 quod
969 1817 1119 1877 diversum
1144 1818 1214 1897 quid
1239 1829 1287 1880 est
1310 1820 1492 1899 spondere,
1518 1814 1596 1895 quod

237 1905 290 1967 illa
312 1905 476 1986 perspicua
508 1905 596 1979 facit,
631 1914 662 1967 et
686 1906 770 1984 cujus
803 1927 897 1968 eausa
932 1905 1158 1987 perspicuitatis
1191 1926 1318 1987 corpora
1341 1910 1436 1971 densa
1458 1905 1505 1966 vel
1530 1922 1599 1964 rara

237 2001 318 2057 sunt.
368 1991 508 2057 Clarius:
536 1994 678 2074 ponderis
706 2014 800 2057 causa
827 2004 876 2057 est
902 2014 960 2057 non
990 1995 1057 2056 sola
1087 1994 1247 2059 multitudo
1276 2000 1420 2060 materiae
1445 2001 1475 2060 in
1503 2010 1598 2072 parvo

239 2084 304 2146 loco
330 2091 362 2145 et
386 2085 510 2163 corpore
534 2084 727 2163 homogeneo,
754 2084 914 2147 sedetiam
935 2083 1078 2146 admixtio
1102 2084 1368 2166 heterogeneorum
1392 2081 1596 2152 invisibilium-

237 2172 376 2255 Utraque
400 2173 519 2255 quidem
543 2192 636 2235 causa
665 2173 831 2253 participat
854 2175 890 2234 de
915 2172 1063 2236 communi
1095 2173 1266 2239 densitate:
1297 2179 1349 2239 sed
1374 2180 1455 2242 illius
1479 2170 1596 2233 nomine

236 2264 431 2346 perspicuum
459 2282 568 2343 corpus
595 2281 685 2324 unum
716 2264 831 2325 censeri
858 2271 976 2344 potest,
1005 2264 1092 2344 hujus
1123 2266 1241 2329 nomine
1270 2269 1459 2349 perspicuum
1490 2278 1599 2340 empus

236 2357 335 2420 multa
358 2363 417 2418 est.

327 2444 432 2507 Aliam
456 2440 548 2504 stmis
572 2439 781 2519 objectionem,
806 2459 858 2503 cur
881 2442 983 2504 radius
1012 2461 1069 2502 uon
1095 2450 1160 2506 toto
1189 2444 1320 2507 transitu
1347 2446 1543 2525 refringatur,
1568 2447 1601 2501 et

237 2535 327 2615 angis
355 2553 403 2595 me
433 2531 614 2613 respondere
644 2530 680 2590 de
710 2530 847 2609 quaesito
876 2530 1042 2593 commodo.
1088 2534 1155 2612 Ego
1183 2552 1254 2595 vero
1283 2542 1314 2595 et
1341 2534 1495 2614 repudiavi
1525 2547 1598 2590 con-

237 2623 455 2688 siderationem
483 2619 551 2681 linis
579 2638 632 2679 seu
659 2618 729 2680 boni
754 2618 783 2679 in
813 2619 929 2697 legibus
958 2620 1066 2698 npticis
1094 2631 1126 2684 et
1154 2642 1276 2684 eausam
1300 2624 1383 2699 dedi,
1414 2643 1466 2685 cur
1490 2636 1598 2697 super-

237 2713 322 2778 ficies
353 2712 517 2790 refringat,
549 2726 657 2787 corpus
680 2727 739 2768 uon
761 2707 909 2788 refringat
933 2707 1021 2787 (Opt.
1046 2710 1070 2783 I,
1099 2708 1251 2783 10—14).
1298 2717 1410 2777 Lucem
1435 2713 1512 2773 enim
1538 2706 1599 2772 dixi

237 2820 412 2883 exgenere
437 2818 505 2861 esse
528 2797 685 2888 superficie
707 2796 968 2876 participantium,
993 2798 1095 2879 itaque
1120 2822 1140 2862 a
1166 2803 1379 2881 superficiebus
1403 2802 1478 2882 pati,
1502 2819 1601 2864 nona

237 2889 439 2972 corpulentia,
465 2908 532 2950 cum
556 2906 593 2948 ea
616 2905 673 2948 non
698 2886 861 2965 participet
884 2888 960 2966 ipsa.
995 2887 1077 2967 Lege
1101 2891 1227 2969 primum
1252 2900 1344 2972 caput
1361 2911 1446 2953 meae
1461 2888 1599 2970 Optices.

237 2982 285 3045 Tu
313 2998 387 3041 vero
419 2997 481 3039 rem
507 2977 545 3038 ad
573 2974 820 3037 contradictionis
848 2975 960 3037 bivium
983 2979 1134 3055 pertrahis
1163 2989 1195 3041 et
1222 2983 1333 3061 partim
1362 2979 1599 3060 argumentando

237 3069 354 3153 partim
387 3065 551 3147 allegoriis,
585 3062 786 3147 chymieorum
808 3064 838 3126 in
862 3084 990 3140 morem,
1017 3066 1144 3129 ludendo
1168 3088 1214 3131 me
1240 3071 1278 3132 ad
1308 3079 1426 3134 atomos
1449 3076 1481 3130 et
1503 3087 1600 3130 vacua

237 3166 369 3223 naturae
394 3155 537 3235 ablegare
561 3152 681 3215 videris.
728 3153 781 3228 At,
807 3155 885 3235 quod
914 3153 971 3216 tibi
997 3154 1117 3218 videtur
1147 3157 1322 3234 absurdum,
1352 3160 1431 3221 idem
1459 3165 1600 3238 punctum

237 3248 349 3313 eodem
378 3244 505 3308 instanti
534 3252 567 3306 et
598 3242 803 3304 transmittere
837 3244 953 3306 radium
984 3253 1015 3306 et
1044 3254 1249 3327 repercutere,
1283 3250 1313 3311 id
1337 3248 1409 3310 mibi
1438 3246 1600 3310 absurdum

238 3358 300 3402 nou
331 3344 391 3399 est.
439 3333 570 3396 Delendi
604 3332 661 3393 hoc
693 3340 800 3411 aperta
830 3333 1035 3413 propositione
1069 3333 1153 3410 (27.)
1187 3356 1254 3417 esp.
1283 3339 1307 3399 l.
1342 3336 1479 3417 Optices.
1526 3334 1601 3397 Luci

237 3427 334 3503 enirn,
368 3425 428 3487 etsi
460 3422 660 3504 superficiem,
694 3420 935 3484 nantonense
965 3423 1145 3486 densitatem
1178 3426 1289 3501 tribui;
1323 3427 1409 3505 cujus
1442 3424 1543 3503 gratia
1571 3424 1599 3484 in

238 3516 398 3581 tenuiores
431 3515 506 3575 duas
539 3514 621 3574 luces
655 3510 782 3572 distrahi
815 3512 922 3592 possit.
970 3513 1013 3573 Et
1045 3515 1113 3593 quid
1148 3516 1270 3576 absmdi
1299 3516 1340 3588 si,
1366 3533 1431 3575 cum
1456 3512 1498 3574 sit
1520 3531 1600 3573 mere

238 3606 330 3689 opaci
354 3612 465 3668 natura
488 3620 568 3663 mere
593 3608 795 3680 repercutere,
821 3620 901 3662 mere
925 3602 1075 3681 perspicui
1106 3604 1150 3671 (id
1181 3611 1242 3678 est,
1268 3603 1425 3683 superficie
1454 3599 1600 3673 carentis)

238 3715 322 3759 mere
347 3692 565 3765 transmittere,
590 3690 625 3764 si,
651 3690 781 3769 inquam,
806 3691 884 3769 quod
908 3698 957 3752 est
980 3690 1187 3755 intermedium
1210 3694 1290 3754 inter
1313 3710 1438 3771 opacum
1466 3698 1497 3753 et
1519 3708 1601 3751 mere

237 3783 451 3867 perspicuum,
487 3788 522 3841 ut
550 3786 620 3841 sunt
648 3797 775 3857 corpora
805 3779 903 3841 omnia
935 3780 1086 3859 pellucida
1118 3782 1331 3863 superficiebus
1364 3780 1538 3848 terminata,
1572 3777 1601 3839 irl

238 3872 354 3960 partim
378 3870 570 3933 transmittat
593 3868 698 3942 lucem,
724 3876 872 3947 quatenus
890 3870 1090 3948 perspicuum,
1115 3872 1227 3953 partim
1243 3869 1435 3952 repercutiat,
1456 3878 1602 3950 quatenus

239 3964 281 4026 de
305 3981 404 4043 opaco
428 3958 595 4040 participat
617 3964 649 4017 et
673 3957 828 4036 superficie
851 3958 1039 4021 terminatur.

330 4052 378 4114 De
413 4047 603 4111 coloribus
632 4054 665 4108 et
696 4046 787 4107 iride
820 4047 922 4109 differs
954 4069 1000 4111 me
1030 4050 1195 4128 cupiditate
1225 4048 1346 4112 videndi
1379 4047 1499 4110 libellos
1523 4054 1601 4119 tuos,

237 4160 329 4226 qnos,
354 4140 491 4213 obsecro,
517 4137 590 4198 edas
614 4135 708 4214 primo
733 4154 848 4216 quoque
872 4145 1016 4218 tempore.
1065 4139 1144 4200 Nam
1168 4139 1204 4200 de
1229 4139 1302 4201 iride
1326 4137 1413 4198 rideo
1437 4156 1500 4198 rem
1525 4153 1603 4205 esse,

238 4239 276 4294 nt
300 4230 393 4304 diois,
418 4235 450 4289 te
473 4225 611 4288 nimimm
636 4232 669 4286 et
696 4224 809 4287 dixisse
832 4233 929 4288 toturn
955 4228 992 4288 de
1021 4234 1109 4303 gutta
1132 4235 1163 4288 et
1191 4226 1264 4288 nihil
1295 4236 1396 4289 tamen
1425 4223 1603 4304 propalasse

238 4320 321 4404 quod
347 4320 387 4381 ad
409 4318 543 4381 colorum
566 4315 740 4377 essentiam.
787 4315 927 4376 Nam'ex
951 4335 1008 4396 qno
1029 4314 1140 4394 Optiea
1164 4316 1280 4396 scripsi,
1306 4316 1406 4394 aliqua
1430 4320 1461 4374 ot
1484 4312 1548 4391 ipse
1572 4310 1602 4371 in

237 4409 351 4475 melius
374 4405 509 4480 restitui,
544 4411 576 4466 et
597 4404 759 4484 perscripsi
789 4404 828 4465 ad
851 4411 882 4465 te
913 4404 1115 4485 superioribus
1145 4405 1254 4478 litoris,
1289 4424 1336 4468 me
1360 4420 1482 4464 causam
1515 4417 1603 4461 arcus

239 4518 389 4583 quaerere
411 4498 442 4559 in
467 4494 562 4573 guttis
585 4492 722 4572 singulis,
747 4494 836 4572 plane
860 4502 893 4555 ut
916 4502 958 4569 tu,
984 4495 1037 4555 sed
1062 4503 1093 4556 et
1116 4513 1293 4574 componere
1325 4510 1447 4555 causam
1471 4490 1603 4550 colorum

239 4609 281 4653 ex
303 4605 484 4669 repercussu
506 4584 536 4644 in
568 4602 702 4644 concava
729 4583 884 4663 superlicio
908 4591 941 4645 et
969 4585 1149 4647 refractione
1173 4583 1202 4643 in
1232 4600 1375 4643 convexa.
1423 4579 1529 4658 ltaque
1555 4575 1602 4636 lris

239 4677 361 4742 duobus
385 4674 588 4738 lociatantns
611 4672 766 4732 internos
790 4691 955 4734 consensus
979 4680 1040 4746 est,
1070 4693 1105 4734 ao
1129 4672 1155 4734 si
1180 4671 1258 4732 alter
1281 4690 1318 4730 ex
1350 4667 1473 4729 alterins
1507 4663 1603 4727 literis

239 4786 317 4832 suas
341 4762 567 4843 descripsisset.
615 4758 683 4831 Quo
706 4760 803 4840 magis
828 4769 860 4822 et
883 4770 935 4823 tua
958 4781 1050 4841 opera
1073 4770 1104 4824 et
1127 4758 1290 4837 pleniorem
1314 4755 1539 4834 responsionem
1564 4751 1602 4813 ad

238 4857 373 4940 primam
397 4871 496 4915 meam
520 4848 689 4931 epistolam,
715 4850 740 4910 si
765 4850 842 4930 quod
867 4870 955 4928 spero
979 4870 1055 4912 nunc
1078 4849 1162 4911 vales
1186 4846 1301 4921 melius,
1327 4842 1475 4907 desidero.

336 4942 429 5005 Vale.
476 4941 596 5020 Pragae
621 4938 649 4999 d.
674 4935 704 4999 2.
730 4938 809 5017 Aug.
839 4936 931 5003 1607.

334 5049 376 5103 Ad
393 5048 458 5102 haec
476 5045 657 5099 Harriotns
675 5043 760 5112 elapso
777 5046 876 5098 interim
895 5046 947 5098 tero
965 5046 1068 5113 integro·
1081 5057 1146 5095 anno
1164 5041 1231 5094 buno
1247 5038 1391 5119 immodum
1405 5035 1549 5102 rsepondlt:
1573 5057 1576 5061 ·
