3692 5842
734 507 816 573 capus
835 507 878 557 ιι.
898 507 923 558 ιι.
1441 497 1506 564 217

150 683 208 766 ipsi
231 684 261 746 D
285 684 431 764 subjectis
455 684 570 746 existat
592 684 726 746 ebullitio
751 685 853 766 aliqua
876 704 1045 747 crassorum
1070 702 1212 762 vaporum
1237 680 1402 762 superficiei
1429 680 1506 742 irre-

150 772 383 854 gularis,‚quae
407 773 450 835 sic
474 781 574 835 tamen
599 772 724 847 habeat,
758 782 791 835 ut
813 774 964 837 mediante
990 773 1133 835 materiae
1163 771 1331 850 pellucidae
1355 767 1506 831 densitate

150 861 251 943 possit
272 862 439 941 refringere
454 860 510 925 CD
534 861 651 923 radium
666 861 747 924 Solis
768 882 805 924 ex
828 864 951 925 aethere
972 862 1064 923 libero
1088 859 1298 923 advenientem
1318 877 1372 938 per
1390 854 1429 921 4⁰
1446 855 1506 920 Μ’.

150 951 216 1014 Hoc
239 950 382 1013 existimo
406 948 597 1014 cleomedem
628 951 775 1025 voluisse,
810 952 878 1014 durn
909 958 1065 1031 comparat
1088 957 1188 1011 a'erem
1222 967 1401 1028 saporosum
1425 947 1507 1009 circa

150 1039 335 1103 horizontem
359 1059 465 1121 aquae,
495 1039 523 1101 in
553 1058 641 1120 quam
673 1040 813 1102 denarios
837 1041 969 1120 injectus
993 1040 1042 1102 sit.
1094 1039 1181 1101 Sicut
1209 1037 1287 1098 enirn
1315 1035 1377 1097 illic
1405 1035 1507 1098 ocolus

150 1135 238 1191 extra
262 1127 393 1191 medium
417 1127 540 1190 densius
565 1129 767 1203 constituitur,
794 1130 839 1191 ita
857 1129 950 1192 etiam
969 1128 1018 1190 hic
1035 1126 1213 1190 Cleornedes
1238 1125 1368 1187 collocat
1391 1126 1507 1186 oculum

150 1215 344 1280 observantis
368 1217 397 1278 in
422 1224 491 1278 aire
521 1225 608 1279 extra
636 1217 816 1279 crassiorem
842 1219 923 1279 illurn
953 1236 1103 1297 vaporem.
1152 1213 1227 1278 Com
1252 1233 1323 1293 ergo
1348 1213 1410 1273 sint
1433 1213 1508 1274 recti

151 1305 248 1380 DBA,
274 1304 372 1380 ΒΘΑ,
397 1314 430 1367 et
453 1304 554 1380 DAB,
590 1306 676 1368 DAC
710 1309 853 1386 aequales
883 1317 914 1368 et
947 1306 1073 1386 quilibet
1096 1298 1189 1384 2¹l,⁰,
1222 1303 1269 1364 lric
1288 1303 1354 1381 jarn
1386 1302 1508 1380 propius

151 1395 286 1457 venimus
310 1394 350 1455 ad
374 1395 503 1474 priorem
537 1395 770 1457 dimensionem:
805 1406 871 1457 erat
903 1396 980 1457 enim
1006 1394 1034 1455 in
1066 1392 1261 1454 communiter
1294 1390 1508 1470 apparentibus

149 1482 385 1546 reltactionibus
422 1484 549 1563 angulus
581 1484 668 1545 BAD
696 1479 743 1547 2⁰.
796 1483 884 1554 Quod
915 1484 942 1545 si
973 1484 1019 1545 cui
1054 1483 1215 1544 etiamnum
1245 1478 1383 1541 videatur
1417 1478 1509 1540 nimia

151 1570 285 1634 altitudo
309 1571 339 1632 D
362 1571 467 1651 puncti
494 1592 547 1633 seu
580 1590 739 1651 raporum,
774 1573 927 1653 duplicata
958 1572 1137 1634 refractione
1171 1569 1332 1630 etiamnum
1362 1567 1509 1629 humiliari

150 1667 256 1741 potest
280 1677 385 1739 vapor.
432 1659 572 1740 Eligatur
595 1662 673 1723 enim
698 1663 725 1723 in
749 1662 803 1723 ΕΒ
832 1671 973 1742 punctum
1002 1661 1141 1721 humilius
1166 1657 1210 1733 G,
1235 1665 1267 1719 et
1288 1679 1306 1718 a
1330 1655 1356 1718 G
1384 1658 1510 1718 ducatur

152 1749 334 1828 contingens
358 1749 482 1810 Terram
508 1747 582 1823 GH,
612 1749 656 1812 sic
689 1760 722 1812 ut
749 1761 834 1812 secet
863 1759 964 1812 aerem
989 1749 1017 1810 in
1042 1751 1070 1810 ll
1099 1748 1197 1828 ibique
1225 1746 1415 1826 refringatur.
1462 1745 1510 1806 Ex

151 1840 180 1900 ll
204 1837 298 1918 igitur
320 1837 443 1898 tandem
475 1838 602 1899 ducatur
625 1839 670 1901 ΙΙΙ
694 1840 857 1919 parallelos
886 1840 943 1918 ipsi
967 1837 1029 1899 EF.
1076 1837 1145 1898 Erit
1172 1835 1314 1898 retractio
1343 1834 1457 1896 usitata
1480 1834 1509 1895 in

151 1927 189 2001 fl,
215 1933 289 2006 post
317 1925 467 1987 inusitata
490 1927 519 1988 in
545 1926 584 1988 G.
632 1926 665 1989 Si
694 1936 793 1989 tarnen
822 1928 1006 2009 perpendas,
1032 1926 1166 1987 Batavos
1194 1942 1341 1985 conversa
1371 1923 1448 1985 seroie
1472 1924 1509 1984 ad

152 2013 311 2078 meridiem
345 2015 516 2095 respexisse
549 2035 654 2077 versus
684 2026 869 2090 montosam,
903 2017 1047 2078 silvosam
1079 2024 1109 2075 et
1136 2014 1304 2092 praealtam
1328 2012 1509 2085 Tartariam,

154 2105 234 2167 unde
267 2103 439 2166 devolvitur
471 2104 578 2166 llurins
603 2103 686 2188 Oby,
713 2106 756 2167 sie
780 2116 814 2168 ut
835 2107 889 2167 BE
921 2105 1092 2184 porrigatur
1118 2121 1172 2183 per
1200 2100 1361 2180 sexaginta
1393 2101 1512 2163 circiter

151 2191 297 2256 milliaria
320 2192 350 2253 in
374 2192 427 2254 illa
449 2193 680 2265 mediterranea,
705 2197 835 2257 fortasse
860 2214 916 2255 non
943 2194 1001 2256 erit
1024 2193 1078 2254 tibi
1108 2189 1292 2264 incredibile,
1318 2198 1459 2268 punctum
1484 2189 1511 2250 Ε
1598 2245 1601 2250 ,

151 2282 180 2344 ἰιι
213 2280 371 2361 superficie
404 2282 485 2342 aeris
523 2292 682 2364 tantopere
720 2303 810 2364 snper
841 2281 895 2345 BC
937 2302 1048 2363 aequor
1085 2280 1207 2359 hospitii
1240 2279 1427 2339 Batavorum
1459 2279 1511 2340 illo

150 2377 303 2434 momento
326 2369 477 2432 sublatum
501 2371 612 2432 luisse:
637 2372 674 2433 de
698 2393 757 2452 qua
780 2371 996 2453 inaequalitate
1019 2372 1098 2432 infra
1121 2370 1217 2450 plura.

239 2457 332 2520 Alter
355 2459 461 2521 modus
484 2460 625 2522 consistit
645 2460 674 2522 in
699 2462 935 2541 repercussione,
961 2462 1044 2521 lacta
1063 2459 1111 2519 vel
1132 2479 1150 2519 a
1168 2457 1246 2519 nube
1267 2459 1316 2527 (ut
1331 2453 1511 2520 Cleomenes

149 2547 232 2618 vult)
255 2547 352 2609 densa
375 2554 407 2608 et
430 2549 589 2628 aequabili,
614 2551 671 2622 vel,
699 2558 731 2611 ut
754 2570 824 2631 ego,
851 2573 869 2613 a
893 2549 1046 2630 superiore
1076 2543 1232 2627 superficie
1260 2545 1340 2606 aeris
1364 2566 1419 2609 nos
1444 2567 1511 2609 arn-

151 2635 283 2708 bientis‚
307 2644 341 2697 ut
364 2635 389 2697 si
414 2636 458 2697 IH
488 2638 702 2718 refringeretur
725 2639 753 2700 in
777 2638 856 2715 HG,
890 2649 922 2699 et
946 2640 974 2700 in
1007 2644 1117 2717 puncto
1143 2634 1171 2696 G
1204 2635 1371 2715 superficiei
1405 2656 1510 2711 cavae,

150 2743 228 2805 quae
252 2742 307 2804 per
330 2723 360 2786 G
383 2724 511 2798 transit,
542 2735 781 2806 repercuteretur
805 2728 834 2790 in
858 2729 894 2789 B.
943 2729 976 2788 ld
1000 2725 1064 2787 fieri
1094 2734 1196 2804 potest
1219 2743 1273 2802 per
1297 2723 1381 2804 leges
1406 2745 1511 2805 reper-

149 2813 314 2888 cussorias,
339 2812 364 2874 si
390 2811 455 2888 OD,
479 2815 535 2876 DB
560 2816 684 2878 eandem
708 2818 898 2898 sphaericam
929 2814 1115 2896 superficiem
1138 2822 1278 2891 tangant.
1325 2814 1390 2875 Nec
1414 2822 1513 2878 metus

150 2911 210 2978 est,
234 2910 269 2964 nt
291 2902 465 2982 superficies
489 2903 550 2965 ista
573 2904 675 2966 radios
706 2906 912 2978 transmittat,
944 2912 1106 2986 propterea
1129 2902 1207 2982 quod
1231 2908 1303 2981 post
1327 2903 1513 2982 superficiem

149 3009 318 3053 convexam
341 2990 424 3053 illam
447 3001 586 3055 occurrat
609 2994 703 3055 rarius
728 2996 868 3057 medium.
916 2995 1063 3055 Videmus
1087 2992 1163 3053 enim
1189 2991 1218 3052 in
1243 2990 1330 3052 vitris
1355 3001 1513 3074 utramque

150 3078 356 3162 superficiem,
391 3088 423 3141 et
457 3082 635 3144 exteriorem
667 3084 705 3144 ad
737 3083 845 3145 taciem
870 3093 901 3144 et
933 3082 1104 3145 interiorem
1139 3080 1168 3141 in
1200 3080 1291 3140 l'undo
1323 3091 1514 3159 repercutere

149 3167 267 3243 radios,
301 3169 378 3230 adeo
402 3176 436 3230 ut
466 3172 619 3249 speculum
652 3171 780 3233 vitreum
803 3172 867 3234 Soli
896 3172 1066 3252 oppositum
1091 3170 1130 3230 ad
1165 3167 1287 3229 tertiam
1312 3179 1344 3229 et
1375 3181 1514 3251 quartam

149 3257 311 3339 perveniat
342 3259 607 3337 repercussiouem.
664 3259 713 3322 Sit
745 3260 872 3335 vitrum,
911 3261 997 3340 eujus
1034 3259 1172 3338 superior
1211 3259 1384 3335 superficies
1417 3258 1513 3333 ABC,

152 3345 359 3420 inferiorED,
385 3365 444 3426 qua
467 3350 619 3427 speculum
644 3348 767 3411 inducta
791 3369 914 3411 cerussa
938 3359 1002 3411 ter-
1181 3388 1279 3525 figo
1274 3386 1318 3437 75

152 3437 293 3498 minatur.
330 3433 373 3495 Et
395 3435 437 3496 sit
454 3433 507 3498 Sol
526 3436 555 3497 in
570 3438 604 3510 F,
629 3437 793 3499 incidentia
810 3440 834 3500 F
837 3438 872 3511 C,
897 3458 1001 3518 reper-

150 3525 254 3587 cussio
287 3523 380 3604 igitur
411 3521 470 3586 cG
502 3525 541 3585 ad
573 3527 698 3606 angulos
732 3528 884 3607 aequales.
941 3527 1066 3615 Sedq
1111 3474 1287 3678 &bix

151 3612 224 3694 quia
246 3612 428 3693 pellucidum
447 3621 497 3674 est
520 3614 639 3687 ritrnm,
663 3634 733 3717 pars
753 3617 910 3695 potissima
925 3615 1002 3677 radii
1042 3568 1105 3684 Hb

151 3701 273 3764 Solaris
306 3701 418 3763 transit
449 3703 670 3782 superficiem
662 3724 691 3764 ιιι
717 3703 741 3767 O
771 3714 802 3766 et
832 3704 1004 3785 refringitur

150 3792 181 3854 in
208 3789 274 3866 CI),
300 3808 391 3870 quare
415 3808 487 3871 pars
510 3791 640 3868 residua,
666 3812 741 3874 quae
763 3813 817 3874 per
832 3793 888 3857 CG
912 3812 1002 3873 spar-

151 3881 248 3982 gitqr,
280 3887 329 3941 est
358 3873 469 3941 tenuis
485 3841 653 3942 admodnni.
701 3883 794 3944 Porro
819 3881 874 3945 CD
898 3901 1002 3962 reper-
1028 3671 1451 4012 ὲ
1221 3831 1336 3936 ὼ
1373 3930 1434 3937 --..

151 3967 268 4030 entitur
291 3988 311 4029 a
332 3967 362 4029 D
391 3976 502 4049 puncto
532 3969 650 4031 fortiter
678 3970 763 4050 (qnia
791 3972 982 4050 speculum
974 3992 1059 4031 ιιι
1095 3895 1256 4037 -L

150 4058 181 4120 D
207 4055 400 4120 terminatum
428 4059 492 4131 est)
522 4067 554 4119 et
582 4059 620 4119 ad
649 4060 776 4138 angulos
807 4061 981 4140 aequales'
974 4080 1003 4121 ιιι
1204 4039 1226 4082 Μ

150 4145 227 4220 DB,
262 4145 362 4226 ibique
394 4146 512 4208 seilicet
536 4147 614 4208 inB
648 4148 752 4210 exiens
783 4148 813 4210 in
847 4156 948 4210 adrem
982 4151 1157 4231 retringitur
1188 4151 1216 4212 in
1241 4150 1314 4222 BH,
1347 4157 1437 4229 atque
1469 4147 1516 4210 hic

150 4235 258 4297 radius
281 4233 340 4296 ΒΗ
372 4234 553 4297 fortissimus
586 4243 642 4297 est.
689 4236 822 4299 Rursum
850 4237 921 4318 quia
949 4236 1004 4300 DB
1038 4240 1169 4302 occurrit
1201 4238 1369 4317 superficiei
1401 4237 1517 4317 politae

150 4325 196 4398 Β,
230 4323 343 4405 partim
373 4324 443 4398 (sed
477 4323 632 4397 debiliter)
666 4325 868 4406 repercutitur
893 4328 931 4388 ad
965 4329 1092 4407 angulos
1126 4329 1270 4409 aequales
1299 4328 1328 4388 in
1353 4326 1427 4398 BE,
1458 4345 1519 4386 non

151 4414 298 4475 obstante
323 4412 402 4493 qnod
425 4433 517 4494 supra
539 4415 566 4475 B
591 4420 644 4474 adr
671 4414 826 4494 sequitur;
858 4423 889 4476 et
913 4416 942 4477 in
967 4418 993 4477 Ε
1017 4437 1134 4479 rursum
1167 4416 1287 4478 fortiter
1318 4413 1517 4493 repercutitur

152 4503 183 4564 in
208 4501 267 4564 EA
292 4509 323 4563 et
345 4502 428 4564 lnA
459 4501 562 4564 exiens
587 4502 614 4563 in
648 4511 748 4564 aerem
782 4504 956 4584 refringitur
987 4507 1015 4567 io
1041 4507 1105 4579 A1;
1140 4516 1171 4567 at
1204 4505 1251 4566 lrie
1285 4504 1374 4565 valde
1407 4501 1517 4564 debilis

152 4599 213 4662 est,
238 4589 309 4672 quia
331 4609 403 4671 pars
427 4590 483 4669 ipsi
508 4592 641 4653 decessit
666 4593 695 4653 in
720 4590 759 4666 0,
784 4594 876 4655 multo
907 4613 978 4656 vero
1007 4596 1103 4673 major
1130 4596 1157 4655 in
1181 4595 1223 4668 B,
1256 4612 1379 4674 quarum
1409 4591 1463 4655 illa
1488 4590 1515 4651 in

154 4677 467 4752 CG,haecinB11
498 4680 710 4760 spargebatur,
748 4689 781 4743 ut
803 4683 892 4743 valde
927 4692 1103 4745 attenuatus
1128 4684 1169 4743 sit
1195 4682 1222 4744 in
1248 4684 1303 4743 Al.
1350 4682 1392 4743 Et
1414 4691 1516 4741 tamen

154 4768 249 4831 etiarn
272 4768 304 4830 in
327 4768 357 4831 A
381 4768 495 4849 aliquid
519 4770 556 4831 de
579 4769 636 4831 EA
661 4771 859 4849 repercutitur
882 4771 911 4833 in
932 4773 997 4834 AM
1022 4780 1053 4833 et
1076 4791 1114 4831 ex
1129 4773 1160 4832 ll
1186 4771 1213 4832 in
1238 4771 1301 4832 MK
1326 4768 1516 4847 refringitur-

155 4876 214 4939 qne
243 4857 272 4920 in
296 4856 364 4919 KL.
412 4855 474 4920 Sed
504 4859 570 4937 jam
598 4858 646 4919 hie
680 4868 804 4938 quartus
836 4861 939 4922 radius
973 4881 1041 4922 raro
1071 4869 1174 4939 potest
1206 4861 1286 4921 cerni
1320 4878 1374 4920 nec
1406 4856 1462 4918 nisi
1486 4855 1516 4918 in

155 4947 350 5010 tenebricosa
372 4946 441 5009 loca
463 4948 610 5020 vibratus,
636 4947 673 5009 ob
691 4947 813 5010 nimiam
832 4950 896 5029 ejus
921 4949 1112 5011 tenuitatem.
1150 4949 1196 5010 Eo
1220 4949 1312 5029 igitur
1335 4948 1434 5019 modo,
1459 4963 1517 5026 quo

156 5035 235 5100 radii
258 5035 289 5099 in
313 5035 393 5098 vitro
416 5035 658 5117 repercutiuntur
682 5057 700 5098 a
723 5037 876 5117 superiore
907 5038 1064 5119 superficie
1096 5037 1232 5119 quamvis
1256 5056 1315 5101 non
1344 5036 1516 5108 terminata,
