3692 5842
241 490 307 558 512
862 489 981 542 uma.

240 669 368 750 parvula
390 670 510 730 macula
532 671 624 750 vulgo
648 678 736 744 uota,
769 671 866 732 instar
893 668 997 749 puncti
1025 666 1197 748 nigerrimi:
1227 686 1317 749 quam
1338 687 1493 750 neumam
1521 670 1595 734 aliud

241 759 310 839 quid
335 779 403 820 esse
428 759 541 833 censui,
567 779 656 838 quam
681 759 861 838 profundam
884 758 1067 830 cavitatem:
1095 776 1161 820 eam
1185 765 1344 819 crescente
1367 757 1457 819 Imus
1478 777 1535 838 par
1555 769 1596 822 est

240 848 336 911 minus
361 867 429 909 esse
453 849 655 927 conspicuam,
680 848 750 927 quia
770 848 798 908 in
819 849 937 908 devexa
956 847 1060 909 Lunae
1079 865 1209 926 vergens
1230 843 1294 908 Soli
1316 845 1430 908 rectius
1452 847 1594 926 objicitur,

240 956 329 1016 quam
353 937 379 998 si
403 937 491 997 Luna
513 939 605 1016 plena
630 938 736 1011 fuerit,
762 947 832 998 tuuc
857 937 935 997 enim
959 936 1115 998 declinans
1139 938 1238 997 lumen
1261 933 1345 996 Solis
1373 935 1475 1014 magis
1497 935 1595 998 obum-

241 1026 353 1087 bratur.
401 1026 484 1086 llaec
508 1026 627 1104 uesperi
652 1023 681 1088 4.
706 1025 903 1105 Septembris,
929 1034 964 1085 ut
985 1032 1051 1086 erat
1075 1024 1274 1086 instrumento
1298 1023 1454 1104 explicata
1477 1025 1508 1086 iu
1531 1041 1594 1104 spe·

240 1115 317 1176 ciem
341 1114 510 1174 latissimae
535 1116 671 1176 maculae
704 1115 866 1193 ferruginei
891 1113 1016 1186 coloris,
1041 1122 1108 1174 erat
1132 1113 1223 1174 limbo
1254 1112 1457 1192 limpidissimi
1486 1112 1595 1176 luminis

242 1203 435 1264 circumdata.
475 1203 520 1264 At
542 1223 628 1264 mane
649 1202 678 1266 5.
697 1202 885 1282 Septembris
914 1201 1023 1263 limbus
1044 1201 1149 1262 hiabat
1172 1221 1278 1264 remus
1301 1203 1465 1264 obscuram
1488 1211 1594 1282 partem

240 1292 362 1364 Lunae;
386 1311 456 1354 nam
479 1292 608 1354 circulus
632 1313 685 1353 seu
709 1293 853 1353 temuiuus
878 1290 1104 1353 illuminationis
1127 1310 1219 1371 super
1238 1290 1317 1351 hanc
1340 1291 1495 1353 maculam
1517 1299 1593 1352 trau-

242 1379 324 1441 sibat
347 1380 426 1441 linea
450 1381 566 1441 sincere
592 1401 693 1442 curra.
742 1382 866 1442 Limbus
889 1399 962 1441 rero
986 1379 1204 1459 fulgidissimus
1232 1389 1358 1460 utroque
1384 1379 1510 1441 brachio
1531 1398 1592 1459 pro-

241 1469 380 1530 currebat.
403 1469 484 1529 ultra
507 1471 664 1531 terminum
690 1470 808 1531 luminis
839 1471 867 1531 in
902 1469 1055 1548 regionem
1085 1468 1310 1540 obumbratam,
1337 1468 1468 1530 reducta
1490 1469 1592 1532 habent

241 1557 365 1618 brachia
389 1565 420 1617 et
442 1558 604 1619 introrsum
629 1561 725 1632 flexa,
751 1560 848 1620 instar
870 1559 1078 1637 probolarum,
1107 1557 1214 1637 quibus
1236 1557 1402 1630 Anconae,
1431 1557 1590 1630 Messanae,

242 1644 368 1706 Genuae
393 1653 425 1707 et
448 1647 518 1706 alibi
543 1657 648 1725 portus
673 1650 875 1721 efformantur,
900 1648 930 1708 in
949 1649 1008 1709 fine
1032 1653 1122 1707 acuto
1143 1647 1231 1707 flexu.
1269 1645 1348 1707 Erat
1370 1641 1593 1726 expressissima

241 1734 325 1795 lacus
355 1735 486 1813 efligies,
520 1736 756 1797 conformatione
787 1756 869 1797 mare
899 1735 1044 1815 Caspium
1076 1734 1207 1796 dixeris:
1236 1735 1292 1796 sed
1322 1733 1479 1796 contentis
1509 1733 1591 1814 mag'a

240 1823 338 1883 Ponto
353 1823 471 1884 Euxino
487 1832 539 1885 aut
558 1824 633 1884 mari
647 1823 738 1886 Jonio
762 1824 879 1886 similis.
918 1823 996 1885 Erat
1019 1823 1096 1885 enim
1118 1824 1147 1883 in
1168 1823 1233 1902 ipso
1254 1825 1337 1898 lacu,
1358 1842 1421 1903 qua
1442 1823 1591 1885 introrsus

240 1922 346 1972 uersus
376 1931 483 1991 corpus
516 1914 618 1973 Lunae
642 1914 803 1986 vergebat,
834 1914 962 1974 lucidior
992 1913 1095 1973 areola
1126 1912 1237 1974 isthmo
1271 1913 1438 1992 conjuncta
1469 1911 1590 1974 litoribus

242 2001 447 2062 lucidissimis.
494 2000 545 2063 Sic
571 2002 630 2062 tria
655 2002 800 2063 distincta
824 2009 910 2063 erant
935 2002 1061 2072 lumina,
1091 2002 1290 2062 clarissimum
1314 2002 1438 2063 litorum
1462 2011 1496 2062 et
1517 2019 1590 2062 mon·

241 2090 324 2163 tium,
350 2089 549 2169 ferrugineum
575 2100 605 2151 et
629 2090 787 2151 obscurum
816 2092 952 2152 maculae
976 2109 1030 2150 seu
1054 2091 1139 2151 lacus
1167 2109 1261 2171 usque
1284 2091 1324 2151 ad
1347 2090 1511 2152 terminum
1532 2089 1589 2152 illu-

238 2179 431 2250 minationis,
455 2180 614 2249 mediocre,
639 2179 765 2241 riciuius
791 2191 889 2241 tamen
916 2181 999 2240 lacus
1023 2178 1202 2240 obscuritati
1226 2180 1340 2241 candor
1363 2179 1447 2240 illius
1471 2181 1587 2242 areolae.

329 2267 458 2346 Vesperi
483 2268 557 2329 hora
580 2288 667 2341 nona,
693 2287 759 2329 cum
784 2277 867 2331 esset
898 2279 965 2329 orta
988 2270 1092 2342 Luna,
1123 2269 1221 2330 lumen
1246 2269 1343 2330 lacum
1367 2287 1489 2330 omnem
1511 2268 1588 2329 dese-

239 2363 351 2430 ruerat,
377 2358 465 2417 litora
488 2358 751 2436 conspiciebantur
771 2359 848 2418 flexu
868 2358 1007 2419 circulari
1031 2357 1239 2435 pulcherrimo,
1265 2356 1352 2437 quasi
1372 2365 1501 2418 exsecta
1518 2367 1587 2418 esset

243 2444 330 2506 Luna
353 2456 406 2506 aut
429 2457 588 2508 excavata.
636 2445 711 2508 Sola
741 2447 899 2526 peninsula
929 2447 1009 2509 intra
1039 2446 1123 2507 illam
1155 2446 1274 2506 litorum
1306 2444 1475 2507 caritatem
1505 2445 1587 2506 adhuc

239 2532 473 2595 illuminabatur.
526 2536 661 2597 Isthmus
691 2537 833 2615 apparuit
868 2536 1051 2608 clarissime,
1086 2544 1153 2596 erat
1182 2534 1300 2613 species
1331 2534 1425 2595 veluti
1456 2534 1587 2596 Tauricae

241 2619 442 2683 Chersonnesi
474 2623 502 2683 iu
533 2625 630 2685 Ponto
668 2637 721 2685 aut
758 2626 857 2704 potius
889 2623 1107 2703 Peloponnesi,
1147 2624 1263 2683 divisae
1301 2623 1440 2702 utrinque
1477 2621 1586 2684 sinubm

240 2711 396 2784 umbrosis,
422 2714 512 2790 longa
528 2722 628 2774 tamen
650 2715 747 2775 fronte
767 2724 797 2775 et
813 2714 891 2775 lacui
912 2725 994 2775 recte
1018 2713 1150 2790 objecta,
1176 2731 1229 2773 nec
1243 2718 1277 2773 ut
1297 2712 1472 2773 nominatae
1491 2711 1585 2792 penio·

240 2800 324 2860 sulae
350 2802 459 2876 angulo
491 2812 579 2862 actito
611 2822 746 2882 prorsum
771 2804 799 2863 in
829 2805 926 2864 lacum
957 2813 1169 2881 procurrente,
1201 2801 1254 2861 sed
1279 2801 1370 2879 triplo
1396 2802 1459 2862 iere
1484 2799 1585 2876 longior

241 2907 327 2967 quam
353 2889 450 2950 latior.
499 2891 606 2952 Mirum
632 2902 731 2953 autem
757 2893 785 2952 in
810 2892 984 2970 peninsula,
1016 2911 1075 2971 qua
1097 2890 1209 2951 isthmo
1239 2889 1433 2968 conjungitur
1463 2889 1582 2950 litoribus

240 2978 397 3051 montosis,
421 2990 561 3057 punctum
583 2990 648 3042 erat
673 2981 899 3044 lucidissimum.
925 2981 1035 3042 rnontis
1050 2980 1163 3041 instar:
1189 2979 1344 3058 eregione
1362 2977 1392 3038 in
1417 2977 1583 3039 lucidissima

241 3065 360 3126 litorum
384 3069 556 3128 continente
580 3079 721 3147 puuctum
747 3083 812 3131 erat
836 3071 1016 3142 uutbrosum,
1041 3070 1181 3130 indicium
1206 3069 1283 3129 torte
1308 3067 1409 3138 vallis,
1434 3083 1581 3146 perquam

242 3156 413 3215 materiam
435 3158 529 3217 lacum
555 3169 659 3236 egestu
684 3161 871 3238 peninsulam
897 3161 1005 3232 effecit,
1031 3172 1064 3219 ut
1084 3160 1120 3219 de
1145 3157 1323 3236 aggestione
1338 3157 1475 3235 Aegypti
1498 3155 1580 3235 phile-

241 3244 385 3323 sophatur
409 3245 590 3309 Herodotus.
639 3251 687 3309 An
713 3249 787 3309 haec
812 3259 883 3309 suut
906 3249 1037 3326 vestigia
1057 3247 1187 3308 Neronis
1210 3245 1339 3324 alicujus
1362 3246 1504 3306 isthmum
1526 3261 1579 3322 per·

242 3333 399 3406 fodientis,
432 3347 482 3396 aut
508 3334 692 3398 Cleombroti
723 3337 911 3418 peninsulam
941 3339 1022 3398 uallo
1052 3335 1213 3397 munientis
1244 3343 1352 3395 contra
1382 3334 1484 3394 nescio
1512 3347 1580 3411 quem

241 3421 354 3485 Xerxis
380 3425 565 3486 exercitum?

330 3513 467 3591 Vespere
499 3517 604 3575 eodem
628 3513 791 3576 Saturnum
822 3515 947 3594 aspexi:
980 3514 1051 3576 nihil
1084 3515 1241 3575 stellarum
1272 3521 1339 3572 erat
1367 3511 1398 3573 iu
1423 3520 1485 3573 tam
1513 3519 1578 3570 arcta

240 3618 360 3662 rrcmra.

330 3690 385 3750 Die
417 3687 446 3751 6.
480 3691 668 3772 Septembris
704 3712 790 3753 ruane
826 3693 899 3752 hora
934 3692 1068 3752 secunda
1097 3700 1168 3771 post
1195 3689 1327 3752 mediam
1363 3697 1482 3750 noctem
1518 3685 1577 3748 cirea

240 3777 347 3839 Jovem
378 3784 579 3858 spectauimus
611 3783 743 3842 Thmuas
775 3780 927 3859 Segetlms
958 3790 989 3841 et
1017 3780 1102 3858 Ego:
1140 3780 1290 3840 satellites
1327 3778 1404 3839 duos
1437 3774 1576 3838 orientales

241 3866 367 3929 invieen
392 3870 553 3946 proximos,
568 3871 688 3949 Jupiter
712 3872 796 3950 quasi
821 3871 910 3948 duplo
935 3869 1040 3930 aberat
1062 3890 1081 3929 a
1095 3868 1242 3948 propiori:
1268 3868 1349 3929 linea
1363 3868 1486 3928 duomrrr
1509 3880 1575 3940 supra

240 3953 348 4016 Jorem
381 3960 540 4021 transibat.
589 3960 767 4022 Clarissima
798 3973 941 4038 utraque,
972 3959 1069 4036 magis
1099 3969 1200 4018 tamen
1231 3956 1425 4030 orientalior,
1454 3950 1574 4016 distantia

242 4043 398 4106 orientalis
424 4068 441 4106 a
464 4047 540 4108 Jove
566 4051 652 4127 quusi
677 4060 785 4129 quarta
810 4068 881 4128 pars
909 4047 1107 4109 instrumenti.
1558 4123 1564 4134 .

332 4133 406 4195 Cum
446 4139 677 4216 perpenderem.
725 4141 955 4200 instrumentum
992 4145 1153 4214 angustam
1183 4134 1260 4194 coeli
1297 4143 1417 4214 partem
1447 4131 1571 4210 amptum.
1625 4197 1627 4202 ,

242 4222 445 4304 incideretque
470 4227 495 4286 si
521 4229 597 4286 t'urte
623 4228 824 4306 superioribus
856 4226 962 4286 diebus
991 4225 1182 4286 remotiorem
1210 4222 1342 4301 aliquam
1372 4215 1571 4301 praeterit-erin
1625 4215 1627 4256 ἵ

242 4325 374 4372 autnon
400 4314 476 4373 satis
509 4317 669 4393 diligenter
701 4316 916 4394 quiaesirerim:
950 4315 1096 4393 ampliata
1126 4312 1317 4373 instrumenti
1349 4313 1482 4371 fenestra
1505 4311 1570 4384 (quat

242 4409 341 4462 tamen
361 4404 450 4480 paulo
470 4405 627 4464 admodum
642 4406 708 4483 plus
725 4405 847 4464 dimidia
867 4405 1013 4464 diametro
1028 4404 1132 4463 Lunae
1147 4399 1303 4480 capiebat)
1318 4400 1445 4462 lustrari
1460 4395 1570 4458 occiden-

243 4491 334 4551 talem
365 4509 394 4552 et
426 4494 601 4554 orientalem
630 4494 716 4553 luris
748 4496 880 4572 plagam.
928 4492 1009 4570 Ergo
1040 4512 1094 4570 per
1123 4509 1226 4551 auram
1257 4491 1348 4550 ralde
1378 4489 1570 4550 albicantem

242 4583 416 4662 praeseutia
440 4583 541 4642 lunae
567 4583 646 4641 risus
672 4597 770 4642 tarneu
793 4603 857 4642 sum
883 4601 939 4659 ego
959 4582 1061 4642 ridere
1086 4582 1237 4641 minimam
1261 4579 1394 4660 aliquam
1418 4571 1569 4637 debilissiut

244 4669 352 4731 lumiue
379 4673 405 4730 in
432 4673 586 4730 succidente
612 4672 772 4732 secuudum
798 4673 917 4730 ductum
942 4670 1116 4749 eclipticae‚
1148 4669 1345 4748 amplitudine
1370 4687 1390 4726 a
1411 4666 1485 4729 Jove
1504 4655 1568 4742 pali*

243 4759 355 4819 trtiuure
381 4780 467 4838 «purum
495 4761 721 4820 instrumentum
747 4761 841 4838 eupit-t
862 4775 895 4819 rt.
937 4759 1080 4820 Vicissim
1099 4758 1173 4818 hura
1197 4757 1290 4818 tertia
1313 4771 1344 4816 et
1364 4767 1435 4836 post
1449 4747 1567 4840 Seuttbl‘

243 4849 324 4907 uisus
349 4862 395 4908 est
421 4850 474 4908 suh
501 4851 572 4927 ipsis
592 4850 677 4908 leuis
703 4849 795 4910 radiis
820 4868 923 4908 uersus
947 4848 1134 4908 occidentem
1155 4847 1256 4906 uidere
1280 4859 1424 4925 punctum
1448 4839 1565 4903 lutitiae·

244 4954 330 5000 mmu.
358 4939 434 5017 quod
461 4938 534 4997 hura
558 4939 688 4998 secuudu
714 4958 770 4997 nou
795 4939 922 4998 rideret.
971 4937 1055 4997 llaec
1080 4945 1205 5015 uterque
1229 4953 1283 5015 pro
1307 4954 1350 5008 se,
1375 4934 1477 5014 ignaro
1496 4928 1565 4988 alttr⁰

244 5042 298 5084 nec
323 5027 361 5086 ad
386 5027 491 5087 eadem
516 5027 688 5106 quaerenda
713 5027 877 5087 admonito.
