3692 5842
699 265 731 317 de
748 267 821 317 rshns
839 266 943 331 Optlcis.
1458 271 1501 342 05

142 439 256 484 naam
273 433 350 486 fidu
367 441 395 488 ct
413 437 553 488 wudiam
570 453 603 490 ss
621 439 762 490 conditione
782 442 947 505 accipiamus,
966 450 996 491 ιιι
1012 445 1032 491 sl
1051 447 1078 492 tu
1091 449 1169 496 morte
1182 452 1330 509 pmescntns
1347 461 1397 499 non
1415 452 1500 514 possis,

143 517 189 556 us
207 504 345 557 Qun
363 521 447 558 ιιιιιι
465 523 632 573 memus,
660 511 774 575 eqnldem
793 514 892 561 omniuo
911 527 1038 576 speramns
1063 515 1175 580 adeoque
1201 523 1324 580 optamus,
1351 525 1381 568 ut
1396 520 1502 583 ipsemet

143 573 270 660 lahsrlbsrs
287 578 338 626 inis
356 584 383 628 at
398 580 463 630 sciis
481 588 509 630 ιι
526 581 631 646 agendis
649 582 728 645 possis
746 596 801 632 csse
819 592 952 646 superstes.
982 584 1100 644 -Quodsi
1118 600 1176 636 sero
1194 586 1263 636 Dens
1287 587 1361 639 aliter
1376 589 1500 655 disponat,

143 660 188 700 tiss
206 661 262 710 spes
280 655 307 698 ct
324 647 431 700 fiduciae
449 657 520 709 tuae,
545 659 667 716 qustsnns
693 653 717 702 id
736 655 800 703 eitra
818 653 979 705 offensionem
998 654 1024 704 S.
1045 655 1119 705 Caes.
1137 655 1279 719 Maiestatis
1297 659 1351 709 lieri
1369 664 1461 724 possit,
1484 676 1500 712 s

143 717 831 785 tesdnctipronostrspartencusumusdelutnri.
1031 750 1035 758 ·

233 788 310 841 Vale.
346 790 480 843 Dsbsntur
497 792 555 842 m
575 793 629 843 Cal.
649 795 720 844 Febr.
742 792 819 844 1605.
958 793 1063 851 Rector,
1082 797 1294 848 Procancellasius
1312 807 1339 850 et
1356 800 1465 853 Senatus

1050 868 1203 918 Academiae
1220 869 1393 936 Tubingensis.

235 948 488 1016 Christophorus
506 952 680 1012 Besoldns,
710 955 749 1004 cui
776 961 805 1003 nt
831 967 905 1016 supra
933 953 1025 1003 dictum
1050 956 1175 1019 exemplar
1192 956 1298 1022 Opticae
1325 963 1498 1014 transmiserat

143 1017 278 1085 chlcsns.
295 1037 340 1086 pro
357 1022 404 1073 hcc
423 1024 488 1074 donc
506 1026 600 1090 gratias
619 1039 697 1089 agens
715 1024 779 1074 haec
796 1025 908 1075 rescribit
926 1024 1064 1089 Kepleroz.
1379 1043 1382 1047 ·

231 1089 341 1144 Mhifica
358 1108 398 1145 me
424 1102 484 1145 tuae
502 1096 589 1145 literas
609 1096 723 1146 adiecere
741 1096 921 1152 delectatione,
948 1095 1087 1146 clarissime
1105 1097 1163 1154 Vir,
1192 1113 1248 1147 cum
1270 1100 1334 1165 quod
1352 1101 1421 1152 clara
1438 1104 1497 1155 inibi

143 1159 238 1212 iudicia
254 1164 293 1213 tal
311 1165 337 1213 in
355 1179 396 1215 mc
415 1166 504 1215 amoris
521 1173 575 1216 tnm
592 1167 651 1231 qula
668 1167 688 1214 is
707 1167 760 1230 ipse
779 1182 848 1215 arnor
865 1167 924 1215 mihi
944 1168 1106 1232 gratissimus.
1144 1169 1180 1218 Te
1194 1185 1243 1219 non
1256 1171 1334 1221 solnm
1353 1174 1419 1222 enim
1430 1174 1497 1225 fideli

142 1231 200 1282 cliui
219 1248 280 1284 usna
297 1250 352 1285 snm
370 1244 538 1300 praeceptore,
558 1237 601 1287 sed
620 1245 646 1288 et
660 1240 712 1299 jam
732 1239 763 1298 ab
782 1238 876 1301 aliquot
894 1241 966 1287 aunis
985 1238 1088 1288 mihies
1108 1240 1203 1300 adfinis,
1224 1256 1255 1290 ea
1273 1244 1375 1306 quippe.
1395 1248 1498 1310 quaesi

141 1303 214 1354 vitali
232 1305 376 1356 adhucdmn
394 1308 515 1358 humetur
533 1322 603 1365 aura,
632 1322 716 1358 sucnss
733 1322 791 1358 mea
809 1310 873 1358 leret
889 1323 992 1374 magua,
1021 1323 1066 1358 svo
1085 1318 1128 1360 tuo
1146 1314 1313 1377 germanitate
1335 1317 1425 1376 junma'
1442 1317 1496 1366 luis.

140 1374 254 1441 Isdcqne
272 1392 302 1427 eo
321 1378 444 1428 hbentius
462 1379 527 1446 qnod
545 1379 605 1428 mihi
622 1381 748 1443 injunxisti
768 1381 857 1446 agnovi
874 1395 973 1436 munus,
994 1387 1019 1429 et
1037 1396 1069 1430 ne
1088 1395 1126 1431 res
1138 1389 1198 1432 tuae
1215 1398 1274 1434 mea
1285 1384 1440 1450 negligentia
1456 1387 1497 1437 hic
1518 1427 1520 1432 .

141 1448 209 1496 nent
227 1447 362 1499 deteriores
381 1449 466 1500 sedulo
485 1453 577 1507 curari,
593 1457 679 1516 vutque
698 1465 782 1501 coram
799 1451 910 1514 principe
928 1451 1028 1501 Joanne
1046 1452 1168 1502 friderico
1186 1453 1345 1516 splendidiori
1362 1457 1388 1505 in
1406 1458 1503 1508 vestitu

141 1529 194 1567 uua
211 1531 270 1569 cnm
296 1521 346 1569 tuis
365 1521 445 1571 eidem
471 1523 574 1586 principi
601 1522 725 1585 inscriptis
751 1522 829 1571 literis
856 1521 909 1571 libri
929 1524 964 1571 tui
992 1524 1051 1587 ipsis
1073 1523 1182 1574 calendis
1200 1524 1314 1575 ianuarii
1340 1535 1495 1591 compareret

140 1589 277 1654 exemplar,
295 1593 432 1655 procurari.
469 1591 592 1657 Responsi
609 1608 666 1643 reso
684 1593 744 1642 nihil
763 1593 821 1642 dnm
838 1593 891 1652 tull,
911 1595 958 1642 nisi
976 1594 1041 1657 qnod
1059 1596 1158 1644 nomine
1176 1597 1212 1645 sui
1231 1597 1344 1661 principie
1356 1597 1413 1648 Joh.
1426 1599 1495 1650 Hen-

139 1662 471 1798 moqulseffifflunc
482 1677 505 1783 ἒ
524 1664 641 1724 consiliis,
663 1678 690 1713 se
708 1664 751 1783 tib:
769 1665 945 1783 restitiptnmm
962 1664 1022 1713 mihi
1031 1665 1191 1784 sitndicsverit.
1228 1666 1383 1733 lugentiores
1401 1676 1495 1728 tamen,

259 1768 267 1788 .
503 1749 540 1792 as,
575 1750 633 1785 uam
697 1751 728 1785 en
784 1750 815 1783 on
833 1750 861 1783 ns
881 1750 997 1784 missums
1016 1751 1030 1785 e
1056 1771 1061 1781 .

233 1803 342 1862 Donum,
360 1749 546 1870 quodgprrincipi
558 1750 852 1863 {ndenagdestisliabes
871 1805 958 1856 offerre
971 1808 1077 1871 nequivi,
1094 1801 1153 1855 nani
1165 1806 1259 1864 literae,
1279 1823 1341 1872 quas
1357 1810 1379 1858 ei
1393 1812 1496 1861 comites

139 1875 373 1941 daremmnnusque
392 1877 452 1926 illud
469 1878 548 1926 verbis
566 1883 691 1933 ornarent,
711 1892 832 1942 nmquam
845 1890 990 1940 apparuero,
1009 1892 1057 1926 nec
1074 1877 1099 1926 id
1111 1884 1206 1926 mutnus
1219 1879 1245 1927 in
1257 1887 1416 1942 conspectum
1430 1883 1495 1931 tanti

139 1946 259 2010 prlndpis
276 1949 361 1997 reuire
380 1948 471 1998 decuit
507 1947 657 1998 hlaestlinns
680 1949 745 1997 ιιιίιιι
768 1954 853 1998 noster
878 1954 976 2012 practer
1000 1949 1102 2011 principi
1120 1948 1212 1998 ioanni
1230 1949 1354 2000 Fridericc
1383 1958 1410 2000 et
1436 1951 1495 2002 mihi

139 2018 275 2081 inscriptas
292 2018 376 2068 nullas
394 2020 457 2069 alias
476 2018 509 2069 ad
526 2034 567 2069 me
584 2019 685 2083 pertulit
702 2019 797 2076 literas,
823 2032 870 2068 nec
888 2019 1029 2083 solopetarii
1048 2019 1119 2076 illius,
1149 2021 1188 2069 cni
1213 2028 1241 2070 tn
1266 2034 1309 2070 eas
1329 2024 1495 2079 commiseras,

139 2088 193 2138 ulis
211 2089 371 2153 inquisitione
389 2091 499 2141 candaci
518 2091 586 2153 potui
604 2093 709 2154 copiam.
746 2090 771 2139 Is
789 2090 873 2154 procul
893 2090 966 2138 dnbio
984 2090 1092 2146 tabulas,
1119 2101 1183 2154 qnae
1201 2106 1291 2141 nomon
1309 2093 1425 2156 principis
1443 2093 1494 2142 Fri·

139 2159 218 2209 derid
229 2173 336 2224 prae-se
352 2161 475 2218 ferebant,
495 2160 574 2211 eidem
592 2163 697 2226 ipsemet
714 2161 824 2218 tradidit,
842 2161 931 2210 librum
943 2160 1014 2210 nmul
1032 2175 1084 2210 uns
1096 2159 1248 2211 ollereudnm
1261 2163 1368 2222 nescius,
1381 2178 1429 2214 neo
1442 2178 1494 2220 sas,

138 2230 206 2295 qaod
225 2245 284 2281 cnm
311 2234 372 2281 meis
395 2247 445 2283 non
465 2239 611 2296 compactae
636 2237 725 2290 erant,
754 2232 814 2282 mihi
842 2233 880 2281 sel
899 2230 1032 2282 Massiliae
1051 2240 1119 2281 recte
1138 2232 1190 2281 dari
1217 2247 1376 2296 praesumens
1404 2236 1494 2284 animo.

139 2300 239 2352 h'oram
256 2303 334 2367 igitur
350 2305 407 2353 nori
426 2304 565 2369 argumernl
584 2311 612 2353 ut
630 2304 707 2353 cudae
725 2303 856 2367 epistolam
882 2317 985 2353 necesso
1004 2311 1050 2364 ιιι,
1077 2316 1151 2367 quam
1171 2318 1226 2353 cnm
1253 2305 1358 2368 primum
1375 2319 1496 2370 accepero

139 2373 257 2422 manibus
274 2375 393 2439 principis
411 2376 488 2424 nostri
505 2374 660 2424 illustrissimi
678 2380 707 2424 ιιι
725 2374 822 2424 insimul
842 2388 897 2423 cum
916 2381 958 2424 tuo
981 2375 1042 2424 libro
1061 2373 1133 2422 detur
1149 2388 1221 2423 meae
1240 2376 1287 2424 erit
1306 2377 1447 2425 emetientis.
1519 2374 1524 2380 '

231 2446 256 2494 Δ
274 2451 364 2495 senam
384 2446 527 2496 soadsmico
552 2460 608 2495 mor
625 2446 728 2495 habebis
746 2460 905 2509 responsum
934 2445 1003 2495 illum
1030 2446 1113 2507 petitis
1135 2446 1184 2494 tuis
1210 2459 1319 2496 annuere
1337 2445 1496 2512 singulosque

138 2519 270 2567 senatores
287 2516 332 2566 siti
349 2516 434 2566 isrcre
453 2519 594 2580 comperior.

232 2585 259 2637 Si
278 2585 427 2637 Haestlinus
444 2603 494 2636 non
513 2588 538 2637 in
556 2601 637 2639 rernm
655 2581 837 2647 naturs'esset,
856 2586 928 2636 nobis
946 2587 1043 2650 propior
1057 2600 1130 2636 esses.
1169 2586 1269 2637 Certum
1281 2593 1328 2650 ost,
1346 2595 1373 2637 te
1385 2589 1495 2654 obtinere

138 2658 179 2708 hic
197 2671 273 2723 passe
290 2658 467 2722 professionem
485 2658 677 2723 philosophicam
695 2672 866 2723 quamcunque
884 2659 988 2722 primum
1006 2664 1152 2715 vacantems
1171 2660 1278 2708 omnium
1298 2660 1363 2709 euim
1381 2658 1495 2711 horarum

137 2729 212 2782 hamc
232 2729 301 2780 cluss
318 2731 408 2795 quique
427 2731 492 2779 omni
509 2732 600 2780 sersire
616 2730 695 2793 possit
712 2743 812 2779 scenae.

228 2797 288 2850 Duo
299 2799 515 2866 Paralipomensov
531 2807 629 2850 tuomm
647 2799 797 2864 exemplaris
815 2813 879 2865 quse
898 2800 964 2864 apud
982 2813 1022 2849 me
1040 2800 1142 2864 reliqua,
1161 2801 1211 2849 tria
1228 2801 1293 2850 enim
1304 2799 1366 2848 mihi
1384 2805 1494 2850 tantum·

138 2870 211 2921 modo
231 2871 381 2922 Massilinus
404 2873 479 2929 misit,
504 2870 677 2921 Haienrell‘ero
696 2877 722 2921 et
740 2871 836 2937 Magire
862 2878 904 2920 tuo
923 2872 1030 2931 nomine,
1058 2870 1205 2919 mandatum
1231 2885 1313 2920 meum
1341 2871 1494 2935 aliquantum

138 2943 215 2993 latius
234 2943 410 3006 interpretans,
429 2943 493 2993 douo
512 2943 615 2998 donaris
640 2944 657 2991 ii
676 2944 741 2992 enim
759 2949 825 2999 snut,
844 2943 931 3006 quibua
949 2956 1009 3005 prae
1028 2943 1116 2991 ceteris
1135 2941 1303 3003 huiuscemodi
1321 2941 1404 2991 studia
1422 2947 1448 2991 ιι
1465 2950 1493 2990 ιιι

140 3013 304 3079 pscptcr'iila
322 3013 390 3065 cordi
407 3029 442 3064 es.
479 3013 506 3063 Si
523 3015 634 3079 peccari,
653 3026 735 3077 poena
752 3013 811 3062 mihi
829 3014 870 3069 sit,
893 3020 922 3064 ut
941 3013 1007 3076 apud
1025 3012 1180 3075 bibliopolam
1198 3019 1308 3062 nostrum
1326 3011 1402 3068 alind,
1427 3012 1492 3078 qnod

139 3087 242 3150 principi
260 3091 346 3135 norim
364 3085 444 3142 datm,
463 3086 515 3149 ipse
532 3086 595 3135 meis
613 3085 719 3134 nummis
738 3098 820 3133 emero
838 3098 941 3134 necesse
959 3084 1065 3133 habeam
1084 3083 1216 3147 exemplar.

230 3154 304 3206 usas
322 3155 388 3221 quod
405 3157 497 3206 attinet
515 3156 676 3212 conditiones,
695 3156 792 3219 privata
809 3154 935 3218 hucusque
954 3161 1085 3204 contentus
1097 3155 1149 3203 situ
1166 3154 1233 3203 lateo
1250 3154 1397 3218 publicaque
1416 3154 1491 3203 attin

139 3241 196 3293 gere
214 3227 376 3293 malignitate
393 3241 488 3277 momm
505 3226 574 3276 hlsce
586 3228 611 3275 in
624 3226 684 3276 locis
696 3227 784 3276 mirum
796 3239 870 3289 qnam
883 3232 1015 3290 grassante
1028 3224 1166 3284 deterritus,
1185 3224 1330 3290 theologicis
1342 3231 1369 3273 et
1380 3224 1491 3287 politico·

140 3299 266 3349 hhtcricis
284 3300 413 3348 immersus
432 3313 485 3347 sum
503 3298 714 3353 meditationibus,
733 3310 835 3362 quarum
854 3296 977 3359 quoddam
995 3296 1121 3360 specimen
1138 3294 1228 3358 publici
1244 3297 1306 3359 luris
1323 3296 1405 3345 iacere
1423 3309 1491 3359 paro.

140 3369 174 3420 lbl
191 3384 277 3420 meum
296 3369 328 3419 de
347 3369 482 3436 astrologia
497 3368 629 3432 judiciaria
646 3369 740 3418 ridebis
755 3367 889 3431 judicium,
918 3368 962 3417 tibi
981 3368 1064 3415 iorssn
1082 3366 1190 3415 insolens
1217 3365 1262 3415 sed
1280 3380 1296 3415 a
1313 3366 1416 3430 purioris
1434 3365 1490 3415 reli·

140 3441 218 3506 §rab
237 3439 403 3491 axiomatibus
420 3455 470 3490 nou
489 3441 630 3490 abhorrens.
668 3440 706 3488 'lh
723 3439 821 3503 quidem
839 3452 866 3487 es
884 3438 959 3495 solus,
978 3439 1019 3502 qui
1037 3440 1133 3501 rejecta
1149 3438 1395 3500 superstitiose-vana
1413 3442 1491 3485 astro·

140 3513 208 3580 logia
226 3512 348 3569 Araban,
367 3511 552 3576 simplicioribus
580 3519 606 3560 et
629 3510 685 3560 ideo
705 3511 847 3559 certioribus
874 3510 943 3558 ulans
960 3508 1136 3567 fundamentis,
1161 3508 1187 3556 ln
1211 3507 1303 3557 tabulis
1319 3507 1425 3556 latorum
1443 3503 1493 3567 (its

139 3583 236 3634 sedum
252 3582 322 3633 soleo
333 3579 474 3644 nominue]
493 3596 558 3647 quae
576 3582 646 3632 tacta
663 3581 795 3646 luturaqne
813 3587 871 3629 sunt
882 3580 951 3646 legis.
989 3578 1039 3630 Sed
1057 3586 1086 3629 tu
1099 3577 1171 3628 crede
1183 3577 1251 3635 mihi,
1271 3576 1430 3644 astrolog'am
1442 3591 1492 3626 non

139 3653 265 3704 hominum
283 3653 330 3703 sed
347 3653 495 3704 daemonnm
513 3666 568 3706 esse
585 3655 721 3709 inrsntnm,
748 3658 835 3715 putam
853 3665 940 3714 puram
958 3665 1112 3716 paganorum
1130 3649 1283 3714 religionem,
1305 3657 1435 3712 poetarum
1453 3651 1491 3698 la·

139 3725 200 3775 bula
228 3724 404 3775 adumbratam
428 3726 509 3792 magis
536 3734 611 3792 qnam
636 3723 795 3787 explicatam,
824 3729 903 3772 artem
932 3721 1071 3773 christiam
1099 3736 1150 3771 uon
1176 3721 1279 3778 licitam,
1306 3719 1384 3770 multo
1411 3719 1492 3770 mluns

138 3796 315 3849 munisse.

226 3865 280 3919 Sed
297 3866 329 3918 tle
347 3865 386 3916 his
397 3866 474 3932 ‘plura
492 3867 583 3917 addere
600 3865 737 3916 iprensibus
755 3866 874 3929 negotiis,
894 3865 980 3929 quibus
998 3880 1039 3915 me
1056 3877 1123 3914 nunc
1141 3867 1239 3927 propter
1257 3862 1396 3912 absentiam
1414 3861 1492 3927 patris

137 3939 185 3990 mai
203 3937 294 3990 ndens
311 3938 449 3988 immiscere
467 3953 550 4004 cogor,
568 3943 738 4001 tempestuosa
756 3935 884 4001 prohibeor
901 3938 934 3985 si.

227 4009 307 4060 Hisce
324 4015 353 4059 tn
370 4008 427 4059 sale
445 4015 471 4059 ιι
487 4024 527 4059 me
545 4015 575 4059 nt
592 4008 657 4059 soles
675 4021 733 4058 ama
751 4007 796 4057 Vir
813 4007 954 4057 clarissime.

226 4079 359 4146 Tubingae
378 4079 401 4129 d.
422 4077 465 4130 27.
483 4080 542 4131 Jan.
562 4086 611 4131 set
630 4085 661 4129 st
682 4077 760 4128 1605.
989 4077 1060 4127 Tuae
1079 4074 1456 4196 Εόἱιΰὶιιιίιιιέιιιᾱίῗίιιίιιιιιι
1508 4053 1514 4060 ’

1136 4182 1142 4195 .
1191 4161 1244 4196 eso
1283 4160 1316 4195 ns
1361 4179 1368 4194 .

226 4237 275 4292 ms
293 4181 395 4292 Raetii
412 4238 489 4290 literis
516 4251 598 4301 pauca
617 4237 734 4289 addenda
752 4252 888 4288 censemus.
924 4236 965 4287 De
983 4235 1089 4285 Besolde
1115 4235 1163 4285 alio
1182 4233 1236 4283 loco
1256 4230 1325 4295 (Vol.
1344 4231 1365 4284 1.
1385 4247 1408 4296 p.
1429 4229 1492 4291 188)

136 4314 225 4379 μιιίι
243 4311 356 4362 diximus.
393 4309 463 4362 Natu
480 4310 579 4376 quidem
595 4311 675 4360 minor
692 4309 800 4373 Keplero
820 4306 906 4370 (uatus
925 4314 964 4358 est
975 4307 1105 4372 Tubingae
1124 4319 1189 4356 anno
1203 4300 1285 4365 1577)
1304 4303 1389 4353 eodem
1407 4309 1494 4353 tamen

137 4399 186 4452 qno
204 4383 331 4448 chlsrm
349 4388 459 4448 tempore
472 4379 601 4447 Tubingae
621 4381 653 4431 ad
671 4381 756 4431 literas
774 4380 887 4431 incubuit
905 4375 997 4443 (comp.
1017 4379 1036 4433 1,
1055 4394 1080 4443 p.
1103 4374 1147 4438 tl)
1167 4383 1193 4425 ιι
1210 4375 1267 4425 inde
1286 4374 1317 4424 ab
1336 4389 1365 4424 eo
1383 4381 1493 4438 tempora
1602 4381 1605 4386 “

136 4456 251 4508 amidtis
269 4467 326 4505 curn
343 4453 386 4504 illc
403 4454 549 4516 conjunctus
569 4457 630 4514 erat,
657 4451 721 4518 quod
740 4457 844 4516 apparet
862 4464 893 4500 ex
909 4449 988 4501 literis
1006 4447 1106 4500 Besoldi
1125 4448 1158 4499 sd
1175 4444 1312 4509 Keplerurn
1330 4444 1403 4502 datis,
1431 4457 1494 4510 quas

137 4527 241 4578 exhibet
257 4523 403 4576 limenius
421 4538 499 4590 usqne
517 4523 550 4574 ad
569 4537 661 4573 aunum
675 4519 752 4583 1826,
771 4536 882 4587 quaeque
900 4527 1025 4572 testentur
1042 4520 1129 4584 quanti
1147 4518 1235 4568 lecerit
1246 4514 1349 4579 Keplcrl
1366 4515 1495 4583 ingcm'uus

135 4603 164 4649 ct
181 4597 325 4650 doctrinam
343 4609 466 4662 operaque
485 4594 518 4645 ab
534 4593 577 4644 illc
596 4595 673 4651 edita,
692 4609 794 4658 quorum
811 4593 929 4657 pleraque
947 4592 1070 4655 Keplerus
1088 4589 1152 4640 dono
1171 4585 1240 4638 dedit
1256 4586 1374 4637 Besoldo.
1410 4588 1495 4654 Aegre

135 4669 268 4722 mudum
287 4673 335 4725 ssi.
354 4681 439 4717 omnes
457 4664 560 4730 Kepleri
579 4665 612 4714 ed
630 4664 762 4715 Besoldnm
780 4664 854 4714 datas
872 4663 966 4721 literae,
992 4676 1044 4712 nuc
1062 4667 1161 4712 tantum
1185 4663 1291 4721 excepta
1310 4655 1403 4723 (comp.
1422 4655 1493 4710 Han·

134 4739 234 4792 schlam
252 4754 278 4806 p.
293 4733 358 4800 270)
377 4734 517 4806 deperditus
536 4750 600 4792 esse,
617 4750 720 4801 quarum
738 4735 887 4800 pannem
906 4733 1033 4785 eBesoldi
1044 4729 1249 4796 responsionibus,
1268 4730 1414 4792 praesertim
1432 4741 1495 4794 qut·

134 4817 211 4864 tenus
229 4824 271 4862 ras
289 4811 400 4862 affluant
416 4807 580 4874 thoobgioas.
606 4807 674 4858 hand
692 4805 791 4856 dificile
811 4819 954 4871 cognosces.
991 4803 1029 4855 Ex
1050 4802 1129 4854 literis
1146 4799 1247 4854 Besoldi
1272 4813 1348 4866 snpra
1364 4799 1495 4866 proposln's

1245 4883 1283 4940 ὃ.
