3692 5842
746 455 827 518 caput
844 455 889 505 lv.
909 455 934 505 8.
1453 460 1518 524 213

157 637 279 692 stanter
300 631 448 703 affinnat,
478 630 608 693 minores
631 632 828 693 communiter
856 651 1000 710 apparere
1031 633 1161 695 siderum
1186 635 1396 712 refractionem
1429 655 1517 717 quam

158 727 230 782 sunt
262 718 352 794 illae,
386 739 462 800 quas
495 720 599 800 Tyclro
630 721 730 782 Brahe
764 721 792 782 iu
825 721 924 781 Dania
957 722 1131 783 observavit
1162 723 1211 785 fel.
1237 721 1289 786 29.
1325 734 1356 787 et
1385 724 1438 788 85.
1464 722 1517 790 86.

157 807 325 888 Epistolar.
351 808 618 893 astronomicarum
640 809 810 889 Tychenis:
837 810 1042 890 permovitqne
1066 810 1246 890 Tychenern,
1274 821 1306 874 ut
1330 814 1519 877 existimaret

157 895 406 960 meridionalihns
428 897 504 959 locis
527 898 617 960 minui
641 898 859 960 refractiones:
888 900 966 977 qued
991 900 1027 960 de
1053 899 1166 961 llassia
1189 901 1307 980 quidem
1331 922 1433 965 verum
1459 911 1517 978 est,

157 994 192 1048 at
212 1003 272 1062 nun
297 993 446 1066 qnatenus
469 986 499 1047 in
524 987 678 1049 meridiem
703 988 802 1066 vergit
825 1009 843 1048 a
863 988 973 1062 Dauia,
997 988 1051 1048 sed
1076 997 1224 1069 quatenus
1248 998 1388 1052 acentro
1404 993 1516 1054 Terrae

159 1082 207 1138 est
239 1074 388 1136 elevatior
420 1083 452 1136 et
484 1076 650 1155 superficiei
687 1076 767 1137 atris
805 1076 935 1155 propior.
990 1075 1069 1136 Vide
1100 1077 1223 1138 Tamum
1254 1078 1277 1139 1.
1311 1079 1517 1158 Epistularum

93 1162 98 1168 ’
157 1162 310 1246 Tycbonis
332 1163 448 1233 Brahe,
479 1163 530 1225 fel.
557 1159 608 1227 63.
635 1161 687 1228 td.
712 1163 765 1227 85.
797 1163 865 1226 112.
897 1164 946 1224 nbi
971 1166 1071 1246 Tycho
1096 1166 1279 1227 Rothmanni
1310 1177 1517 1248 argumentum

158 1252 302 1314 refellens
326 1260 536 1331 argumentum
560 1274 657 1315 meum
682 1255 847 1314 continuat.
885 1253 1033 1332 Equidem
1058 1255 1135 1333 quod
1161 1254 1331 1333 frigidiores
1351 1256 1379 1317 in
1397 1257 1515 1318 Vinde-

159 1341 224 1403 licis
248 1340 371 1422 hyemes
395 1349 538 1421 espertns
562 1350 610 1403 est
634 1343 725 1424 (quud
750 1344 942 1422 postmodum
966 1343 1001 1402 de
1026 1343 1172 1403 Bohemia
1201 1363 1316 1424 quoque
1340 1346 1515 1420 affirmavit)

123 1447 126 1452 ·
158 1431 248 1511 plane
273 1429 329 1491 bec
354 1430 468 1509 arguit,
497 1430 639 1492 minorem
657 1426 736 1492 'esse
761 1431 789 1492 in
819 1430 969 1492 montanis
1001 1432 1080 1493 aeris
1111 1431 1346 1509 profunditatem
1375 1454 1462 1514 quam
1487 1435 1515 1495 iu

158 1517 308 1580 litoribus.
364 1519 413 1580 Ad
447 1520 552 1580 oceani
583 1520 701 1600 quidem
736 1521 826 1581 litora
856 1539 979 1581 cansam
1013 1521 1142 1581 ail'erunt
1175 1521 1284 1594 aliam,
1320 1522 1392 1583 cieri
1426 1525 1516 1584 flatus

157 1606 319 1669 calidesa
349 1607 532 1688 quotidianis
565 1609 699 1669 aestibus
734 1609 841 1683 rueris,
876 1609 924 1688 qui
962 1609 1051 1670 litora
1084 1609 1238 1686 operiant,
1274 1618 1307 1671 ut
1335 1630 1401 1671 raro
1433 1612 1516 1673 nives

157 1695 332 1777 perdurent.
379 1697 413 1757 Iu
437 1697 519 1757 Balti
545 1715 614 1758 vere
645 1697 717 1758 nulli
742 1708 813 1759 sunt
836 1706 940 1758 aestus
968 1707 1021 1758 aut
1048 1698 1202 1775 perexigui
1231 1706 1352 1777 statque
1381 1719 1474 1761 causa
1497 1720 1516 1760 a

158 1804 207 1847 me
239 1784 373 1846 adducta
402 1784 578 1861 incolumis,
612 1805 668 1847 non
698 1806 735 1847 ea
767 1787 885 1865 quidem
921 1805 1009 1865 quam
1037 1785 1247 1847 Rothmannus
1288 1789 1393 1862 affert,
1438 1789 1515 1870 quod

157 1871 293 1936 crassior
316 1874 357 1934 sit
380 1880 434 1934 aer
456 1874 484 1934 in
504 1875 604 1936 Dania
623 1876 660 1936 ob
684 1875 901 1936 sublimitatem
920 1876 980 1953 poli
1006 1875 1123 1935 tantulo
1148 1875 1332 1938 auctiorem:
1357 1877 1411 1936 sed
1431 1877 1515 1949 haec,

157 1963 238 2044 qnod
261 1962 438 2042 profundior
461 1963 502 2023 sit
526 1970 578 2024 aer
602 1965 630 2024 in
660 1964 710 2024 ille
740 1982 868 2042 aequore
893 1965 921 2024 in
954 1964 1032 2043 quod
1057 1963 1197 2041 Visurgis
1231 1965 1390 2025 effunditur
1423 1964 1515 2037 (idern

157 2052 238 2114 enirn
263 2059 313 2111 est
336 2051 438 2130 ntique
462 2071 573 2131 aequor
597 2053 701 2114 oceani
725 2052 804 2114 illius
829 2061 859 2113 et
878 2052 987 2126 Baltis,
1013 2050 1223 2112 confluentium
1246 2051 1276 2112 iu
1301 2054 1378 2114 fretu
1403 2053 1516 2126 vicine)

159 2159 249 2222 quarn
273 2139 304 2201 in
329 2139 463 2220 fastigio,
488 2141 566 2202 unde
590 2141 697 2202 fluvius
722 2142 770 2202 ille
795 2141 936 2203 exeritur.
987 2141 1108 2202 lnterim
1131 2160 1189 2200 non
1219 2157 1307 2216 nege,
1338 2142 1516 2204 crassiorem

160 2229 254 2292 etiarn
279 2247 347 2290 esse
371 2246 476 2307 posse,
501 2230 607 2291 sedin
632 2250 747 2291 summo
771 2231 985 2309 septentrione.
1027 2230 1143 2290 Eodem
1169 2229 1239 2289 folio
1266 2227 1337 2291 112.
1363 2230 1518 2292 existimat

157 2317 262 2399 Tycha
296 2316 390 2379 etiam
425 2317 453 2378 in
488 2318 623 2397 ejusdem
655 2319 821 2380 horizontis
854 2319 983 2380 diversis
1015 2318 1113 2397 plagis
1145 2317 1182 2378 eb
1219 2317 1355 2379 diverses
1389 2337 1532 2397 vapores·

157 2407 283 2469 alterari
307 2425 399 2485 pesse
429 2407 644 2468 refractiones:
676 2409 769 2469 multo
794 2407 886 2486 igitur
908 2407 1006 2485 magis
1031 2407 1059 2466 in
1084 2405 1211 2467 diversis
1242 2406 1324 2467 locis.
1373 2407 1516 2470 Vicissim

156 2494 290 2558 Haasiae
312 2495 522 2572 Landgravins
547 2497 614 2569 (fel.
636 2494 689 2558 22.
714 2496 920 2575 Epistularum
935 2494 1100 2578 Tyclronis)
1125 2496 1263 2568 affirmat,
1288 2516 1307 2555 a
1330 2515 1363 2556 se
1387 2497 1517 2576 quadum

157 2591 246 2647 nocte
280 2584 419 2663 diligenti
452 2585 663 2646 observatione
697 2585 913 2664 deprehensam
953 2585 1074 2645 stellam
1106 2583 1234 2644 Veneris
1273 2584 1392 2646 circiter
1425 2585 1515 2647 horae

157 2673 359 2755 quadrantem
382 2672 528 2735 horizonti
553 2674 709 2736 inhaerere
733 2673 952 2748 stationariam,
978 2672 1063 2753 quasi
1084 2680 1166 2733 motu
1189 2672 1276 2751 primi
1300 2673 1419 2734 mobilis
1443 2673 1516 2735 nihil

157 2770 332 2841 raperetur,
367 2781 433 2824 curu
457 2762 573 2824 dnobus
601 2762 728 2842 amplius
761 2763 905 2842 gradibus
930 2761 1105 2842 jam'esset
1132 2762 1289 2834 demersa;
1323 2769 1394 2840 post
1418 2760 1516 2822 subito

157 2869 351 2912 evanescere.
392 2850 428 2912 ld
451 2850 603 2912 insolitum
628 2852 832 2930 spectaculum
852 2871 909 2912 non
935 2851 1054 2912 aliunde
1078 2850 1189 2923 extitit,
1216 2869 1302 2929 qnam
1319 2869 1356 2910 ex
1375 2857 1516 2931 surgente

156 2939 308 3020 paulatim
333 2957 437 3001 crasso
462 2958 572 3019 vapore
597 2940 760 3020 statimqne
784 2940 812 3000 in
838 2941 917 3002 atris
941 2959 1053 3020 aequor
1076 2959 1192 3000 rursum
1216 2939 1333 2999 diffuse.

247 3028 317 3091 Non
343 3027 489 3090 dissimile
522 3030 757 3108 experimentum
788 3030 883 3090 tradit
911 3029 1138 3091 Maestliuns
1171 3035 1350 3107 praeceptor
1379 3047 1463 3088 mens
1487 3027 1516 3088 in

156 3118 310 3180 Thesibns
330 3117 367 3177 de
386 3117 568 3196 Eclipsibus,
594 3137 669 3199 quas
690 3137 767 3179 anno
783 3114 835 3181 96.
862 3119 966 3189 edidit,
991 3118 1074 3197 cnjus
1098 3116 1191 3177 verba
1212 3115 1253 3177 th.
1270 3115 1322 3180 55.
1343 3116 1418 3177 haec
1438 3124 1516 3177 sunt.

247 3222 329 3272 Anne
360 3216 436 3271 1590
464 3217 508 3271 die
535 3218 561 3271 7.
583 3218 662 3281 Julii,
690 3234 739 3271 nos
768 3217 812 3270 hic
833 3219 994 3288 Tubingae‚
1021 3217 1093 3271 Solis
1119 3225 1214 3271 centro
1241 3232 1327 3287 supra
1346 3217 1517 3271 horizontem

155 3304 329 3370 emergente,
350 3296 466 3351 vidimus
486 3299 593 3351 Lunam
615 3299 650 3351 ab
672 3305 768 3351 austro
793 3300 899 3368 aliquot
919 3299 1014 3369 digit-is
1031 3296 1092 3366 jam
1114 3297 1297 3362 deficientem,
1319 3299 1424 3350 duobus
1445 3313 1517 3367 pene

154 3378 293 3452 gradibus
314 3378 471 3432 elevatam:
500 3386 530 3431 et
549 3386 653 3441 contra,
676 3380 772 3431 Lunae
794 3386 888 3432 centro
910 3380 961 3432 sub
987 3394 1114 3431 occasum
1142 3379 1333 3440 descendente,
1362 3377 1518 3431 notavimus

156 3459 230 3514 Solis
252 3474 338 3528 supra
358 3464 448 3511 crtum
468 3460 581 3512 duorum
603 3460 739 3530 graduum
765 3458 948 3512 altitudinem.
991 3458 1096 3512 Occidit
1123 3463 1216 3511 autern
1236 3458 1316 3510 Luna
1336 3456 1412 3525 prius
1434 3471 1517 3525 quam

156 3542 195 3594 ad
216 3539 366 3593 maximam
387 3539 609 3592 obscurationem
630 3542 788 3592 devenerat.

249 3617 299 3678 Ex
331 3616 379 3677 his
411 3617 582 3697 colligitur,
614 3618 825 3677 refractionem
859 3616 924 3695 ejus
957 3614 1015 3675 diei
1051 3613 1267 3675 horizontalem
1301 3614 1395 3674 fuisse
1425 3612 1518 3673 multe

159 3708 308 3787 majorem
328 3704 443 3767 dnobus
463 3706 616 3785 gradibus,
637 3725 759 3785 querum
783 3704 935 3766 dimidium
951 3702 1026 3778 Soli,
1051 3703 1194 3783 reliquum
1214 3703 1317 3763 Lunae
1342 3700 1518 3763 debebatur.

158 3795 283 3859 Etenim
308 3793 390 3857 Solis
414 3803 520 3857 centro
544 3796 659 3858 oriente
683 3794 897 3866 conveniebat,
923 3800 957 3853 ut
980 3792 1102 3854 umbrae
1126 3800 1261 3854 centrum
1289 3789 1454 3863 occideret,
1483 3805 1519 3850 ao

355 3950 483 3961 ——..

158 4054 264 4100 earnm,
287 4053 360 4107 quae
381 4036 547 4107 contingunt
567 4036 595 4089 in
617 4036 712 4107 aliqua
733 4034 851 4088 siderum
873 4033 1035 4098 altitudine,
1058 4033 1182 4105 sequitur
1202 4031 1309 4103 quidem
1331 4030 1416 4085 etism
1435 4027 1519 4083 immi·

158 4119 238 4174 nutio
259 4117 358 4172 totalis
378 4116 560 4181 retractionis,
583 4117 643 4186 ejus
658 4133 764 4184 nempe,
787 4131 859 4185 quac
874 4117 904 4168 lit
924 4114 1047 4168 inradia
1069 4115 1217 4184 sphaeram
1235 4112 1308 4165 aeris
1331 4109 1519 4180 contingente.

159 4199 269 4254 Deinde
292 4214 358 4252 reru
373 4196 400 4250 iu
415 4198 511 4250 eadem
527 4197 576 4250 illa
596 4197 712 4269 regione
726 4202 756 4248 et
777 4203 909 4265 tempore,
931 4194 1110 4248 horizontalis
1132 4192 1305 4247 nihilominus
1320 4190 1409 4258 major
1426 4194 1522 4258 potest

159 4295 318 4349 appetem
345 4282 496 4347 propterea
517 4280 588 4347 quod
617 4279 652 4330 ob
673 4276 848 4330 altitudinem
868 4274 990 4345 regionis
1012 4276 1175 4328 observator
1202 4279 1345 4325 extremae
1367 4264 1520 4336 superficiei

160 4359 237 4414 aeris
258 4365 305 4412 eat
325 4355 447 4420 ricinior,
469 4356 623 4427 fruiturque
644 4356 721 4411 radic
743 4356 921 4426 contingente
944 4354 1016 4407 aeris
1045 4354 1192 4423 sphaeram
1217 4350 1363 4420 plurimum
1383 4348 1520 4418 refraete;

161 4439 209 4511 qui
229 4440 317 4509 lenge
338 4452 425 4507 supra
444 4442 530 4506 caput
551 4436 635 4506 ipsius
664 4436 764 4491 fuisset
786 4435 968 4497 transiturus,
991 4433 1013 4487 si
1035 4435 1198 4487 observator
1218 4428 1354 4483 humiliori
1377 4428 1436 4481 luco
1457 4442 1520 4479 con·

161 4519 293 4575 stitisset.
335 4517 398 4571 Neu
419 4516 491 4570 enim
511 4516 611 4586 ubique
639 4520 776 4579 locorum,
802 4521 907 4585 quanta
935 4515 1072 4585 contingit
1097 4512 1218 4569 maxima
1239 4508 1385 4572 refractio,
1414 4512 1521 4559 tantam

161 4605 195 4654 et
212 4599 303 4654 habet
323 4597 372 4652 Sel
394 4598 565 4660 occumbens,
588 4604 619 4650 ut
639 4598 790 4668 diligenter
811 4593 954 4648 inculcavi.

253 4679 293 4734 m
312 4694 365 4749 per
385 4693 416 4730 se
436 4683 532 4745 patet,
564 4677 732 4747 quantitatis
753 4676 861 4729 minoris
894 4674 1015 4744 aliquam
1036 4685 1097 4726 essa
1128 4678 1248 4741 partem,
1278 4668 1329 4721 tuti
1355 4666 1522 4727 viciniorem,

163 4775 236 4832 quae
256 4757 348 4829 major
367 4773 430 4810 esse
450 4756 540 4826 possit
557 4764 637 4826 parte
660 4757 755 4826 aliqua
775 4755 940 4826 quantitatis
962 4753 1082 4822 majoris,
1104 4752 1166 4821 plus
1185 4767 1203 4803 a
1217 4757 1276 4803 tete
1298 4766 1347 4802 suo
1370 4745 1522 4800 deficiente.

164 4842 259 4903 Quare
281 4837 337 4894 etsi
357 4835 455 4892 totalis
476 4836 607 4891 retractio
622 4837 692 4891 radii
713 4835 898 4906 contingentis
914 4833 1001 4888 minor
1021 4832 1168 4902 aliquando
1182 4829 1220 4883 sit
1237 4830 1263 4882 in
1286 4845 1340 4880 uno
1362 4827 1421 4880 loco
1443 4839 1525 4895 quam

164 4920 194 4975 iu
214 4919 287 4985 alin,
318 4915 409 4988 major
438 4923 531 4972 tamen
551 4934 613 4971 esse
643 4924 738 4987 potest
763 4931 828 4985 para
849 4914 924 4983 ejus,
956 4930 1037 4985 quam
1058 4913 1146 4966 habet
1165 4909 1213 4963 Sol
1241 4907 1412 4971 occumbens,
1443 4907 1524 4975 parta

165 4999 282 5056 alterins
303 4998 367 5055 leci.
693 5007 695 5016 '
