3692 5842
369 491 434 560 686
849 493 888 545 os
907 491 1075 544 ser-usn
1092 492 1245 560 masuam

365 671 475 735 luerint
499 678 570 733 ante
585 671 682 733 lucem
706 681 889 752 susceptam,
913 672 944 734 id
957 672 1097 736 Fabricio
1120 671 1262 752 theologo
1285 670 1454 753 comasque
1471 671 1613 754 physicis
1635 675 1723 738 relio-

365 768 461 843 quunt
483 760 719 843 expendendum.
766 761 832 840 Ego
860 762 975 840 pridem
1004 763 1083 824 hano
1113 760 1269 843 physicam
1291 779 1330 822 ex
1352 760 1542 825 astronomia
1572 762 1724 844 ingresus

365 848 615 930 disquisitionem,
640 857 767 929 quatuor
789 850 920 913 Fabricii
944 851 1086 926 rationes,
1110 850 1218 932 quibus
1240 867 1349 930 corpus
1371 849 1481 912 sideris
1505 851 1641 930 probare
1663 853 1722 916 retr

365 958 484 1019 semper
507 939 677 1012 exstitisse,
702 941 879 1018 expendam.
934 941 1034 1002 Primo
1063 940 1180 1001 Lunam
1217 937 1262 1001 ait
1288 957 1380 1018 saepe
1404 939 1575 1020 exstingui,
1609 950 1723 1004 retento

365 1047 514 1108 corpore;
547 1027 603 1089 hoc
627 1027 707 1088 idern
730 1046 802 1106 ergo
827 1037 858 1090 et
882 1028 917 1089 de
942 1029 1073 1090 insolitis
1096 1026 1194 1091 stellis
1218 1027 1369 1090 credibile.
1407 1027 1499 1108 Nego
1521 1029 1582 1091 tibi
1599 1029 1722 1106 Febrim,

364 1115 656 1180 verisimilitudinem
676 1115 789 1179 abhoc
814 1118 950 1197 exemplo
973 1117 1077 1198 sequi;
1100 1116 1289 1198 possibilitas
1303 1115 1346 1178 rei
1365 1117 1556 1180 solummodo
1580 1119 1719 1200 sequitu,

364 1207 391 1268 si
415 1206 534 1267 aliunde
567 1205 758 1282 conjecturae
791 1213 970 1285 suppetant,
1003 1225 1079 1285 quae
1102 1225 1165 1269 rem
1193 1205 1289 1285 ipsam
1321 1205 1482 1268 suadeant.
1530 1206 1606 1270 Non
1638 1207 1721 1290 igitar

365 1303 571 1374 argumentum
596 1295 695 1368 affers,
721 1294 774 1354 sed
793 1295 963 1374 scrupulum
987 1294 1079 1371 tollis,
1103 1296 1129 1356 si
1149 1313 1225 1374 quae
1246 1294 1323 1355 forto
1342 1303 1524 1374 argumenta
1542 1307 1721 1378 sequantur:

366 1383 412 1444 sin
435 1382 548 1455 minus,
578 1402 615 1444 ne
640 1382 797 1462 scmpulus
822 1384 939 1462 quidem
963 1384 1037 1458 erit;
1069 1384 1217 1445 neminem
1242 1382 1320 1444 euim
1349 1384 1510 1462 scrupulus
1532 1393 1643 1464 urget,
1672 1383 1721 1448 u‘ni

364 1472 542 1534 calceatum.
590 1472 729 1533 Alterum
753 1481 959 1549 argumentum
984 1473 1067 1535 ducit
1089 1493 1108 1534 s
1130 1479 1212 1534 motu
1241 1480 1443 1534 cometarum:
1473 1472 1506 1533 in
1532 1491 1596 1554 qno
1619 1473 1720 1536 nobili·

365 1561 440 1622 tatis
464 1558 576 1639 aliquid
600 1559 715 1621 invenit
738 1559 836 1622 simile
865 1560 997 1640 planetis
1027 1561 1226 1640 perennibus,
1255 1570 1289 1622 nt
1311 1568 1359 1622 est
1380 1561 1498 1636 statio,
1527 1571 1720 1638 retrosum,

364 1649 491 1711 intentio
516 1657 547 1709 et
575 1648 709 1709 remissio
743 1657 853 1710 motus.
900 1650 1007 1730 Itaque
1040 1658 1129 1728 putat
1158 1657 1190 1711 et
1221 1669 1348 1730 corpora
1377 1659 1572 1712 cometarum
1604 1661 1720 1734 propter

364 1739 441 1799 hanc
464 1736 654 1798 divinitatem
678 1755 745 1798 esse
768 1739 920 1818 perennia,
947 1758 1002 1801 neo
1026 1758 1092 1800 cum
1116 1739 1231 1818 fulgore
1250 1758 1303 1800 suo
1327 1738 1479 1802 exstincto
1503 1740 1617 1802 statim
1640 1739 1719 1802 anni·

364 1825 462 1888 hilari.
511 1823 626 1895 Quodsi
650 1835 784 1888 cometae
809 1827 902 1899 tales,
935 1847 1059 1907 pronum
1083 1828 1175 1907 igitur
1198 1828 1335 1898 credere,
1368 1835 1400 1888 ct
1422 1846 1506 1890 nova
1529 1829 1638 1890 sidera
1658 1847 1718 1890 ears

244 1945 249 1955 ·
364 1916 449 1978 tatia.
487 1915 603 1978 Umbra
627 1933 681 1975 nos
705 1916 776 1977 feris
801 1917 966 1991 oFabrici,
993 1926 1025 1978 ut
1048 1917 1077 1978 in
1101 1918 1282 1979 seutentiam
1306 1924 1388 1978 tuam
1413 1917 1457 1978 irc
1481 1936 1593 1998 cogas,
1617 1917 1719 1998 pari&

364 2022 484 2083 pecora.
531 2003 611 2066 Nam
635 2003 705 2084 quid
730 2005 821 2066 motui
846 2014 1029 2068 cometamm
1053 2025 1120 2067 cum
1144 2005 1352 2067 immobilitate
1375 2005 1465 2085 hujus
1490 2007 1605 2068 Novae
1627 2005 1719 2070 hnc?

364 2092 399 2154 si
423 2111 460 2154 ex
483 2101 566 2153 motu
599 2100 782 2160 cometarum
814 2094 1022 2164 divinitatem,
1054 2113 1092 2156 ex
1116 2096 1172 2156 hac
1195 2093 1416 2173 perennitatem
1447 2097 1592 2158 astruis:
1626 2105 1719 2160 nosve

364 2181 457 2262 igitur
479 2182 570 2243 sideri
594 2189 706 2243 motum
731 2182 875 2256 adimens,
901 2184 1091 2245 divinitatem
1115 2184 1205 2244 etiam
1229 2191 1261 2243 et
1282 2201 1342 2244 uns
1364 2185 1618 2263 perpetuitatem,
1640 2201 1719 2266 quam

364 2279 499 2332 astruere
522 2270 672 2343 volueras,
697 2270 841 2350 eripuisti.
887 2271 1019 2347 Deinde,
1045 2291 1119 2354 quos
1143 2280 1175 2333 tu
1198 2280 1385 2333 retrocessus
1414 2271 1582 2335 admiraris
1604 2275 1636 2336 in
1657 2275 1718 2356 pt·-

363 2359 442 2420 netis
468 2379 601 2440 quasque
625 2357 775 2420 stationes
799 2368 831 2420 et
854 2379 929 2440 quas
957 2369 1089 2424 motuum
1117 2359 1372 2439 inaequalitates:
1403 2379 1460 2421 eae
1484 2361 1640 2425 hacteuus
1661 2373 1718 2426 tor·

363 2455 468 2510 serant
489 2448 631 2529 physicos
651 2449 719 2527 jure
743 2449 859 2520 merito,
884 2457 985 2511 utres
1008 2449 1238 2528 trajectionibus
1258 2449 1370 2511 nostris
1392 2449 1615 2514 sublunaribus
1638 2450 1717 2514 aut-

286 2547 292 2564 '
363 2538 464 2611 liores,
489 2536 598 2598 divinis
619 2536 677 2598 illis
696 2545 728 2599 et
741 2537 922 2617 perennibus
946 2539 1119 2617 corporibus
1142 2539 1331 2617 planetarum
1354 2555 1460 2616 parurn
1476 2551 1586 2620 aptae.
1620 2541 1717 2622 ltaque

362 2626 476 2687 inventi
499 2632 571 2688 sunt
593 2623 777 2706 Copcrnious
801 2645 840 2686 ex
862 2627 1068 2688 vetustissimo
1092 2626 1271 2688 Aristarcho
1296 2644 1399 2701 uorus,
1424 2635 1457 2688 et
1481 2628 1592 2710 Tycho
1616 2629 1717 2698 ente.

363 2715 412 2795 qui
435 2716 608 2777 turbulenta
634 2715 694 2776 ista
717 2733 733 2773 e
757 2715 840 2775 coelo
864 2723 1020 2778 tentarent
1044 2716 1169 2777 tollere:
1199 2715 1277 2795 qood
1302 2715 1476 2777 felicissime
1506 2717 1633 2797 quidem
1654 2737 1716 2780 sno·

363 2803 465 2865 cessit.
512 2805 620 2883 Itaque
642 2823 697 2884 per
719 2802 859 2884 planetas
887 2805 1006 2884 quidem
1033 2804 1120 2866 uobis
1144 2813 1192 2865 est
1221 2803 1382 2883 integrum,
1414 2815 1555 2867 cometas
1578 2813 1649 2870 tuos
1669 2806 1717 2868 sub

362 2893 480 2955 Lunam
503 2893 662 2954 detrudere
687 2900 718 2954 et
741 2892 901 2954 mutationi
930 2892 1078 2973 subjicere
1111 2895 1215 2955 eodem
1249 2900 1439 2972 argumento,
1475 2914 1534 2975 qno
1562 2903 1597 2957 tu
1620 2897 1716 2958 eadem

363 2980 469 3042 niteris
492 2981 667 3042 aeternitati
691 3000 887 3043 consecrare:
916 2982 974 3043 uisi
998 2983 1088 3044 etiam
1112 2982 1150 3044 ab
1175 2982 1220 3043 his
1244 2981 1350 3043 eadem
1378 2981 1569 3046 dexteritate
1591 2985 1715 3067 phanta-

362 3069 425 3129 sias
453 3069 529 3130 istas
563 3070 726 3131 stationum
750 3080 782 3130 et
809 3072 1101 3149 retrogradationum
1134 3070 1314 3146 abstuleris,
1345 3090 1471 3151 eumque
1505 3083 1643 3147 motum,
1674 3071 1715 3154 qui

362 3158 544 3236 superfuerit
578 3158 649 3238 ipsis
683 3160 808 3220 cometis
838 3177 891 3237 per
918 3180 986 3221 sese
1019 3162 1193 3222 enucleatus
1217 3161 1255 3221 ab
1286 3161 1341 3220 hac
1365 3162 1569 3240 apparentia,
1606 3163 1715 3243 penitus

365 3246 542 3309 circularem
565 3247 806 3327 deprehenderis.

450 3338 496 3397 At
528 3338 661 3399 liberabo
695 3344 725 3397 te
757 3337 869 3399 labore.
917 3336 1045 3397 Tentavi
1078 3357 1140 3399 rem
1174 3336 1239 3416 ipse
1272 3355 1403 3417 quoque,
1439 3346 1473 3398 ut
1506 3337 1598 3399 rides
1627 3359 1671 3400 me
1692 3339 1714 3398 in

362 3425 481 3503 Opticis
504 3428 682 3506 professum.
731 3426 836 3505 ltaque
861 3433 973 3485 remoto
998 3425 1048 3485 illo
1073 3435 1169 3498 motu,
1195 3425 1244 3506 qui
1268 3426 1394 3486 cometis
1426 3427 1663 3502 consiliabatur,
1684 3427 1714 3488 ob

362 3514 512 3595 Tychonis
543 3526 575 3576 et
604 3512 762 3593 Copcruici
795 3514 897 3575 orbem
929 3532 1075 3590 aunuum,
1110 3514 1334 3595 relinquebatur
1366 3532 1423 3576 non
1456 3516 1636 3592 circularis,
1668 3515 1713 3578 scd

361 3603 480 3664 omnino
511 3612 611 3666 rectus
639 3613 673 3663 ut
700 3604 860 3681 plurimum
885 3613 916 3664 et
944 3603 1156 3681 trajectionnm
1181 3604 1348 3665 simillimus
1381 3612 1491 3664 motus.
1539 3607 1612 3670 Nisi
1643 3603 1712 3688 quod

363 3691 441 3752 idern
465 3711 519 3771 per
544 3693 630 3770 plura
658 3691 757 3753 media
785 3693 846 3753 fieri
874 3699 997 3770 potest:
1027 3693 1105 3753 unde
1128 3692 1263 3753 Braheus
1287 3701 1320 3753 et
1342 3692 1528 3754 Maestliuus
1551 3695 1584 3756 in
1608 3705 1715 3758 comem

362 3782 432 3842 anni
462 3779 557 3843 1577.
583 3781 673 3842 etium
698 3780 826 3842 circulos
850 3780 1058 3842 diversissima
1082 3781 1200 3861 quidem
1224 3782 1340 3843 ratione
1363 3782 1589 3860 excogitarunt.
1624 3787 1714 3864 Atque

361 3887 428 3948 ego,
454 3870 513 3931 nisi
537 3870 599 3930 alia
621 3869 761 3931 haberem
786 3879 979 3949 argumenta,
1004 3870 1110 3950 quibus
1133 3871 1259 3931 cometis
1282 3872 1397 3932 coelum
1421 3871 1562 3950 assigno,
1593 3892 1648 3955 per
1668 3873 1715 3936 hot

361 3965 445 4020 tuum
476 3965 682 4037 argumentum
714 3959 782 4019 illos
814 3959 902 4020 lacile
936 3957 991 4018 sub
1021 3958 1109 4020 Luna
1140 3959 1286 4020 diversari
1318 3969 1448 4039 paterer.
1507 3960 1595 4024 llaec
1625 3963 1714 4042 tuque

360 4047 493 4110 secunda
515 4047 745 4109 verisimilitudo
770 4048 824 4109 tihi
849 4047 955 4109 recidit
978 4046 1007 4107 in
1033 4048 1226 4111 contrarium.

450 4135 584 4196 Tertiam
599 4135 756 4197 Fabricius
781 4136 894 4198 indicat
916 4137 1129 4215 conjecturam,
1155 4138 1232 4216 quod
1248 4135 1349 4197 hiatus
1373 4136 1558 4199 successerit
1580 4137 1613 4198 in
1630 4139 1716 4200 torua

359 4225 429 4286 novi
462 4223 590 4298 sideris,
621 4225 699 4303 quod
730 4225 888 4287 effulserat
916 4243 994 4286 anno
1031 4223 1122 4287 1572.
1155 4226 1397 4303 exstinctumque
1427 4237 1477 4286 est
1512 4245 1595 4288 anno
1631 4223 1715 4290 lbll.

360 4313 479 4375 Braheo
500 4321 580 4374 teste
601 4313 651 4374 fol.
668 4310 732 4376 795
757 4323 1063 4396 progymnasmatum.
1099 4314 1186 4375 Hunc
1205 4315 1321 4376 hiatum
1336 4312 1493 4376 Fabricius
1518 4323 1612 4394 putat
1630 4317 1716 4396 ipsun

360 4403 470 4464 stellae
495 4420 617 4480 corpus,
649 4403 810 4482 spoliatum
838 4404 956 4463 lumine.
1004 4401 1038 4463 Si
1062 4404 1119 4463 hoc
1142 4403 1271 4464 credidit
1294 4402 1466 4476 Fabricius,
1500 4403 1620 4466 hiatum
1643 4405 1715 4466 illum

359 4509 427 4551 esse
452 4509 560 4569 corpus
584 4491 712 4550 stellae:
732 4492 848 4570 justam
875 4494 973 4552 fateor
996 4491 1136 4551 habuisse
1160 4511 1283 4553 cansam
1307 4491 1452 4552 condendi
1474 4493 1545 4553 nori
1572 4493 1715 4574 dogmatis

359 4598 467 4657 perse
493 4579 610 4658 quidem
635 4580 777 4640 informis.
824 4579 899 4650 Quis
924 4580 1002 4641 enim
1027 4581 1121 4641 oculis
1150 4580 1353 4660 obloquatur?
1387 4581 1432 4640 rit
1454 4599 1561 4660 spero,
1592 4603 1640 4644 me
1662 4583 1714 4644 Ρι-

359 4667 452 4728 bricio
477 4667 631 4745 ingenioso
656 4668 767 4729 homini
792 4680 963 4750 erepturum
992 4670 1082 4731 istam
1109 4670 1345 4748 persuasionem.
1391 4669 1526 4732 Primum
1550 4673 1638 4732 addit
1659 4671 1714 4750 iper

359 4757 558 4836 quantitatem
584 4756 650 4830 loci,
685 4758 840 4836 aequalem
866 4760 969 4819 Lunae
994 4758 1188 4839 semiplenae.
1236 4757 1336 4820 Stella
1363 4777 1434 4820 vero
1464 4759 1533 4838 ejus
1563 4761 1634 4822 anni
1656 4775 1713 4822 cun

358 4844 437 4905 omni
462 4845 612 4905 radiorum
637 4846 838 4925 explicatione
859 4850 950 4926 (quae
975 4848 1054 4909 solet
1077 4866 1251 4926 procurrere
1271 4849 1450 4910 adsensum
1474 4851 1558 4910 ultra
1582 4851 1714 4912 terminos

358 4935 532 5012 corporum)
558 4933 613 4993 tuit
637 4934 733 4996 minor
759 4936 886 4996 Venere.
935 4937 977 4998 Ut
1001 4936 1072 4997 nihil
1094 4937 1156 5015 jam
1186 4937 1301 5009 dicam,
1325 4938 1403 5018 quod
1427 4938 1455 4999 si
1479 4939 1592 5001 stellae
1615 4955 1713 5016 corpus

358 5021 486 5095 videtur,
510 5040 564 5100 pcr
578 5021 676 5083 lumen
702 5024 791 5103 igitur
815 5024 971 5100 vineatum
995 5026 1087 5087 stella
1106 5025 1196 5105 igitur
1213 5027 1344 5087 nondum
1367 5027 1524 5090 exstincta
1541 5029 1605 5091 sit:
1628 5043 1711 5106 neque
