3692 5842
725 481 904 550 omre
1001 512 1004 517 -
1424 479 1490 549 aar

226 659 313 723 lisso
334 657 436 722 omnis
458 667 492 720 et
513 659 539 722 si
563 676 623 740 qus
653 667 726 722 sunt
753 660 827 735 alia,
855 679 894 722 ex
922 662 1023 723 retina
1051 661 1154 724 tunica
1180 661 1306 723 trahunt
1336 659 1492 741 originem,

137 749 192 812 ssd
216 748 338 812 divorso
359 754 510 827 respectu.
546 748 678 811 Primum
701 749 840 831 quicquid
862 749 954 828 hujus
978 749 1089 812 accidit
1111 750 1225 813 visibus
1248 748 1376 823 vitiosis,
1401 768 1492 812 occa·

137 837 255 900 sionem
278 856 317 900 ex
337 836 545 918 propositione
568 833 620 900 26.
643 835 698 901 27.
726 837 895 918 praemissa
928 839 1050 901 invenit.
1097 838 1274 902 Remotiora
1304 855 1428 919 nempe,
1461 846 1495 899 nt

136 934 210 990 sunt
232 942 360 1006 corpora
382 924 541 1000 coelestia,
566 925 751 990 radiationes
774 926 812 989 ab
835 945 894 989 uno
916 936 1028 1006 puncto
1052 935 1164 1007 cogunt
1186 927 1216 989 in
1239 945 1328 989 unum
1342 933 1494 1006 puuctum,

136 1022 301 1096 sntequsm
322 1014 478 1094 attingant
500 1013 698 1089 rstiformem,
728 1034 820 1097 seque
852 1022 954 1078 mutuo
987 1023 1127 1078 secantes
1161 1017 1190 1078 in
1214 1035 1250 1077 eo
1273 1023 1399 1095 puncto,
1428 1016 1493 1094 jan

138 1104 261 1167 dilatati
284 1104 316 1166 in
342 1103 472 1166 retinam
502 1103 687 1183 impingunt,
720 1103 764 1166 sic
787 1122 845 1165 nou
872 1112 1015 1182 punctum
1038 1105 1153 1167 retinas
1177 1127 1197 1167 a
1218 1113 1329 1185 puncto
1354 1104 1416 1178 rei,
1441 1105 1494 1165 sed

137 1191 366 1272 superficieculs
394 1192 462 1271 ejus
492 1212 512 1254 a
540 1199 651 1270 puncto
679 1192 723 1253 rei
751 1200 784 1254 et
810 1192 853 1254 sic
882 1212 901 1252 a
929 1193 1064 1272 pluribus
1092 1194 1213 1273 punctis
1245 1192 1392 1271 cingitur:
1425 1192 1497 1254 albs

136 1299 209 1344 vero
233 1289 266 1342 st
288 1281 373 1344 clara
395 1281 515 1343 sortiter
537 1280 692 1342 illustrant
713 1300 800 1343 suam
822 1282 1018 1361 superficiem.
1065 1283 1195 1346 Faciunt
1222 1282 1333 1360 igitur,
1360 1287 1396 1343 ut
1419 1300 1495 1362 quse

136 1370 249 1433 ibidem
271 1370 435 1450 pinguntur
456 1369 553 1431 miuus
576 1369 669 1444 clara,
693 1388 753 1449 qua
776 1370 921 1432 terminos
943 1370 1012 1450 ipsa
1029 1389 1100 1432 snos
1114 1372 1303 1451 protulerant
1327 1368 1497 1450 (proterunt

137 1465 241 1522 sutem
262 1459 312 1520 vel
336 1457 425 1520 nimis
447 1466 581 1531 remota,
606 1457 740 1520 sectione
763 1459 847 1520 iacta
869 1465 940 1520 ante
964 1459 1110 1528 retinam,
1135 1460 1183 1522 vel
1207 1459 1295 1522 nimis
1318 1457 1494 1538 propinqua,

137 1556 171 1610 ut
188 1547 258 1628 jam
281 1547 371 1608 modo
392 1546 497 1625 regula
518 1565 616 1625 opaca
638 1565 712 1608 cono
727 1546 848 1609 radiosa
871 1568 891 1608 a
913 1546 1013 1609 retina
1031 1555 1114 1610 secto
1129 1549 1303 1630 priusquam
1326 1547 1356 1609 iu
1374 1565 1495 1609 mucro-

136 1654 207 1699 usm
220 1635 360 1710 desinat3
383 1635 452 1697 vide
474 1654 519 1716 pr.
538 1630 594 1698 26.
617 1633 672 1698 27.
696 1632 749 1699 28.
774 1636 862 1715 hujus
881 1636 1016 1716 capitis),
1040 1637 1131 1716 plane
1146 1637 1328 1699 delitescant
1342 1636 1496 1715 locumque

94 1774 95 1778 ,
138 1723 218 1787 albis
241 1724 364 1798 cedant,
388 1725 492 1803 itaque
515 1742 591 1803 pene
614 1723 694 1787 idem
716 1724 771 1786 liat
793 1725 823 1786 in
838 1725 934 1797 oculo,
956 1725 1034 1805 quod
1049 1743 1141 1805 supra
1163 1727 1201 1787 de
1224 1725 1301 1789 radii
1319 1724 1496 1804 figuratione

136 1814 241 1894 capite
265 1812 308 1875 Il.
334 1812 540 1875 demonstravi
563 1812 592 1874 in
615 1812 732 1892 pariete
754 1812 828 1876 lieri.
870 1812 960 1884 Quod
983 1820 1084 1876 autem
1107 1833 1165 1876 non
1180 1812 1366 1895 'simpliciter
1388 1813 1497 1893 ampli·

135 1910 207 1965 stur
238 1901 359 1982 species
389 1901 532 1976 lucentis,
565 1901 622 1962 sed
653 1901 740 1982 quasi
770 1901 988 1980 multiplicatur
1016 1909 1047 1963 et
1070 1921 1108 1964 ex
1132 1903 1234 1965 multis
1261 1901 1497 1965 distinctisque

138 1991 244 2071 sliqus
272 1990 371 2069 major
392 1989 598 2052 confunditur:
630 1990 662 2052 id
684 1990 803 2053 videtur
827 2008 894 2052 esse
923 1991 974 2052 vel
1004 1999 1128 2071 propter
1156 2009 1247 2071 rugas
1277 2008 1387 2065 ureae,
1421 2009 1497 2069 quae

137 2089 233 2143 noctu
255 2096 325 2140 cum
346 2078 465 2141 Lunam
487 2079 635 2142 iutuemur
665 2078 829 2153 dilatatur,
862 2086 894 2140 et
916 2078 946 2141 in
971 2098 1005 2141 se
1027 2079 1116 2159 inque
1139 2097 1232 2160 rugas
1255 2098 1327 2141 snas
1349 2078 1425 2152 coit,
1448 2077 1497 2139 vel

136 2174 264 2248 proptor
289 2167 392 2231 hiatus
413 2167 561 2230 ciliarium
592 2185 795 2247 processuum.
840 2167 921 2230 Nam
949 2169 1115 2230 contractis
1147 2167 1301 2249 palpebris
1330 2173 1364 2229 et
1399 2167 1497 2229 fronte

135 2263 301 2336 comgats
312 2255 460 2336 plurimae
474 2256 581 2319 talium
600 2257 743 2319 falsarum
757 2255 923 2335 specierum
940 2257 1145 2335 deterguntur,
1169 2275 1226 2319 non
1241 2263 1343 2318 nmen
1357 2255 1496 2335 undique,

140 2344 213 2426 quis
234 2362 291 2425 per
312 2344 550 2407 contractionem
572 2345 783 2424 palpebrarum
808 2363 867 2406 non
891 2345 1020 2425 nudique
1047 2345 1150 2408 oculus
1173 2345 1342 2425 aequaliter
1362 2345 1495 2423 tegitur:

135 2434 189 2497 ssd
212 2433 414 2495 transversim
427 2433 525 2495 nudus
543 2433 729 2513 relinquitur,
746 2432 887 2514 quamdiu
908 2434 1073 2513 palpebrae
1096 2453 1185 2514 qnam
1209 2433 1362 2496 minimum
1379 2439 1496 2512 patent.

224 2521 295 2584 Hoc
317 2538 390 2601 ergo
411 2521 531 2584 nomine
554 2521 672 2600 pictura
693 2521 807 2584 visoria
819 2521 954 2597 vitiatur,
969 2540 1068 2602 »quam
1086 2521 1228 2584 vitiosam
1251 2520 1335 2602 sequi
1349 2520 1495 2583 visionem

133 2628 262 2674 ncesse
286 2618 345 2673 est.
391 2607 425 2672 Sl
448 2610 584 2690 aequalis
606 2608 706 2672 omnia
728 2610 877 2673 claritatis
901 2611 1037 2684 inissent,
1063 2609 1138 2673 visio
1161 2611 1289 2673 contusa
1310 2617 1413 2684 esset3·
1428 2609 1494 2688 jam

132 2716 216 2773 roro,
242 2698 315 2780 quis
338 2698 438 2761 lucida
459 2698 662 2780 praepollent,
686 2699 856 2778 quantitate
881 2697 1081 2774 vitiantur.*)
1126 2701 1229 2780 Atque
1262 2698 1322 2762 etsi
1352 2698 1494 2761 lortassis

120 2787 161 2853 ,iu
182 2787 328 2850 omnibus
351 2805 444 2849 conns
466 2786 611 2866 pictorins
633 2787 789 2861 dilatatur,
813 2805 872 2849 nou
896 2806 999 2849 omnes
1022 2796 1123 2850 tamen
1147 2789 1224 2852 adeo
1247 2786 1352 2851 subtili
1369 2794 1494 2850 utuntur

132 2874 282 2939 lsoultste
304 2875 427 2949 visoria,
452 2884 485 2937 nt
506 2876 643 2938 omuibus
666 2875 884 2938 radiationibus
908 2878 1062 2952 sentiant3
1093 2877 1238 2958 quivero
1262 2876 1432 2938 afficiuntur
1456 2875 1494 2937 ab

133 2965 276 3028 omnibus
311 2962 546 3040 radiationibus,
578 2963 600 3025 ii
627 2963 684 3026 soli
711 2963 813 3026 lucida
837 2965 897 3027 sibi
928 2965 1043 3046 majora
1065 2965 1278 3047 imaginantur.
1332 2964 1412 3028 Hinc
1445 2964 1494 3045 qul

130 3051 243 3133 insigni
272 3052 430 3114 debilitate
458 3052 542 3114 visus
574 3061 661 3126 suut,
697 3070 757 3116 non
786 3051 887 3115 lucida
913 3062 1032 3116 tanturn
1067 3056 1121 3117 ssd
1151 3062 1183 3116 et
1215 3054 1315 3133 nigra,
1352 3053 1443 3116 exilia
1470 3054 1497 3115 si

131 3142 246 3204 luerim
268 3148 301 3202 et
323 3140 481 3202 immodice
503 3148 630 3214 remota,
655 3141 809 3220 duplicata
830 3140 992 3203 intuentur.

222 3227 368 3309 cognata
400 3229 538 3309 quaestio
572 3236 621 3292 est
647 3230 727 3309 apud
755 3229 957 3293 Aristotelem
993 3230 1126 3292 sectione
1151 3226 1205 3291 31.
1233 3231 1328 3311 procl.
1354 3226 1411 3305 28,
1442 3249 1496 3292 cnr

131 3319 234 3382 lurum
257 3317 291 3378 in
314 3317 417 3379 oculos
440 3318 563 3380 radians
587 3318 708 3379 auferat
736 3325 931 3397 conspectum
961 3337 1059 3382 rerum
1091 3318 1270 3386 vicinarum.
1299 3319 1350 3400 qni
1384 3320 1493 3381 lumine

130 3407 168 3471 sb
191 3406 291 3469 oculis
314 3424 422 3468 averso
445 3407 560 3469 redeat.
577 3417 682 3483 (Quare
701 3433 769 3488 prae
789 3419 920 3473 claritate
934 3419 1031 3472 Lunae
1045 3417 1186 3473 antJoris
1209 3425 1259 3472 aut
1272 3417 1389 3472 Veneris
1409 3417 1495 3471 minu·

128 3498 204 3553 tiors
215 3496 313 3553 sidero
324 3496 398 3551 inl'ra
411 3497 519 3568 aliquot
531 3499 635 3569 gradus
648 3497 735 3552 rideri
744 3492 908 3569 noqueunt.)
931 3496 1009 3558 Nam
1023 3497 1146 3575 perinde
1161 3497 1205 3558 uti
1221 3496 1367 3558 hactenus
1381 3496 1494 3557 dictum
1525 3527 1531 3540 ·

128 3592 236 3666 psrtes
256 3583 376 3664 sliquae
399 3585 563 3647 retilormis
587 3584 776 3648 illustrantur
801 3585 974 3659 fortissime,
999 3585 1099 3646 sensio
1123 3585 1225 3663 itaque
1246 3591 1296 3645 est
1319 3583 1495 3655 fortissima,

129 3673 314 3754 reliquarum
328 3671 468 3752 partium,
480 3692 556 3753 quas
566 3671 735 3735 visibilibus
745 3675 928 3754 respondent
937 3672 1212 3745 circumstantibus,
1226 3672 1355 3735 radiatio
1369 3671 1399 3733 in
1414 3671 1495 3733 nulla

132 3762 171 3825 sd
183 3761 273 3824 illsm
286 3761 479 3841 proportione
494 3769 556 3822 est:
573 3780 664 3842 qnare
677 3770 709 3822 ot
722 3761 822 3825 sensio
836 3780 912 3843 pene
927 3763 1019 3824 nulla.
1043 3761 1121 3824 Nam
1136 3762 1180 3824 uti
1196 3780 1228 3823 se
1243 3760 1338 3822 habet
1350 3761 1495 3823 distincta

128 3847 296 3914 moenis
316 3848 436 3928 pictura
458 3851 497 3913 ad
521 3849 697 3912 distinctam
719 3851 880 3925 visionem,
912 3850 958 3912 ita
987 3850 1075 3913 sortis
1107 3850 1245 3931 picturae
1267 3848 1431 3912 illustratio
1455 3850 1493 3911 ad

129 3938 240 4003 srtsm
262 3936 452 4000 sensionem:
476 3939 507 4000 iu
531 3957 591 4020 qna
612 3938 736 4017 spiritus
758 3941 883 4003 multum
897 3939 1063 4020 patiuntur.
1103 3939 1204 4018 Magis
1228 3939 1358 4001 tortam
1373 3947 1496 4020 spectat

128 4027 185 4091 boc
208 4026 250 4089 sd
273 4024 402 4089 sitarum
426 4025 509 4090 visus
541 4027 661 4101 vitium,
696 4029 774 4108 quod
804 4027 949 4109 seqnitur.
996 4028 1092 4109 Igitur
1119 4028 1198 4090 alter
1229 4035 1402 4108 respectus,
1436 4047 1494 4110 qno

129 4116 232 4181 retius
262 4113 429 4177 lucidorum
459 4115 595 4196 picturas
626 4115 767 4198 ampliat,
805 4116 924 4179 videtur
959 4117 1040 4179 ultra
1071 4117 1156 4198 leges
1188 4117 1306 4197 opticas
1338 4117 1493 4180 accedere.

128 4204 247 4271 ertum
269 4202 390 4284 quidem
412 4212 462 4268 est
483 4205 563 4284 apud
576 4203 728 4286 physicos,
752 4204 881 4268 candido
904 4204 1004 4268 colore
1028 4204 1170 4286 dissipari
1193 4205 1294 4266 radios
1310 4203 1404 4281 Solis,
1427 4207 1492 4269 col·

128 4292 180 4375 egi
202 4291 305 4374 nigro.
347 4290 456 4373 Neque
479 4312 552 4355 sane
577 4294 685 4356 lalsum
716 4293 773 4356 boc
795 4313 864 4357 esse
894 4293 1031 4369 videtur,
1061 4293 1088 4357 si
1121 4293 1187 4375 quis
1218 4312 1366 4376 papyrum
1393 4294 1494 4358 albam

127 4381 220 4463 globo
242 4397 342 4462 squeo
365 4381 414 4442 vel
437 4382 614 4463 crystallino
643 4381 672 4443 lu
694 4389 805 4462 puncto
828 4381 1009 4445 incensionis
1033 4402 1085 4444 seu
1109 4382 1333 4455 intersectionis
1357 4383 1493 4466 objiciat,

127 4470 189 4534 lste
213 4469 371 4532 illustrata
392 4469 558 4546 videbitur,
592 4471 647 4533 sed
670 4470 897 4534 conniventibus
921 4471 959 4533 ob
983 4470 1154 4533 claritatem
1188 4470 1304 4545 oculis;
1335 4472 1382 4533 sin
1406 4475 1493 4553 nigra

125 4576 262 4643 papyrus
285 4557 386 4632 inerit,
410 4558 569 4637 angustior
591 4560 764 4639 superficies
786 4559 997 4623 illustrabitur.
1031 4557 1108 4630 Quis
1132 4559 1223 4638 igitur
1245 4576 1304 4621 non
1328 4560 1493 4632 existimet,

125 4648 230 4713 rsdios
252 4645 325 4709 slbo
348 4645 459 4729 disjici,
482 4647 568 4730 nigro
591 4647 691 4712 coire?
735 4647 919 4713 Praesertim
943 4648 971 4711 si
993 4647 1097 4711 videat
1119 4648 1208 4729 nigra
1228 4647 1419 4731 potissimum
1444 4648 1492 4711 in-

212 4849 245 4924 ·),
262 4853 406 4910 nmmo
423 4851 493 4908 visio
513 4853 631 4908 centissa
650 4860 680 4909 et
699 4853 769 4908 risio
794 4870 921 4910 errones.
963 4854 1086 4909 Confusa
1106 4860 1164 4919 est,
1187 4870 1247 4908 eum
1266 4855 1338 4908 duas
1357 4868 1403 4909 rss
1423 4852 1493 4908 ridit

123 4936 223 4991 ads·
240 4935 324 4997 lusus
352 4948 473 4989 sumes
489 4933 535 4997 dt,
557 4949 616 4988 cum
636 4934 715 4989 locus
736 4934 822 4988 omnis
844 4934 928 4989 dteri
956 4941 1064 4989 tantum
1084 4934 1126 4989 rsi
1146 4934 1224 4989 risse
1245 4934 1297 4988 soli
1318 4932 1491 5000 attribuitur.

122 5012 937 5084 munnmnuqmrsieooenloscrnse.
