3692 5842
743 513 895 581 cuw-
1430 509 1494 582 669

139 691 266 756 denras
287 690 357 755 libri
379 698 482 775 partes
506 693 676 758 occultabit.
717 694 846 767 Quoties
863 694 966 758 oculos
981 692 1210 777 permutaveris,
1233 712 1327 756 nasus
1342 692 1494 758 videbitur

140 781 253 846 saltum
277 781 386 857 lacere,
410 783 468 845 etsi
492 783 636 866 quiescat.
683 785 798 848 Postea
819 804 856 847 ne
879 803 1002 859 nasum,
1028 784 1082 846 sed
1104 783 1246 865 pollicem
1269 782 1411 863 inspicite
1434 784 1494 846 im-

138 879 255 936 motum
275 871 367 952 paulo
389 871 510 952 longius
534 893 553 934 1
571 874 648 936 facie
664 874 842 937 distantem:
869 874 1029 936 alternatis
1044 873 1140 936 oculis
1155 872 1248 934 faciet
1262 871 1367 934 eadem
1381 873 1494 954 pollex,

138 979 217 1044 quae
239 960 323 1042 prius
346 980 439 1023 nasus
461 961 591 1025 iecerat:
617 970 650 1025 at
672 964 769 1026 saltus
793 983 852 1025 non
875 964 919 1024 ita
942 982 1068 1042 magnos
1093 962 1192 1025 faciet.
1231 961 1281 1024 Ex
1304 980 1362 1042 quo
1386 981 1494 1024 sensus

138 1049 308 1114 communis
326 1049 460 1129 judicat,
483 1052 624 1133 pollicem
646 1053 715 1133 plus
739 1053 853 1115 distare
876 1072 965 1134 quam
987 1072 1111 1128 nasum,
1142 1050 1213 1133 quia
1234 1050 1379 1112 minorem
1402 1051 1496 1114 faciat

137 1137 312 1223 parallaxin
336 1158 389 1201 seu
412 1141 586 1221 apparentis
609 1141 669 1204 loci
693 1142 965 1204 commutationem.

228 1228 324 1291 Plane
340 1229 471 1308 quadrat
493 1230 662 1311 exemplum
685 1231 724 1292 ad
747 1251 809 1293 rem
831 1239 977 1293 nostram.
1018 1229 1107 1302 Quod
1126 1228 1204 1290 enim
1228 1234 1300 1289 sunt
1321 1227 1408 1290 nobis
1430 1227 1495 1290 hini

138 1317 236 1394 oculi,
266 1317 299 1380 id
322 1324 392 1380 sunt
421 1320 603 1384 astronomis
626 1320 697 1382 bina
722 1320 790 1383 loca
818 1320 850 1381 in
873 1319 999 1395 mundo;
1031 1319 1111 1401 qnod
1133 1318 1163 1380 in
1187 1316 1324 1397 exemplo
1348 1336 1441 1380 nasus
1465 1324 1496 1379 et

137 1408 258 1490 pollex,
287 1405 346 1468 hoc
374 1406 435 1470 illis
458 1408 546 1470 Luna
575 1416 606 1470 et
629 1410 772 1473 remotior
795 1409 896 1490 aliqua
919 1409 1026 1471 stella:
1058 1409 1139 1490 quod
1159 1406 1209 1468 hic
1232 1406 1309 1468 liber
1331 1413 1385 1468 aut
1405 1407 1495 1488 pavi-

139 1505 283 1571 mentum,
306 1495 364 1558 hoc
387 1495 449 1558 illis
473 1496 603 1579 sphaera
626 1500 768 1575 fixarum;
801 1499 871 1581 quia
893 1506 927 1561 ut
948 1499 1051 1579 pollex
1074 1504 1106 1559 et
1128 1516 1222 1558 nasus
1249 1495 1347 1558 adhuc
1369 1495 1495 1559 multum

138 1585 252 1650 absunt
274 1584 480 1665 apavimento
496 1595 549 1649 ant
570 1588 659 1663 libro,
684 1590 742 1652 etsi
758 1588 853 1651 oculis
870 1588 1016 1651 solitariis
1039 1586 1168 1668 inspecti
1190 1592 1315 1665 tangere
1339 1593 1371 1647 et
1392 1593 1495 1665 tegere

139 1675 197 1740 illa
219 1673 373 1749 ridentur,
406 1674 450 1737 ita
474 1675 575 1738 sidera
609 1678 743 1741 errantia
771 1677 885 1740 nonin
909 1697 1024 1741 summo
1057 1676 1179 1738 aethere
1209 1674 1288 1736 inter
1310 1674 1396 1756 ipsas
1418 1676 1495 1737 fixas

138 1771 223 1839 sunt,
247 1762 301 1825 sed
323 1764 413 1842 longe
437 1763 492 1826 sub
515 1765 608 1845 ipsis;
632 1767 773 1829 uidentur
796 1775 898 1828 tamen
922 1767 951 1829 in
976 1785 1090 1829 summo
1114 1765 1237 1826 aethere
1259 1782 1338 1836 esse,
1362 1772 1394 1826 et
1406 1764 1494 1826 Luna

137 1873 159 1916 s
182 1852 312 1915 diversis
334 1852 410 1914 locis
433 1853 535 1915 mundi
557 1854 695 1937 inspecta
718 1856 797 1936 apud
816 1856 954 1918 diversas
968 1856 1087 1918 videtur
1103 1853 1270 1917 consistere
1285 1855 1371 1916 fixas.
1408 1853 1494 1916 Haec

137 1941 229 2006 rudia
250 1940 392 2004 fortassis
414 1941 564 2024 aliquibus
587 1945 678 2026 paulo
693 1944 876 2007 tardioribus
890 1946 1057 2027 proderunt
1075 1944 1114 2005 ad
1127 1943 1279 2022 negotium
1292 1942 1493 2023 parallaxium

137 2029 377 2112 intelligendum.
869 2029 873 2036 '

229 2117 301 2182 Jam
328 2118 516 2200 probandum
547 2129 611 2194 est,
645 2119 724 2200 quod
754 2121 838 2184 sidus
868 2140 978 2185 novum
1007 2122 1114 2185 fecerit
1146 2120 1290 2183 minorem
1321 2119 1492 2200 parallaxin

140 2228 232 2292 qnam
255 2209 363 2280 Luna,
397 2217 428 2271 et
459 2228 517 2272 non
552 2211 695 2291 majorem
728 2228 816 2289 qnam
840 2208 911 2274 Sol:
943 2214 1076 2292 adeoque
1108 2210 1221 2291 absque
1252 2210 1341 2272 dubio
1373 2208 1492 2271 omnino

140 2299 267 2364 nnllam.
314 2297 412 2360 Probo
437 2297 467 2360 id
491 2299 601 2379 duplici
624 2298 683 2361 via.
730 2299 862 2362 Primum
890 2300 954 2362 sic:
986 2301 1178 2364 observatum
1201 2308 1249 2362 est
1276 2299 1359 2361 sidus
1391 2317 1492 2360 mense

142 2385 272 2452 Octobri
300 2404 426 2449 versam
449 2387 479 2450 in
504 2406 630 2463 oceasu3
658 2388 810 2450 mensibus
838 2407 908 2450 vero
932 2388 1096 2453 Februario
1120 2396 1152 2450 et
1174 2388 1285 2450 Martio
1312 2406 1439 2449 versans
1462 2387 1492 2449 in

141 2485 224 2550 ortu,
247 2475 363 2539 habens
397 2477 522 2540 eundem
556 2496 675 2557 semper
702 2477 798 2540 locum
827 2475 980 2555 11111160,
1013 2497 1089 2559 quae
1121 2478 1335 2540 refractionem
1358 2483 1390 2538 et
1413 2476 1493 2556 apud

139 2585 188 2630 me
211 2565 404 2628 instrumenti
428 2565 533 2629 vitiolo
558 2565 723 2629 desiderari
746 2575 916 2647 potnerunt.
963 2569 1042 2631 Nam
1066 2586 1143 2630 anuo
1171 2563 1264 2630 1604.
1292 2562 1395 2645 11121.
1421 2563 1491 2630 011.

143 2675 183 2720 ex
205 2654 304 2719 tribus
327 2653 424 2717 stellis
448 2655 587 2719 inventus
611 2663 659 2718 est
680 2655 764 2718 locus
778 2657 884 2719 Novae
908 2657 937 2719 in
961 2654 1096 2733 170390,
1120 2651 1494 2729 1704001111704207

143 2763 211 2808 cum
234 2750 407 2807 remanetur
429 2743 459 2806 in
483 2764 603 2809 occasu.
648 2746 695 2809 At
716 2737 802 2826 2112.
826 2747 927 2823 Febr,
951 2746 1069 2828 quando
1093 2745 1229 2807 exoriens
1253 2745 1309 2807 fnit
1331 2744 1494 2807 observata

142 2853 199 2916 per
227 2833 387 2912 Aquilam,
423 2833 548 2896 inventa
584 2842 632 2897 est
668 2834 806 2898 similiter
834 2834 865 2898 in
899 2832 957 2899 170
986 2828 1068 2914 4001,
1078 2836 1096 2908 0,
1133 2852 1189 2916 per
1224 2852 1276 2896 cor
1306 2831 1425 2914 Scorpii
1463 2831 1492 2895 in

145 2919 207 2988 170
228 2918 328 3004 41010
350 2929 390 2999 ,7,
414 2924 576 2985 correctius
599 2942 637 2985 ex
660 2924 840 2987 Fabriciana
861 2925 891 2988 in
918 2922 1052 2989 170120
1075 2929 1115 2998 ,7.

233 3011 278 3074 At
300 3010 327 3073 si
350 3031 408 3074 non
431 3011 548 3092 longius
571 3010 721 3076 abfuisset
748 3032 837 3094 qnam
870 3016 1031 3096 sexaginta
1053 3015 1165 3077 Terrae
1189 3009 1437 3086 semidiametris,
1463 3017 1494 3074 et

145 3099 314 3182 quievisset
336 3099 391 3163 sub
415 3101 520 3163 eodem
544 3102 669 3164 fixarum
692 3102 839 3183 sphaerae
868 3105 952 3181 loco,
978 3105 1054 3167 satis
1077 3122 1219 3183 maguam
1243 3102 1368 3164 fecisset
1389 3101 1494 3180 paral-

142 3191 241 3254 11111.
289 3187 544 3266 0111611007,
580 3192 693 3254 oriatur
715 3189 747 3255 00
770 3197 820 3267 Π;
852 3194 894 3255 sit
915 3194 1127 3272 nonagesimus
1155 3190 1194 3253 ab
1226 3199 1292 3255 ortu
1315 3190 1347 3255 00
1368 3196 1416 3264 34,
1446 3190 1494 3271 qui

143 3279 315 3342 elevabitur
336 3297 390 3358 per
412 3278 532 3341 tabulas
547 3281 662 3360 Magini
685 3280 772 3362 primi
795 3282 912 3344 mobilis
937 3280 1084 3353 2301111,
1108 3281 1225 3344 distans
1249 3301 1269 3342 a
1291 3274 1493 3343 1111111670.

142 3369 253 3449 Itaque
282 3367 444 3431 secundnm
471 3369 699 3448 parallacticam
727 3370 893 3431 doctrinam
916 3389 983 3451 cap.
1008 3371 1065 3433 IX.
1091 3368 1267 3451 Optioornm
1295 3369 1438 3431 traditam
1463 3376 1495 3430 et

141 3476 199 3540 per
221 3455 355 3519 tabulam
379 3459 615 3536 parallacticam,
640 3459 695 3520 snb
719 3458 950 3522 semidiametris
973 3456 1016 3524 60
1025 3453 1054 3543 01,
1089 3468 1122 3521 et
1150 3459 1238 3520 totali
1266 3458 1416 3537 parallaxi
1439 3456 1494 3520 570

143 3545 315 3610 ostenditur
337 3546 508 3609 latitudinis
531 3548 696 3627 parallaxis
719 3545 773 3611 520
797 3546 872 3618 2800,
896 3549 1092 3611 horizontalis
1115 3546 1312 3627 longitudinis
1336 3543 1389 3609 220
1418 3543 1491 3609 1600.

141 3635 284 3700 Aecum
316 3634 358 3697 sit
387 3636 471 3698 locus
501 3636 617 3716 sideris,
631 3638 660 3699 in
688 3631 746 3701 180
769 3643 808 3711 ,7,
833 3637 950 3700 distans
974 3659 993 3698 a
1015 3636 1047 3702 00
1070 3643 1100 3711 3(
1121 3655 1176 3717 per
1200 3631 1273 3711 720,
1298 3634 1494 3715 longitudinis

141 3724 239 3805 igitur
259 3723 427 3802 parallaxis
450 3725 505 3788 sub
529 3725 625 3788 titulis
649 3724 703 3789 220
726 3734 758 3788 et
783 3722 845 3790 1000
869 3727 928 3789 erit
950 3725 1084 3791 2101000
1107 3725 1138 3788 in
1161 3743 1317 3788 occasum:
1342 3731 1375 3786 et
1397 3723 1491 3798 sidus,

141 3814 202 3876 etsi
229 3813 389 3876 secundum
413 3815 573 3877 veritatem
596 3815 651 3878 sub
676 3812 799 3880 170400
814 3823 852 3894 ,7,
877 3816 1037 3897 apparebit
1059 3824 1158 3878 tamen
1182 3810 1492 3885 1151801010007.

142 3900 294 3966 Vicissim
317 3902 432 3965 oriatur
454 3900 486 3966 00
500 3910 544 3980 5,
568 3913 601 3966 ut
623 3903 655 3969 00
670 3915 718 3971 Ω
742 3907 782 3969 111
804 3907 1025 3986 nonagesimus,
1049 3905 1099 3986 qni
1123 3905 1258 3966 elevatur
1280 3922 1334 3983 per
1352 3900 1414 3967 330
1427 3900 1492 3979 200,

141 3992 265 4054 distans
289 3993 443 4055 avertice
467 3989 614 4057 560100.
651 3995 823 4058 Parallaxis
845 3996 938 4075 igitur
960 3994 1129 4058 latitudinis
1153 3993 1287 4073 (positis,
1311 4011 1387 4073 quae
1410 3991 1493 4072 prius

140 4083 356 4164 posueramus)
389 4079 448 4145 470
476 4080 556 4158 3700,
590 4103 665 4165 quae
700 4084 764 4165 jam
798 4085 995 4148 differentiam
1027 4083 1195 4146 latitudinis
1229 4083 1303 4145 facit
1335 4083 1370 4155 (a
1400 4081 1493 4162 priori

141 4167 200 4236 520
214 4166 296 4244 2600)
320 4168 353 4235 50
368 4171 440 4234 iere.
478 4172 523 4235 At
541 4191 659 4252 semper
682 4175 786 4236 eadem
807 4174 862 4236 init
885 4174 1032 4237 distantia
1054 4172 1162 4235 sideris
1185 4171 1317 4252 acapite
1332 4168 1492 4251 Ophiuchi,

141 4269 209 4325 tam
233 4278 311 4322 suno
339 4256 433 4324 1604.
467 4261 632 4324 occidentis
664 4283 752 4345 qnam
777 4283 854 4325 anno
881 4261 974 4328 1605.
1008 4263 1151 4324 orientis:
1182 4261 1285 4341 itaque
1309 4267 1341 4322 ot
1364 4259 1492 4322 latitudo

141 4367 265 4430 semper
287 4350 408 4425 eadem,
442 4347 660 4415 1111110550
684 4361 715 4416 et
746 4350 958 4434 1057011111.
1005 4352 1068 4416 Sed
1097 4359 1290 4432 pertexamns
1322 4348 1491 4430 parallaxin

140 4437 360 4519 longitudinis:
397 4440 498 4520 prodit
529 4440 606 4502 enim
636 4441 684 4504 hic
712 4443 775 4522 jam
807 4461 862 4523 per
895 4442 1083 4505 altitudinem
1120 4439 1306 4521 nonagesimi
1335 4434 1396 4502 330
1427 4435 1493 4510 200,

141 4527 253 4593 titnlns
280 4546 335 4608 pro
363 4528 547 4610 longitndine
571 4527 625 4594 310
650 4528 725 4606 3500,
750 4532 805 4593 sub
833 4550 891 4611 quo
915 4552 931 4593 e
955 4533 1077 4613 regione
1101 4528 1158 4607 78,
1191 4529 1355 4592 distantiae
1382 4525 1493 4600 18⁰‚r

141 4638 164 4681 a
191 4617 404 4696 nonagesimo,
436 4620 606 4682 ostenditur
634 4620 799 4700 parallaxis
832 4618 886 4685 300
917 4618 983 4685 5300
1014 4620 1045 4683 in
1074 4628 1181 4684 ortum.
1228 4620 1336 4699 Itaque
1368 4636 1493 4679 manens

141 4706 232 4771 sidus
257 4705 286 4768 in
313 4703 371 4769 170
393 4703 447 4770 400
470 4715 499 4783 ,7
524 4708 671 4771 videbitur
698 4719 797 4772 tamen
821 4710 851 4772 in
879 4708 991 4775 17090
1016 4709 1058 4774 700
1081 4717 1121 4783 ,7.
1167 4709 1273 4789 ltaque
1301 4708 1397 4769 locum
1420 4723 1492 4786 per-

140 4795 310 4860 mutaverit
342 4818 361 4859 a
394 4793 451 4860 170
474 4794 505 4861 00
530 4797 571 4861 700
604 4805 634 4871 ,7
661 4798 689 4860 in
722 4794 781 4862 18⁰
806 4798 834 4861 10
861 4797 923 4863 1000
948 4807 977 4874 ,7
1008 4819 1061 4881 per
1093 4796 1155 4862 520.
1174 4791 1216 4871 00)
1267 4796 1362 4877 Atqui
1394 4796 1492 4857 locum

144 4883 223 4970 nihil¹
246 4886 391 4947 mutavit:
417 4897 498 4948 certe
522 4889 612 4960 nullo,
637 4888 715 4967 quod
739 4908 806 4950 cum
829 4889 886 4951 hac
910 4890 1079 4971 quantitate
1104 4885 1271 4966 comparari
1294 4885 1401 4966 possit.

234 4974 270 5036 In
293 4974 446 5037 schemate
470 4977 589 5057 adjecto
613 4976 654 5039 sit
672 4978 702 5039 A
721 4986 864 5052 centrum,
889 4979 914 5040 Β
935 4977 1106 5059 superficies
1120 4976 1258 5051 Telluris,
1281 4975 1335 5037 EF
1353 4973 1493 5053 ecliptica

139 5063 288 5139 fixarum,
318 5061 374 5127 CD
406 5065 463 5127 iter
495 5066 630 5128 diurnum
652 5066 758 5130 Novae
782 5067 811 5129 in
842 5068 967 5131 confinio
990 5067 1111 5144 Lunae,
1142 5064 1260 5146 sintque
1289 5063 1337 5139 G,
1361 5065 1391 5126 H
1414 5063 1491 5127 duae
