3692 5842
843 478 883 530 De
903 477 982 529 Stella
999 476 1072 528 uon
1088 475 1241 541 &morundi

900 710 1021 810 Caput
1047 705 1175 783 XXII.

513 891 688 955 Materiam
710 887 795 952 Noui
819 889 947 953 Sideris
961 888 1068 971 saitae
1092 884 1261 964 coelestem,
1284 896 1314 952 et
1336 889 1376 952 de
1398 895 1475 951 ortu
1498 889 1580 975 q'rcr.

447 1051 579 1131 Rejecta
593 1050 685 1129 igitur
704 1068 803 1111 eorum
820 1048 981 1123 sententia,
1007 1046 1055 1129 qui
1070 1066 1231 1127 perennem
1255 1047 1408 1112 faciebant
1432 1047 1548 1111 sideris
1570 1046 1717 1109 materian

359 1152 390 1205 et
413 1159 531 1219 corpus,
557 1140 691 1219 sequitur
714 1150 748 1200 ut
772 1138 862 1200 etiam
876 1137 1057 1200 contrariam
1074 1137 1249 1217 expendam.
1287 1138 1393 1219 Itaque
1415 1138 1444 1199 si
1460 1137 1500 1199 de
1516 1155 1598 1198 novo
1612 1135 1718 1197 exstitit

360 1233 408 1293 vel
432 1229 560 1292 materia
584 1228 670 1307 hujus
694 1230 846 1303 flammae,
880 1227 928 1288 vel
962 1246 1069 1307 corpus
1097 1225 1184 1305 hujus
1208 1228 1331 1301 stellae,
1366 1236 1422 1289 aut
1445 1235 1576 1308 oportet
1597 1235 1718 1287 cremum

359 1323 427 1384 esse
451 1318 595 1380 divinitus
619 1326 673 1377 aut
696 1318 796 1397 aliqua
820 1328 946 1379 naturae
970 1315 999 1376 vi
1023 1322 1213 1395 prognatum.
1259 1316 1439 1398 Priusquam
1459 1326 1568 1377 autem
1583 1314 1623 1375 ad
1641 1333 1716 1375 crcu-

357 1411 484 1479 tionem,
516 1408 573 1469 hoc
606 1414 655 1466 est
686 1406 725 1466 ad
757 1405 845 1467 finem
878 1404 974 1467 omnis
1008 1404 1220 1483 disputationis
1243 1405 1418 1482 veniamus,
1454 1404 1612 1467 tentanda
1635 1402 1720 1465 omma

359 1498 508 1561 existimo.
556 1494 643 1564 Quod
668 1495 805 1573 equidem
830 1502 914 1556 tauto
940 1492 1016 1556 facio
1040 1493 1207 1566 lubentius,
1240 1495 1319 1576 quod
1348 1494 1485 1570 videam,
1522 1494 1609 1556 iutra
1636 1511 1716 1554 annm

358 1584 401 1649 30
424 1587 501 1647 hanc
520 1583 585 1663 jam
609 1591 747 1663 quartam
771 1592 825 1645 aut
848 1592 929 1644 certe
953 1583 1075 1644 tertiam
1098 1600 1166 1643 esse
1190 1601 1298 1645 novam
1321 1584 1462 1646 stellam:
1498 1582 1643 1664 quodque
1663 1581 1717 1644 Pli-

359 1677 426 1738 nius
452 1674 543 1734 etiam
569 1671 646 1735 iuter
669 1691 747 1733 nova
771 1672 884 1746 sidera,
917 1685 993 1752 quae
1017 1679 1138 1732 comata
1161 1680 1231 1732 suut
1253 1673 1489 1753 utplurimum,
1521 1690 1616 1735 uuum
1640 1671 1718 1731 ctiau

271 1780 277 1790 ·
360 1784 455 1845 genus
480 1761 574 1823 faciat
598 1761 806 1823 immobilium:
831 1760 908 1822 uude
932 1759 1092 1841 conjicias,
1126 1768 1158 1820 et
1188 1760 1257 1822 olim
1280 1762 1405 1824 fixarum
1438 1760 1600 1841 regionem
1624 1759 1718 1840 huju·

360 1853 441 1916 modi
465 1851 565 1912 sidera
588 1850 759 1931 protulisse.
806 1850 872 1914 Nec
896 1850 995 1912 nullae
1018 1849 1204 1928 suspiciones
1229 1868 1266 1910 ex
1288 1849 1426 1913 historiis
1456 1850 1630 1932 superioris
1653 1849 1718 1909 acsi.

358 1942 437 2004 Vide
470 1941 704 2022 Progymnasm:
735 1934 946 2022 Tyohouis.³¹)
994 1936 1109 2009 Quodsi
1141 1938 1245 2018 genita
1277 1949 1403 2002 naturae
1428 1940 1475 2014 vi,
1513 1939 1673 2020 quaeritur
1695 1949 1720 1998 ct

358 2032 395 2093 de
419 2039 501 2091 certo
526 2029 674 2091 efficiente
699 2049 752 2090 seu
785 2028 992 2109 progenitore,
1026 2035 1058 2089 et
1091 2028 1127 2088 de
1157 2029 1292 2091 materia.
1339 2030 1383 2092 Ut
1415 2048 1488 2090 vero
1526 2029 1565 2089 de
1600 2027 1719 2089 materia

357 2121 440 2202 prius
464 2138 553 2197 agam
577 2125 609 2179 et
630 2125 817 2198 pertractem
840 2118 987 2179 hacteuus
1012 2116 1244 2195 disputationem
1267 2117 1381 2180 finiam:
1408 2136 1503 2197 supra
1527 2117 1604 2192 dixi,
1630 2129 1718 2177 matc-

358 2211 433 2273 riam
457 2228 493 2269 ex
518 2210 611 2269 Terra
634 2228 691 2270 nou
717 2207 818 2270 fuisse.
865 2206 913 2268 Ex
937 2205 1020 2267 coelo
1044 2205 1134 2286 igitur
1158 2206 1213 2268 luit
1236 2208 1374 2269 desumta
1397 2206 1530 2268 materia
1538 2226 1548 2282 ;
1582 2206 1718 2287 siquiden

358 2299 458 2377 aliquo
482 2306 571 2376 pacto
596 2296 703 2358 stellae
727 2296 883 2376 generatio
907 2295 982 2365 (etsi
1007 2303 1187 2370 monstrosa,
1213 2305 1246 2358 ut
1265 2297 1417 2377 anguillae
1433 2295 1580 2375 genitura
1605 2296 1635 2357 iu
1660 2295 1718 2355 also

357 2388 502 2459 humano)
534 2393 637 2465 potest
668 2393 794 2446 naturae
827 2385 941 2446 viribus
973 2383 1143 2445 transcribi.
1199 2386 1277 2447 Nam
1311 2385 1389 2447 citra
1421 2386 1588 2447 materiam
1623 2395 1718 2446 uatum

358 2475 430 2537 nihil
455 2483 603 2555 procreat.
649 2474 691 2535 Et
715 2475 848 2554 quidem,
882 2474 908 2535 si
942 2483 1077 2534 cometae
1106 2473 1134 2533 iu
1159 2476 1241 2536 coelo
1266 2482 1350 2544 sunt,
1384 2474 1428 2549 si,
1463 2476 1547 2555 quod
1581 2473 1717 2554 exemplis

359 2565 557 2627 demonstrari
581 2571 698 2644 potest,
732 2582 770 2624 ex
791 2562 1024 2642 profundissimo
1058 2564 1180 2624 aethere
1204 2564 1353 2625 Tellurem
1386 2583 1495 2625 uersus
1531 2564 1670 2626 feruntur
1693 2575 1717 2621 ct

359 2654 520 2736 aliquando
544 2654 676 2733 proxime
701 2653 778 2714 hano
802 2662 883 2713 motu
907 2661 991 2715 recto
1014 2660 1220 2731 praetereunt,
1253 2654 1278 2715 si
1307 2672 1402 2714 novae
1434 2653 1516 2714 inter
1541 2654 1629 2733 ipsas
1651 2653 1716 2714 fixas

360 2744 494 2806 oriuntur
516 2743 641 2804 stellae:
666 2742 736 2823 quid
759 2741 900 2821 prohibet
923 2742 1082 2814 affirmare,
1107 2741 1175 2803 illas
1199 2761 1236 2803 ex
1250 2742 1387 2804 aetheria
1406 2751 1552 2804 constare
1568 2739 1717 2803 essentia!

448 2832 506 2893 Hic
525 2832 591 2911 jam
615 2851 707 2911 supra
729 2831 841 2892 mentio
865 2832 948 2892 sacta
971 2838 1019 2891 est
1039 2830 1255 2909 pulcherrimae
1273 2832 1454 2905 sententiae,
1479 2850 1574 2911 quam
1589 2831 1716 2892 Bralters

358 2920 450 2984 dixit:
484 2921 590 2982 stellas
617 2920 787 3000 hujusmodi
810 2919 959 3000 procreari
989 2938 1026 2980 ex
1058 2918 1108 2980 via
1136 2919 1245 2981 lactea.
1292 2921 1333 2982 Et
1364 2922 1446 2982 risus
1470 2931 1524 2982 est
1547 2921 1716 2982 confirmare

359 3027 422 3073 rem
447 3029 537 3070 sensu
561 3010 722 3080 oculorum,
747 3019 871 3070 ostensa
895 3011 1002 3070 lacuna
1026 3028 1060 3069 eo
1084 3007 1159 3083 loco,
1185 3027 1241 3088 quo
1265 3009 1347 3071 sidus
1371 3010 1441 3071 anni
1471 3007 1570 3073 1572.
1597 3009 1715 3077 eliakim

361 3099 445 3178 quasi
470 3098 567 3176 portio
593 3097 645 3158 illa
668 3099 812 3160 materiae
837 3099 864 3159 in
890 3115 997 3176 corpus
1022 3096 1128 3159 sideris
1153 3107 1260 3160 coacta
1284 3098 1388 3171 fuerit,
1420 3118 1498 3179 quae
1531 3099 1714 3179 postmodun

360 3189 488 3249 fortasse
523 3188 755 3265 conflagraverit
787 3195 840 3248 aut
872 3186 1021 3265 dissipata
1054 3187 1153 3248 fuerit.
1209 3185 1264 3248 Cui
1299 3189 1507 3267 experimento
1544 3190 1664 3249 accedit
1692 3203 1714 3246 ct

360 3287 464 3338 nostra
487 3277 561 3338 lmec
587 3296 664 3337 noua
686 3278 791 3349 stella,
825 3276 910 3355 cujus
943 3283 1065 3336 exortus
1097 3296 1213 3338 rursum
1247 3278 1275 3337 iu
1310 3277 1467 3338 confinium
1504 3278 1574 3338 uiae
1610 3280 1714 3338 lacteae

359 3366 478 3427 cecidit.
527 3363 612 3434 Quae
637 3386 707 3427 vero
732 3386 809 3426 auno
836 3362 930 3427 1600.
962 3364 990 3424 iu
1016 3362 1121 3445 Cygno
1154 3367 1266 3428 effulsit
1303 3367 1378 3445 (qna
1410 3367 1502 3427 dein
1530 3368 1713 3447 appendicel

360 3456 449 3535 plane
474 3455 502 3515 in
528 3455 593 3533 ipso
617 3456 705 3534 pleno
731 3456 808 3516 lacte
835 3454 929 3526 fulget
953 3454 1125 3514 etiamnum.
1172 3454 1213 3515 Et
1243 3456 1343 3536 possis
1376 3455 1434 3516 huc
1465 3456 1592 3518 trabere
1628 3456 1713 3517 tradi·

361 3546 472 3607 tionem
486 3544 664 3606 Aristotelis
679 3554 710 3605 et
724 3544 823 3617 Plinii,
848 3543 897 3625 qui
917 3553 1050 3603 cometas
1070 3544 1271 3622 utplurimum
1286 3546 1371 3626 ajunt
1387 3545 1444 3605 sub
1461 3546 1565 3607 lactea
1580 3548 1715 3607 existere:

360 3634 386 3695 si
417 3643 529 3695 certum
559 3642 655 3706 esset,
689 3634 767 3715 loqui
801 3633 869 3693 illos
903 3632 993 3692 ctiam
1024 3633 1060 3693 de
1090 3632 1158 3693 fixis
1187 3634 1282 3694 noris.
1328 3633 1371 3696 Ut
1402 3653 1474 3695 vero
1499 3636 1592 3697 fidem
1618 3635 1714 3697 facian

361 3732 482 3785 nostrae
506 3722 611 3783 Novae
637 3724 674 3784 de
699 3723 808 3783 vicinia
831 3722 897 3782 viae
931 3722 1066 3793 lacteae,
1096 3741 1152 3801 age
1183 3741 1220 3782 cx
1243 3723 1418 3799 Ptolemaeo
1444 3742 1646 3803 excerpamus
1669 3725 1714 3783 de·

362 3811 553 3890 scriptionem
578 3814 641 3891 ejus
666 3812 723 3872 loci
747 3812 836 3890 plane
860 3809 1104 3883 curiosissimum,
1131 3819 1162 3871 et
1179 3819 1210 3872 ut
1234 3811 1298 3891 ipse
1313 3812 1510 3873 Ptolemaeus
1537 3814 1591 3888 ait,
1618 3835 1716 3892 napum

363 3924 468 3980 porarq
491 3923 692 3979 παρατηρησει
717 3903 838 3962 factam.
886 3899 974 3970 Quod
1004 3900 1121 3980 quidem
1154 3908 1239 3961 tauto
1271 3901 1368 3979 magis
1401 3903 1626 3976 necessarium,
1659 3903 1717 3983 quin

362 3990 446 4052 locus
470 3988 521 4050 ille
546 3990 574 4051 iu
599 4000 700 4051 nostro
725 3991 844 4051 climate
867 3989 1013 4050 horizonti
1043 3989 1119 4050 adeo
1150 3989 1264 4050 vicinus
1294 4001 1357 4063 est,
1395 4001 1429 4051 ut
1460 3992 1628 4053 candorem
1661 3993 1716 4050 riae

363 4078 482 4139 lacteae
507 4078 544 4138 ob
568 4098 696 4158 sapores
720 4099 777 4139 uon
802 4078 889 4139 facile
914 4078 1067 4138 discernas
1091 4077 1166 4139 risu.

452 4178 506 4231 Via
527 4178 628 4241 lactea,
654 4169 765 4248 inquit,
791 4186 911 4249 apparet
940 4179 1115 4249 aliquatenus
1146 4178 1267 4248 duplex,
1300 4178 1377 4234 initio
1417 4180 1494 4233 facto
1534 4199 1553 4235 a
1573 4183 1719 4236 Thuriba'u

364 4275 450 4329 usquc
480 4260 514 4310 ad
537 4259 683 4313 Gallinam.
725 4262 764 4314 Et·
792 4276 857 4329 pars
889 4259 972 4327 hujus
1002 4275 1089 4312 zonae
1119 4261 1288 4327 praecedens
1318 4277 1493 4331 nequaquam
1527 4281 1657 4316 connexa
1684 4277 1719 4313 cst

365 4338 456 4391 alteri.
499 4339 632 4392 Deiectus
654 4340 725 4394 enirn
752 4339 817 4393 iacit
844 4340 932 4407 juxta
962 4339 1166 4403 commissurus,
1198 4357 1269 4410 quae
1301 4347 1366 4393 suut·
1396 4343 1471 4410 apud
1493 4343 1679 4397 Thuribuluru
1697 4355 1720 4392 rt

365 4426 504 4479 Gallinam
528 4418 594 4486 (seu
618 4417 780 4498 Cygnum).
818 4419 932 4479 Postea
955 4428 1071 4497 partem
1097 4432 1280 4497 sequentem,
1306 4438 1382 4498 quae
1402 4420 1491 4481 hodie
1520 4424 1602 4501 apud
1627 4435 1721 4500 ponec

365 4505 471 4585 tropici
501 4505 628 4566 confinia
660 4508 814 4567 zodiacum
849 4506 973 4576 transit,
1007 4506 1140 4568 traducit
1164 4528 1182 4567 a
1205 4507 1368 4569 Thuribulo
1397 4528 1452 4588 per
1485 4510 1574 4571 sidus
1600 4510 1719 4590 Scorpii.

364 4613 417 4672 per
437 4594 611 4667 Anniuoum,
636 4598 778 4676 Aquilam
802 4604 832 4656 et
848 4596 1000 4675 Sagittam
1026 4598 1062 4657 ad
1089 4595 1252 4658 Gallinam.
1299 4597 1340 4657 Et
1361 4598 1518 4678 descripto
1544 4609 1613 4661 toto
1637 4617 1721 4661 zonae

365 4682 480 4742 ambitu
512 4682 681 4745 subnectit:
714 4698 792 4749 Zona
813 4714 895 4758 vero,
928 4714 983 4767 qua
1004 4700 1036 4749 dc
1058 4698 1151 4767 prius,
1184 4699 1384 4768 interruptione
1405 4707 1438 4753 ut
1460 4700 1520 4753 dixi
1551 4702 1629 4755 fucta
1657 4700 1720 4770 epod

365 4774 587 4842 comprehensam
609 4777 719 4829 stollam
742 4778 768 4830 in
788 4778 939 4829 Thuribulo
961 4778 1076 4848 indeque
1098 4787 1180 4847 capto
1202 4779 1287 4840 initio,
1311 4789 1368 4831 tres
1391 4781 1499 4850 quidem
1524 4785 1612 4836 nodos
1635 4800 1651 4834 ι
1671 4796 1720 4833 mr·

367 4870 433 4921 porc
447 4854 603 4923 Scorpionis
626 4857 782 4925 intercipit:
806 4858 886 4910 trium
901 4876 966 4910 nero
986 4858 1011 4910 iu
1027 4875 1140 4927 corpore
1155 4859 1259 4929 Scorpii
1275 4875 1335 4912 cam
1350 4877 1422 4930 quae
1445 4863 1577 4932 sequitur
1597 4865 1719 4916 excludat.

367 4934 491 5003 margine
519 4935 681 4989 occidentali
707 4939 812 4990 distans
834 4940 870 4990 ab
891 4955 926 4990 ca
950 4941 1066 5007 gradum
1088 4957 1179 4992 unum.
1224 4941 1301 5001 Quuc
1324 4959 1389 4993 vcro
1416 4955 1460 4994 cst
1483 4945 1511 4995 in
1536 4959 1638 5014 quarto
1659 4943 1718 4994 uolo

366 5011 481 5082 scorpii,
503 5031 599 5084 purum
621 5017 727 5069 obtinet
749 5024 841 5071 acrem
863 5020 979 5071 medium
1001 5020 1072 5072 iutcr
1093 5031 1237 5091 utramque
1257 5038 1364 5083 nouam,
1388 5026 1611 5093 quamproxime
1633 5023 1715 5091 acqua
