3692 5842
830 480 975 547 Captivi
999 481 1040 531 ιε.
1554 484 1618 553 293

342 656 388 719 Et
405 658 470 737 jam
494 664 596 719 notum
621 675 689 717 esse
713 656 813 730 debet,
839 658 1017 736 saepissime
1041 660 1230 734 usuvenire,
1258 668 1290 721 ut
1313 661 1443 723 Veneris
1467 664 1559 725 stella
1582 664 1619 726 de

255 746 304 807 die
327 754 483 817 cernatur,
517 744 599 807 Solis
623 745 717 808 radiis
741 765 808 807 cum
831 748 897 825 ipso
920 744 993 808 Sole
1018 747 1187 821 inclinatis,
1219 755 1250 810 et
1273 749 1410 812 extincta
1433 752 1544 814 eximia
1567 752 1620 814 illa

254 833 391 896 meridiei
414 834 563 897 claritate,
610 836 713 914 Atque
737 834 783 895 his
808 836 869 897 fere
893 835 1059 897 rationibus
1092 846 1124 897 et
1151 837 1364 917 experimentis
1389 841 1551 903 verisimile
1574 843 1616 917 fit,

254 924 375 986 Lunam
398 925 504 986 eodem
528 924 576 986 die
601 931 672 985 ante
695 931 821 1004 etpost
844 922 946 987 Solem
970 925 1064 985 videri
1087 944 1190 1003 posse.

576 1063 626 1128 12.
663 1065 715 1127 De
739 1064 874 1126 lumine
899 1072 1102 1127 ceterorum
1127 1067 1299 1128 siderum.

344 1190 512 1255 Existimat
533 1189 735 1269 Albategnius
764 1209 831 1269 cap.
867 1187 919 1253 30.
949 1198 979 1251 ει
1007 1191 1134 1252 Vitellio
1163 1191 1213 1254 lib.
1238 1193 1293 1252 IV.
1318 1211 1403 1271 prop.
1430 1190 1482 1255 77.
1512 1194 1611 1256 stellis

254 1284 394 1348 omnibus
417 1303 436 1342 a
459 1277 530 1340 Sole
555 1298 638 1340 suum
662 1297 730 1339 esse
755 1279 830 1339 lucis
854 1279 1016 1353 modulum,
1052 1279 1120 1341 inde
1148 1281 1224 1341 adeo
1257 1281 1356 1362 sequi,
1386 1288 1420 1342 ut
1452 1282 1532 1343 aucti
1565 1284 1614 1345 vel

254 1371 362 1437 minuti
385 1368 494 1433 lumine
518 1377 709 1429 censeantur.
757 1366 844 1437 Quod
869 1375 971 1429 autem
996 1388 1053 1428 non
1076 1377 1110 1429 ιιι
1125 1369 1213 1430 Luna
1237 1369 1410 1430 dimidiatae
1435 1380 1612 1450 appareant,
1646 1407 1648 1413 ·

255 1479 381 1525 causam
405 1477 473 1521 esse
502 1456 679 1518 distantiam
711 1455 954 1529 immoderatam,
989 1475 1042 1536 per
1070 1477 1158 1537 quam
1191 1458 1284 1538 figura
1315 1458 1443 1519 discerni
1475 1468 1612 1539 nequeat.

253 1550 317 1615 Alii
341 1570 361 1610 a
384 1547 456 1610 Sole
489 1546 607 1625 quidem
639 1544 794 1607 stellarum
827 1545 924 1606 lumen
959 1546 1100 1606 dictitant
1122 1566 1199 1622 esse,
1234 1548 1288 1608 sed
1311 1548 1442 1609 transire
1466 1566 1520 1626 per
1543 1568 1612 1611 cor-

253 1660 329 1721 pora
351 1627 536 1717 pellucentia
567 1641 599 1695 et
622 1634 665 1695 sic
693 1633 804 1695 vibrari
828 1635 960 1695 tandem.
1008 1632 1142 1705 Quorum
1173 1636 1326 1698 sententia
1354 1635 1531 1699 imbecillior
1563 1645 1611 1700 est

254 1730 362 1791 altera.
410 1726 492 1786 Vere
525 1741 666 1803 namque,
700 1730 734 1783 ut
755 1722 837 1802 prius
866 1723 902 1783 de
926 1724 1014 1784 Luna
1046 1724 1232 1798 dicebamus,
1267 1726 1370 1805 siper
1398 1726 1612 1789 refractionem

255 1817 332 1880 radii
357 1813 475 1877 Solaria
496 1813 599 1874 lucent
621 1811 733 1884 sidera,
763 1811 934 1873 transibunt
963 1814 1170 1874 tautummodo
1198 1814 1228 1875 iu
1258 1814 1465 1876 diametralem
1496 1835 1515 1874 a
1537 1814 1610 1876 Sole

253 1908 375 1979 lineam,
400 1911 435 1964 ut
448 1902 562 1963 caudae
576 1908 768 1972 cometarum,
793 1919 848 1961 nec
872 1901 910 1961 ad
934 1919 989 1961 nos
1004 1901 1204 1964 lucidissimos
1228 1923 1299 1965 suos
1315 1904 1415 1965 radios
1430 1903 1611 1982 projicient:

254 1992 436 2074 praesertim
460 1991 509 2052 ubi
532 1989 610 2050 mole
634 1989 767 2068 corporis
790 1988 836 2050 sui
860 1989 1050 2062 obsteterint‚
1083 2009 1140 2071 quo
1169 1993 1267 2053 miuus
1293 1993 1320 2053 in
1350 1992 1416 2053 loco
1440 1992 1611 2053 exeuntium

253 2083 336 2146 Solis
360 2081 511 2144 radiorum
534 2078 629 2140 videri
653 2077 780 2161 possint,
814 2095 848 2139 eo
872 2098 990 2141 sursum
1013 2096 1111 2141 verso.
1158 2081 1265 2161 Itaque
1289 2099 1381 2160 prope
1406 2079 1507 2142 Solem
1532 2081 1611 2141 late-

253 2181 348 2251 rent,
368 2170 454 2251 cujus
477 2168 660 2230 contrarium
686 2174 818 2228 testatur
850 2168 1034 2247 experientia
1058 2176 1089 2229 et
1113 2169 1278 2231 Ptolemaei
1302 2170 1425 2248 regulae
1449 2169 1486 2229 de
1510 2187 1610 2230 emer-

252 2260 389 2323 sionibus
414 2256 630 2320 discedentium
659 2255 697 2316 ab
721 2273 866 2334 apogaeo.
915 2256 1112 2318 Vitelliouem
1136 2276 1224 2332 vero,
1250 2260 1276 2320 si
1299 2259 1398 2320 nullus
1430 2258 1609 2337 reliquorum

251 2352 454 2429 planetarum,
489 2347 594 2406 Venus
624 2352 724 2405 tamen
753 2345 903 2405 sufficiens
928 2355 976 2407 εει
1008 2347 1150 2409 refutare.
1197 2348 1277 2409 Nam
1309 2347 1380 2427 quia
1410 2347 1484 2407 haec
1517 2348 1608 2408 stella

251 2437 356 2501 Solem
379 2434 516 2498 circumit
534 2434 597 2513 jam
616 2432 751 2511 superior
774 2452 808 2493 eo
827 2434 891 2512 jam
910 2434 1033 2496 inferior
1057 2436 1131 2513 (qua
1155 2436 1191 2497 de
1214 2455 1246 2497 re
1266 2455 1362 2510 nemo,
1388 2436 1464 2515 quod
1481 2435 1609 2509 dubitet,

250 2527 354 2597 habet,
377 2533 538 2605 postquam
560 2521 731 2584 universam
754 2520 783 2582 in
799 2522 1015 2602 hypothesibus
1038 2524 1121 2585 hisce
1143 2525 1370 2604 ambiguitatem
1395 2524 1482 2585 hodie
1506 2524 1534 2584 in
1551 2524 1608 2585 duo

249 2617 354 2695 capita
377 2614 600 2692 discerpserunt
624 2608 808 2689 Copemicus
832 2620 862 2672 ει
886 2612 988 2692 Tycha
1013 2612 1127 2689 Brahe,
1161 2615 1236 2675 adeo
1261 2623 1295 2676 ut
1318 2614 1443 2676 alterius
1467 2631 1504 2672 ex
1527 2612 1609 2673 hisce

249 2704 434 2767 sententiam
458 2720 560 2763 veram
584 2719 651 2762 esse
675 2717 798 2760 necesse
822 2700 872 2761 sit.
918 2701 965 2762 At
988 2709 1111 2781 uterque
1136 2722 1193 2764 uuo
1217 2722 1268 2764 ore
1292 2703 1452 2776 affirmant,
1479 2700 1609 2762 Veneris

248 2794 308 2855 iter
330 2793 413 2854 circa
427 2790 528 2852 Solem
553 2787 710 2868 torqueri),
735 2788 935 2850 conveniebat
953 2789 1064 2868 itaque,
1089 2792 1186 2853 lumen
1202 2792 1332 2853 Veneris
1351 2801 1385 2853 ut
1404 2792 1517 2862 Lunae,
1542 2809 1609 2851 cum

250 2881 356 2945 Solem
380 2881 459 2942 inter
482 2887 511 2939 et
541 2897 596 2938 nos
620 2877 720 2949 venit,
754 2877 901 2956 extingui,
937 2879 1152 2957 amplissimum
1176 2899 1247 2942 vero
1280 2881 1390 2954 videri,
1415 2880 1536 2940 Venere
1570 2878 1608 2939 ad

247 2970 435 3050 superiorem
458 2985 651 3046 congressum
683 2966 826 3044 fugiente.
873 2967 919 3028 At
948 2967 1003 3028 hoc
1031 2987 1118 3030 secus
1151 2969 1251 3033 habet.
1298 2969 1357 3030 Diu
1382 2987 1508 3048 namque
1532 2968 1610 3028 latet

246 3060 277 3120 in
303 3056 452 3137 superiori
475 3054 692 3134 conjunctione,
717 3065 838 3116 etcum
862 3056 950 3116 valde
975 3066 1023 3117 est
1046 3059 1118 3131 alta,
1143 3058 1241 3119 lumen
1266 3058 1364 3119 debile
1388 3057 1515 3137 spargit,
1540 3075 1607 3118 um-

247 3148 332 3210 bram
356 3146 486 3225 maligne
509 3144 629 3225 projicit
652 3164 671 3204 a
694 3144 877 3222 corporibus.
910 3145 983 3205 lude
1007 3164 1064 3225 quo
1088 3148 1185 3227 magis
1209 3148 1374 3221 descendit,
1400 3147 1456 3207 hoc
1480 3145 1607 3207 efficitur

247 3237 359 3297 clarior
382 3236 538 3312 lumenque
563 3232 693 3293 Lunaris
716 3233 863 3295 aemulum
886 3233 987 3295 vibrat
1019 3243 1051 3296 et
1083 3237 1208 3316 denique
1236 3245 1342 3297 tantae
1376 3234 1524 3296 claritatis
1548 3242 1605 3310 est,

246 3335 281 3386 ut
305 3324 336 3385 in
360 3324 426 3403 ipso
450 3322 598 3383 interdum
624 3320 841 3400 conjunctionis
865 3322 993 3384 articulo
1017 3325 1098 3385 cerni
1122 3337 1212 3405 queat
1234 3327 1331 3386 instar
1346 3342 1473 3401 maguae
1488 3324 1606 3394 stellae,

245 3423 280 3475 ut
304 3419 483 3473 annotatum
507 3409 606 3471 inveni
625 3409 654 3470 in
678 3409 846 3471 Braheanis
870 3411 1148 3483 observationibus,
1181 3434 1236 3475 nec
1260 3413 1438 3475 obliteretur
1461 3412 1607 3473 immensa

245 3520 340 3582 prope
377 3500 457 3561 aeris
495 3498 633 3560 claritate
671 3498 862 3560 circumcirca
896 3501 1017 3576 diffusa,
1051 3502 1118 3581 ipsa
1145 3522 1233 3563 unum
1263 3509 1406 3581 punctum
1434 3518 1605 3579 occupans:
1656 3513 1662 3528 ·

246 3609 306 3670 qua
329 3588 493 3651 solitudine
521 3588 618 3648 visum
648 3605 771 3648 movens
801 3595 832 3648 et
860 3589 898 3650 ad
928 3608 960 3650 se
989 3597 1181 3665 convertens,
1217 3590 1382 3652 fortissima
1409 3588 1511 3668 utique
1541 3588 1605 3650 luce

244 3680 350 3759 pollet.
399 3676 554 3756 Proprium
577 3675 669 3754 igitur
692 3677 747 3739 hoc
772 3676 910 3739 eximium
936 3679 1034 3740 lumen
1059 3679 1171 3741 habeat
1193 3697 1317 3741 necesse
1341 3685 1399 3739 est.

334 3769 441 3847 Itaque
466 3766 495 3826 in
519 3765 655 3826 thesibus
679 3766 771 3839 meis,
796 3786 870 3846 quas
895 3787 972 3828 anno
999 3764 1083 3832 1602
1108 3770 1144 3829 de
1169 3768 1363 3848 Astrologiae
1389 3766 1605 3828 Fundameutis

245 3857 334 3931 edidi,
359 3855 488 3935 primum
508 3853 588 3916 thesi
602 3851 655 3916 25.
681 3861 749 3925 (Vol.
773 3863 793 3913 L
820 3880 844 3928 p.
864 3860 928 3926 ⁴24)
954 3866 1081 3937 quatuor
1096 3858 1279 3938 argumentis
1299 3855 1459 3919 verisimile
1476 3855 1603 3930 reddidi,

245 3964 313 4006 esse
336 3944 469 4025 planetis
493 3942 644 4024 proprium
667 3944 774 4006 lumen.
822 3945 919 4007 Unum
943 3947 998 4008 hoc
1026 3947 1121 4027 ipsum
1154 3956 1234 4022 erat,
1269 3947 1345 4027 quod
1366 3947 1431 4026 jam
1455 3944 1603 4024 expedivi.

245 4035 327 4095 Vere
352 4051 481 4112 namque
504 4032 609 4093 Venus
634 4032 741 4094 faciem
764 4042 896 4095 mutaret
928 4043 959 4096 et
981 4038 1120 4115 perderet
1144 4044 1178 4098 ut
1200 4038 1304 4108 Luna,
1338 4037 1364 4096 si
1393 4035 1458 4096 luce
1487 4042 1604 4096 tautum

244 4143 281 4185 ex
296 4121 369 4185 Sole
394 4122 614 4183 communicata
637 4122 758 4183 luceret.
791 4122 930 4185 Secundo
955 4144 1011 4185 uon
1036 4145 1102 4187 esse
1127 4146 1260 4199 necesse,
1288 4133 1321 4187 nt
1336 4123 1431 4185 omnis
1454 4123 1485 4183 in
1501 4122 1603 4183 Solem

245 4212 294 4273 lux
325 4212 367 4272 sit
395 4210 538 4277 collecta,
572 4210 691 4272 ostendi
727 4212 873 4291 exemplis
910 4233 1008 4275 rerum
1046 4215 1258 4277 sublunarium.
1305 4215 1384 4277 Nam
1412 4211 1461 4272 hic
1490 4212 1602 4272 multae

244 4301 430 4371 animantes,
456 4306 488 4360 ut
512 4299 548 4359 de
572 4298 713 4360 inanimis
737 4307 874 4375 taceam,
899 4303 1015 4364 luculae
1040 4305 1171 4365 nonnihil
1195 4305 1309 4365 habent
1327 4302 1462 4363 insitum.
1497 4298 1600 4360 Tertio

243 4410 280 4451 ex
304 4390 434 4470 quadam
458 4387 693 4449 differentiarum
717 4390 965 4467 geometricarum
989 4393 1208 4454 combinatione
1224 4401 1255 4452 et
1269 4392 1367 4453 officio
1392 4388 1466 4450 lucis
1482 4389 1600 4449 coeles-

242 4478 282 4539 tis
306 4477 446 4550 ostendi,
473 4475 622 4538 sideribus
646 4495 720 4555 opus
744 4498 812 4540 esse
837 4480 947 4559 duplici
972 4482 1055 4554 luce,
1082 4490 1112 4541 et
1134 4481 1254 4560 propria
1278 4488 1309 4541 et
1333 4498 1370 4539 ex
1389 4476 1460 4538 Sole
1485 4477 1602 4537 adven-

244 4567 327 4628 titia:
365 4566 486 4645 quade
511 4566 770 4643 argumentatione
790 4568 936 4647 judicium
960 4569 1064 4631 lectori
1087 4570 1243 4649 permitto,
1273 4588 1342 4630 nam
1372 4587 1408 4626 ea
1430 4565 1519 4643 hujus
1543 4562 1602 4624 loci

242 4675 301 4716 non
327 4663 384 4716 est.
431 4653 568 4733 Denique
593 4663 826 4718 consentaneum
858 4675 926 4719 esse
956 4658 1033 4730 dixi,
1061 4667 1094 4719 ut
1117 4658 1215 4735 fulgor
1239 4665 1270 4718 et
1293 4653 1469 4718 scintillatio
1493 4659 1603 4731 arguat

241 4744 339 4806 lucem
361 4742 532 4822 propriam,
564 4744 753 4807 nebulositas
777 4754 808 4807 et
830 4745 968 4825 pigrities
992 4747 1130 4808 alienam,
1178 4747 1256 4807 Nam
1290 4763 1407 4806 omnem
1436 4740 1602 4803 communi-

241 4842 341 4894 catam
365 4841 398 4893 et
420 4831 548 4894 tinctam
570 4832 600 4893 in
624 4834 754 4895 materia
777 4834 872 4896 lucem
897 4836 1013 4897 retundi
1033 4854 1158 4897 necesse
1182 4843 1249 4896 est:
1275 4834 1351 4915 quod
1377 4840 1408 4893 et
1423 4829 1602 4893 Cleomedes

241 4921 388 4996 inculcat,
414 4921 665 4984 communicatam
689 4923 810 4984 aliunde
837 4924 934 4985 lucem
957 4943 1016 4986 nou
1040 4925 1128 5005 longe
1152 4924 1263 4986 vibrari
1287 4924 1451 4985 affirmans.
1498 4919 1601 4998 Atque

242 5010 299 5072 bac
321 5010 390 5091 lege
414 5010 520 5072 Lunae
544 5011 760 5087 mutuatitium,
794 5012 894 5074 stellis
921 5013 1073 5097 plerisque
1101 5013 1251 5097 proprium
1281 5014 1377 5075 lumen
1411 5008 1600 5084 adscribitur,
