3692 5842
642 451 673 500 re
691 450 759 500 rom
778 445 943 502 susurrum..
1407 451 1473 518 513

224 627 260 690 lic
283 626 314 690 7.
330 625 520 707 Septembris
543 645 629 688 mane
654 626 729 691 hora
751 623 783 689 4.
798 625 919 707 Jupiter
943 633 991 687 est
1012 625 1097 687 visus
1120 646 1188 689 cum
1211 627 1328 691 duobus
1351 630 1471 692 satelli-

233 735 292 780 uno
315 735 409 798 parvo
433 724 465 776 et
488 717 570 777 claro
595 716 633 776 ad
662 717 809 780 orientem
834 717 889 778 sub
913 715 998 796 ipsis·
1018 715 1110 777 radiis
1133 716 1236 790 Jovis,
1265 718 1361 780 altero
1386 717 1473 798 quasi

229 812 317 886 parte
341 804 532 866 instrumenti
556 804 693 885 ampliati
716 825 823 868 versus
848 825 998 867 occasum.
1044 805 1147 864 Testis
1171 806 1310 869 Ursinus.

224 895 287 956 lora
310 893 414 974 quinta
437 913 494 955 non
519 894 647 972 amplius
671 894 732 956 uidi
756 895 948 968 orientalem,
972 892 1050 953 vidit
1072 901 1173 955 tamen
1197 902 1229 956 et
1253 896 1378 975 agnovit
1400 897 1470 959 Dm.

224 983 331 1064 aglius,
355 981 535 1044 Archiducis
557 983 704 1061 Leopoldi
721 994 778 1044 etc.
805 991 940 1045 secretus
965 981 1154 1043 consiliarius
1179 984 1392 1061 (admonitus),
1417 986 1471 1046 sed

224 1091 247 1136 u
270 1090 327 1133 uon
351 1071 427 1132 vidit
450 1071 675 1133 occidentalem.
721 1072 798 1134 Erat
820 1073 909 1132 Luna
932 1071 1108 1151 propinqua.

224 1161 287 1223 lars
311 1160 415 1222 stabat
437 1179 529 1239 supra
552 1160 668 1221 Lunam
693 1162 755 1223 fere
787 1161 902 1223 duabus
926 1161 1032 1222 Lunae
1061 1160 1309 1235 semidiametris,
1341 1162 1471 1224 noudum

224 1270 250 1311 ea
272 1249 427 1311 sectionis.

224 1335 262 1400 lie'
293 1335 324 1399 9.
358 1335 549 1416 Septembris
581 1336 656 1398 hora
680 1335 710 1401 2.
743 1345 774 1399 et
807 1337 837 1401 3.
873 1337 1002 1400 vidimus
1034 1346 1114 1412 tres3
1147 1338 1223 1400 duos
1257 1338 1471 1414 occidentales,
1557 1391 1561 1399 .

225 1425 314 1489 imum
339 1427 387 1506 qui
411 1425 481 1486 Jovi
504 1425 639 1505 propior,
669 1428 766 1488 minus
791 1428 941 1488 distantes
969 1445 1057 1507 quam
1082 1426 1266 1490 clarissimus
1295 1427 1431 1489 distabat
1454 1448 1473 1488 a

249 1515 390 1578 Extimus
421 1515 518 1576 minus
548 1515 670 1577 dimidio
703 1516 893 1579 instrumenti
924 1516 1062 1577 distabat
1084 1537 1104 1577 a
1125 1515 1214 1579 Jove.
1260 1518 1346 1579 Unus
1370 1521 1471 1580 orien-

224 1603 266 1666 ub
291 1604 365 1684 ipsis
390 1603 482 1664 radiis
505 1601 593 1665 Joris
617 1605 726 1679 clarus,
752 1627 770 1666 a
792 1606 869 1667 Jove
893 1605 1016 1666 dimidio
1045 1605 1165 1666 distans
1189 1606 1267 1686 ejus,
1292 1605 1371 1686 quud
1393 1605 1473 1668 inter

224 1691 339 1756 itabant
371 1691 587 1754 occidentales.
639 1692 793 1774 Segetlrus
812 1714 930 1756 omncs
964 1703 1027 1756 tres
1065 1694 1142 1756 vidit
1171 1702 1203 1755 et
1240 1694 1354 1760 eodem,
1382 1693 1488 1770 modo,

224 1782 274 1846 uit.
321 1782 359 1842 D.
385 1780 560 1842 Schultetus
586 1778 729 1854 Caesaris
752 1784 882 1846 Fiscalis
909 1802 963 1864 per
987 1781 1129 1845 Silesiam
1162 1784 1288 1864 agnovit
1319 1785 1389 1856 (sed
1413 1782 1469 1845 ad-

224 1873 262 1946 rs)
287 1870 486 1932 clarissimum
511 1869 753 1934 occidentalium.

224 1959 295 2022 lisce
325 1958 586 2021 observationibus
615 1960 728 2023 habitis
756 1968 788 2023 et
817 1961 874 2024 fide
905 1969 1094 2023 narratorum
1120 1957 1255 2022 Galilaei
1286 1959 1471 2022 sufficienter

224 2055 300 2124 rata,
325 2068 391 2110 cum
414 2055 446 2108 et
470 2046 658 2111 discessurus
681 2058 839 2130 putaretur
862 2051 995 2123 Elector,
1020 2048 1140 2131 restitui
1165 2050 1407 2110 instrumentum.

224 2137 269 2200 ihi
284 2157 355 2198 veru
368 2138 481 2199 Lector
495 2137 589 2198 amice
605 2138 661 2199 hoc
677 2139 816 2220 quicquid
831 2148 879 2200 est
894 2158 1056 2218 paucarum
1072 2146 1102 2200 et
1116 2145 1346 2217 properaturum
1361 2136 1468 2199 obser-

224 2246 271 2290 um
301 2224 531 2306 impertiendum
562 2226 681 2306 publice
712 2229 829 2303 censui,
864 2235 898 2289 ut
921 2234 975 2288 aut
998 2247 1096 2289 meam
1127 2246 1317 2308 meorumque
1346 2226 1470 2288 testium

231 2324 374 2396 sequutus
409 2314 537 2394 posthac
570 2316 650 2377 omui
683 2317 817 2396 seposita
859 2315 1047 2379 dubitatione
1083 2317 1245 2379 veritatem
1282 2315 1470 2397 patefactam

227 2424 275 2479 as,
298 2411 352 2466 aut
374 2404 430 2465 tibi
453 2404 490 2464 de
513 2403 591 2465 bono
616 2405 815 2483 instrumento
839 2405 1020 2486 prospicias,
1044 2407 1121 2485 quod
1141 2406 1171 2467 in
1192 2425 1255 2468 rem
1278 2412 1471 2487 praesentem

225 2500 298 2559 ucat
320 2492 477 2572 adronrrp.
527 2493 605 2555 Vale
629 2503 662 2555 et
687 2495 784 2557 Deum
814 2495 843 2556 in
873 2494 1013 2574 operibus
1043 2495 1107 2557 suis
1135 2496 1287 2556 celebrare
1318 2511 1470 2574 uunquam

271 2584 391 2663 Pragae
420 2581 469 2644 ll.
495 2581 684 2662 Septembris
709 2603 785 2646 auno
809 2582 942 2646 Mucx.

227 2745 268 2790 ae
291 2722 445 2804 Segethi
470 2723 641 2787 Britanni
665 2725 694 2786 in
719 2723 915 2786 illustrissimi
943 2724 1009 2786 Viri
1033 2722 1165 2786 Galilaei
1187 2721 1318 2786 Galilaei
1343 2723 1469 2788 Patricii

224 2815 281 2878 tini
314 2820 346 2874 et
378 2811 529 2875 Sereniss.
563 2813 669 2893 Magni
702 2814 862 2876 Hetmriae
895 2813 990 2877 Ducis
1023 2812 1126 2876 Cosmi
1156 2813 1195 2876 ΙΙ.
1228 2813 1405 2896 Philosophi
1438 2820 1470 2876 et

337 2902 548 2964 Mathematici
574 2903 802 2965 observationes
826 2904 975 2965 coelestes
998 2903 1239 2983 Epigrammata.

271 3008 357 3081 Quae
382 2993 497 3069 laluere
521 3009 578 3071 soli
602 3010 712 3071 saeclis
736 3010 890 3089 incognita
913 3009 1031 3090 priscis,

322 3098 436 3177 Magno
460 3098 559 3159 animo
584 3099 615 3160 in
639 3100 735 3161 lucem
759 3099 870 3180 potulit
894 3109 965 3160 ante
989 3099 1094 3177 Ligur.

269 3188 387 3250 Accola
409 3206 486 3248 nunc
509 3188 596 3263 Arni,
621 3188 731 3250 saeclis
755 3187 910 3266 incognita
933 3188 1059 3262 cunctis,

322 3275 455 3338 Protulit
478 3277 507 3337 in
534 3278 638 3352 lucem,
665 3296 740 3356 quae
765 3278 880 3338 latuere
904 3277 977 3356 poli.

270 3366 326 3428 Illo
350 3365 434 3426 dedit
458 3367 550 3427 multo
573 3366 738 3428 vincendas
763 3365 907 3445 sanguine
932 3373 1055 3439 terras,

322 3453 433 3516 Sidera
456 3461 489 3514 at
513 3455 560 3517 hic
584 3455 656 3517 nulli
681 3453 780 3517 noxia.
828 3453 930 3533 Major
954 3455 1064 3515 uter?l

274 3580 332 3644 Uni
357 3600 433 3659 quae
458 3580 607 3660 quondam
632 3580 772 3641 lucebant
795 3578 896 3640 sidera
919 3579 1012 3652 coelo,

323 3667 409 3739 Quae
434 3670 555 3730 inerant
577 3670 650 3731 solis
675 3668 797 3749 cognita
821 3667 989 3742 coelitibus,

271 3759 410 3820 Humano
434 3758 610 3839 aspicienda
633 3759 717 3820 dedit
740 3756 841 3839 generi
867 3755 1035 3820 Galilaeus.

323 3848 471 3909 Mortales
495 3847 551 3909 hoc
575 3855 624 3909 est
646 3848 772 3909 reddere
795 3845 852 3910 Dis
878 3846 1005 3909 similes.

224 4023 228 4037 .
275 3973 434 4036 Lucebant
459 3971 562 4047 Coelo,
582 3971 645 4051 jam
671 3979 702 4032 et
725 3972 827 4033 Terris
851 3971 953 4033 sidera
976 3969 1087 4032 lucent.

325 4063 372 4124 Au
397 4080 454 4123 non
480 4061 536 4123 hoc
560 4061 654 4121 lucem
679 4068 727 4122 est
750 4062 860 4122 addere
885 4057 1058 4121 sideribus?

270 4151 424 4223 Quantum
447 4149 482 4213 0!
507 4168 595 4229 quam
619 4150 752 4229 pulcmm
776 4150 849 4223 (nisi
873 4156 906 4211 tn
931 4147 1072 4210 Galilaea
1096 4144 1222 4214 fuisses)

323 4239 451 4302 Divinae
476 4238 586 4300 meutis
610 4238 781 4301 delituisset
805 4239 897 4318 opus!

270 4330 387 4392 Abdita
410 4329 488 4409 quod
511 4328 638 4407 primum
661 4336 767 4407 perte
791 4326 938 4409 patefecit
961 4324 1093 4408 Olympi,

324 4418 507 4480 Permultum
531 4417 623 4478 debes
647 4425 680 4479 tu
705 4416 844 4480 Galilaee
868 4416 945 4488 Dec,

271 4509 316 4572 At
339 4501 394 4569 tibi
418 4507 544 4568 multum
569 4506 714 4580 homiues,
740 4507 851 4569 debent
874 4504 929 4567 tibi
953 4503 1054 4566 sidera
1076 4503 1220 4569 multum:

322 4597 452 4659 Multum
477 4595 568 4657 etiam
593 4596 683 4656 debet
705 4595 845 4675 Juppiter
868 4594 933 4672 ipse
958 4592 1022 4655 libi.

224 4773 227 4786 .
274 4720 408 4786 Aethere
432 4719 609 4782 subductum
633 4717 811 4781 mortalibus
834 4719 937 4781 intulit
960 4719 1069 4799 ignem,

322 4809 364 4873 Et
388 4809 512 4872 meritus
535 4828 662 4890 poenam
688 4815 736 4868 est
757 4805 980 4887 Japetionides.

271 4899 315 4964 At
338 4906 370 4960 tu
395 4897 444 4979 qui
468 4899 601 4961 occultos
625 4897 753 4961 antehac
779 4897 917 4959 Galilaee
942 4904 989 4958 tot
1010 4895 1096 4975 ignes

323 4987 442 5050 Invexti
466 4987 578 5061 Terris,
602 4987 673 5069 quid
697 4986 854 5047 mereare?
877 4986 994 5048 Polum.

224 5093 407 5148 sumu
