3692 5842
657 481 689 534 us
706 481 774 532 uos·
795 479 949 534 scaurus
967 480 1013 534 aa
1447 482 1513 554 405

148 656 290 719 evenerit
312 655 373 720 illis
395 656 552 738 possitque
576 659 694 721 evenire
719 659 809 721 etiarn
833 678 932 740 porro,
958 670 991 723 ut
1005 682 1024 722 a
1037 660 1230 740 Philosophia
1245 662 1333 742 hujus
1358 666 1511 745 temporis,

149 745 201 827 qui
235 744 375 808 inlibris
411 747 673 827 philosophantur,
706 749 868 812 universali
900 768 1047 813 consensu
1079 751 1192 832 stupidi
1224 759 1257 814 ct
1287 753 1377 833 paulo
1414 754 1514 818 miuus

149 853 242 917 quam
265 835 343 897 latui
366 843 551 915 reputentur.
576 841 603 911 ¹)

242 922 421 999 „Dictioues
445 925 537 1004 igitur
560 945 635 1005 quas
659 926 726 988 misi
749 926 845 989 literis
869 929 1081 1007 transpositis,
1112 937 1145 990 et
1177 947 1253 1009 quae
1282 929 1326 992 sic
1350 930 1509 995 dicebant:

146 1013 252 1075 Haeo
276 1012 478 1076 immatura
502 1033 520 1075 a
543 1034 597 1076 me
616 1016 692 1095 jam
718 1015 864 1077 frustra
887 1017 1068 1096 leguntur
1090 1037 1117 1079 o.
1143 1038 1171 1099 y.
1203 1019 1345 1080 redactae
1369 1020 1399 1080 in
1423 1040 1509 1084 suum

147 1102 305 1177 ordinem,
337 1101 382 1163 sio
405 1110 533 1165 sonant:
574 1102 758 1187 Cynthiae
791 1106 934 1184 figuras
960 1107 1171 1168 aemulatur
1193 1115 1311 1169 mater
1339 1127 1508 1185 amorum,

147 1191 179 1254 id
202 1199 255 1253 111
278 1191 401 1253 Venus
425 1190 598 1256 imitatur
621 1193 766 1272 figuras
789 1196 923 1257 Lunae.

242 1279 341 1355 „Tres
364 1289 470 1343 noctes
494 1291 573 1355 sunt,
598 1301 664 1343 cum
688 1282 848 1344 observavi
872 1284 996 1361 eclipsin
1021 1283 1136 1355 Lunae,
1161 1284 1190 1345 in
1215 1303 1274 1364 qua
1296 1302 1356 1346 uon
1379 1285 1511 1350 occurrit

147 1367 288 1431 notabile
325 1368 487 1450 quippiam.
548 1372 766 1433 Tantummodo
801 1380 881 1433 meta
915 1373 1036 1433 umbrae
1073 1372 1270 1447 indistincta,
1310 1374 1436 1436 confusa
1477 1383 1511 1438 11

148 1457 245 1520 veluti
267 1458 445 1521 obnubilata
467 1460 625 1540 apperuit3
648 1480 741 1522 causa
764 1461 835 1542 quia
858 1461 1014 1541 consurgit
1036 1461 1141 1523 umbra
1163 1482 1182 1523 1
1206 1464 1310 1539 Τ1111,
1335 1462 1509 1544 longissime

147 1567 167 1608 a
189 1546 298 1609 Lunae
323 1566 457 1627 corpore.

240 1636 761 1716 ἱ,Η11111111111111111111111111,
785 1639 838 1700 sed
862 1638 1009 1718 impedior
1032 1658 1089 1718 quo
1113 1639 1211 1701 minus
1235 1640 1272 1701 de
1295 1638 1333 1700 iis
1357 1639 1506 1704 scribam“

147 1733 207 1787 stc.
247 1733 324 1796 11111.
345 1735 370 1786 a
391 1735 492 1787 1.]11.
514 1733 604 1797 1111.)
641 1728 796 1790 Hactenus
821 1726 988 1791 Galilaeus.

238 1811 321 1885 Quid
345 1835 441 1886 nunc,
472 1816 567 1878 amice
591 1817 705 1891 lector,
736 1836 773 1878 ex
796 1817 968 1897 perspicillo
992 1823 1094 1878 nostro
1119 1814 1289 1878 iaciemus?
1327 1835 1396 1878 num
1418 1817 1506 1880 Mer-

146 1902 222 1965 curii
245 1904 424 1978 caduceum,
448 1925 507 1986 qua
531 1906 600 1966 freti
624 1905 766 1984 liquidum
790 1914 943 1967 trauemus
967 1906 1092 1967 aethera
1115 1912 1147 1965 11
1170 1924 1237 1965 cum
1261 1905 1396 1967 Lucieno
1420 1906 1505 1968 colu-

147 1992 229 2054 uiam
253 1992 437 2055 deducamus
469 1996 499 2056 in
524 1994 675 2055 desertum
699 1995 879 2074 Hesperum,
914 1994 1098 2055 amoenitate
1130 1993 1260 2072 regionis
1292 1993 1411 2055 illecti?
1455 1994 1506 2055 An

150 2080 248 2161 magis
283 2082 429 2157 sagittam
459 2081 634 2163 Cupidinis,
673 2102 731 2162 qua
762 2102 817 2162 per
848 2085 952 2145 oculos
983 2084 1092 2162 illapsa
1124 2100 1208 2143 meus
1245 2082 1352 2144 intima
1385 2082 1508 2145 vulnere

148 2178 277 2249 accepto
308 2172 338 2233 11
364 2172 493 2234 Veneris
527 2190 658 2233 amorem
691 2173 895 2233 exardescat?
941 2173 1021 2233 Nam
1054 2170 1124 2251 quid
1157 2189 1213 2250 ego
1246 2188 1304 2232 nou
1339 2171 1436 2233 dicam
1470 2171 1507 2232 de

147 2258 320 2320 admirabili
344 2260 432 2340 hujus
456 2261 537 2340 globi
568 2260 807 2340 pulchritudine,
842 2262 869 2323 si
899 2261 1020 2342 proprio
1054 2261 1163 2322 lumine
1196 2279 1303 2321 carons
1334 2260 1398 2321 solo
1423 2258 1507 2322 Solis

146 2347 322 2410 mutuatitio
346 2349 455 2410 lumine
479 2351 507 2412 iu
531 2358 650 2411 tantum
673 2350 862 2429 splendorem
887 2351 992 2425 datur,
1017 2357 1161 2430 quantum
1184 2368 1241 2410 non
1265 2349 1359 2411 habet
1374 2346 1505 2428 Jupiter,

146 2455 205 2498 111
238 2436 330 2498 Luna
363 2439 482 2518 aequali
515 2458 616 2501 secum
652 2437 734 2500 Solis
771 2439 929 2501 vicinitate
966 2439 1119 2520 gaudens;
1156 2438 1241 2517 cujus
1274 2438 1373 2499 lumen
1409 2438 1435 2497 si
1468 2438 1508 2500 ad

147 2525 280 2586 Veneris
304 2525 403 2587 lumen
428 2536 625 2607 comparetur,
652 2528 748 2606 majus
773 2528 891 2608 quidem
915 2529 954 2590 ob
978 2536 1175 2609 apparentem
1199 2526 1332 2606 corporis
1352 2525 1506 2604 magnitu-

147 2614 249 2677 dinem
274 2621 309 2674 at
332 2616 432 2690 iners,
459 2626 607 2678 mortuum
641 2624 672 2676 et
696 2618 788 2678 veluti
811 2619 981 2696 plumbeum
1011 2617 1170 2678 videbitur.
1226 2613 1254 2677 Ο
1284 2634 1353 2676 vere
1384 2633 1507 2677 auream

147 2703 320 2777 Venerem
350 2705 544 2785 quisquamne
576 2705 727 2766 dubitabit
758 2707 904 2785 amplius,
939 2714 1035 2768 totum
1064 2706 1194 2767 Veneris
1227 2704 1348 2782 globum
1372 2722 1410 2765 ox
1432 2722 1506 2783 puro

145 2801 220 2872 puto
249 2812 324 2856 auro
348 2794 528 2873 politissima
560 2794 778 2855 fabrefactum:
816 2794 899 2872 cujus
933 2796 962 2856 in
987 2794 1058 2856 Sole
1090 2794 1191 2873 posita
1222 2793 1397 2872 superficies
1427 2793 1504 2854 adeo

146 2889 288 2960 vegetum
313 2883 447 2945 revibrat
470 2883 682 2963 splendorem?
722 2883 882 2946 Accedant
905 2903 983 2946 nunc
1005 2903 1073 2945 mea
1095 2881 1304 2963 experimenta
1326 2882 1363 2943 de
1387 2882 1505 2944 altera-

146 2969 199 3031 bili
235 2970 365 3033 Veneris
398 2973 507 3034 lumine
537 2973 577 3033 ad
607 2972 719 3033 uictum
750 2973 844 3048 oculi,
878 2991 954 3052 quae
983 2973 1012 3033 in
1040 2972 1256 3035 Astronomiae
1288 2978 1376 3050 parte
1404 2970 1507 3051 optica

146 3058 304 3121 reconem:
335 3060 414 3122 ratio
447 3062 520 3123 nihil
544 3060 625 3123 aliud
649 3061 790 3141 colligere
813 3062 927 3141 poterit
950 3062 1007 3123 nisi
1032 3062 1097 3136 hoc,
1124 3060 1254 3123 Veneris
1277 3060 1398 3122 stellam
1421 3058 1505 3139 rapi·

146 3146 276 3208 dissime
306 3149 463 3230 gyratione
497 3150 577 3212 circa
609 3170 694 3211 suum
729 3170 816 3212 axem
849 3151 1003 3224 convolvi,
1036 3150 1209 3212 differentes
1242 3169 1315 3211 suae
1338 3147 1505 3229 superficiei

145 3242 252 3314 partes
289 3244 322 3298 et
358 3237 477 3300 luminis
514 3237 631 3300 Solaris
667 3238 764 3300 minus
801 3239 958 3320 magisque
995 3238 1165 3319 receptivas
1202 3239 1278 3300 alias
1314 3247 1387 3318 post
1427 3237 1504 3300 alias

147 3323 361 3405 explicantem.

234 3414 338 3476 Lubet
361 3433 431 3477 vero
455 3416 548 3476 etiam
572 3416 792 3494 astrologorum
814 3436 881 3478 cum
905 3415 1061 3495 voluptate
1093 3414 1194 3477 mirari
1218 3413 1381 3490 solertiam,
1412 3414 1507 3494 quia

146 3509 192 3564 tot
209 3501 277 3582 jam
305 3504 415 3566 seculis
439 3505 628 3582 exploratum
652 3503 812 3579 habebant,
838 3524 958 3567 amores
982 3511 1013 3565 11
1037 3505 1135 3566 111111
1159 3503 1360 3578 amasiorum,
1385 3521 1504 3565 mores-

146 3609 201 3671 que
225 3599 259 3654 et
281 3591 403 3671 ingenia
425 3593 592 3654 amantium
615 3593 653 3654 ab
677 3594 733 3655 hac
758 3594 888 3656 Veneris
913 3594 1004 3655 stella
1028 3592 1198 3672 gubernari.
1246 3589 1373 3653 Scilicet
1399 3591 1502 3654 Venus

144 3688 274 3742 cornuta
296 3699 354 3741 non
378 3680 437 3756 sit,
472 3700 549 3761 quae
573 3691 620 3743 tot
643 3690 783 3743 cornutos
808 3683 942 3764 quotidie
970 3683 1082 3757 eflicit,
1117 3680 1234 3761 quoties
1268 3681 1308 3741 ad
1340 3687 1502 3759 exoptatos

145 3769 305 3849 amplexus
327 3789 396 3831 sese
420 3770 583 3831 demittens
607 3771 707 3832 subito
741 3789 778 3832 ex
810 3773 904 3834 oculis
933 3780 964 3835 et
987 3771 1081 3834 libero
1105 3777 1268 3848 conspectu
1291 3769 1422 3831 amantis
1444 3768 1501 3832 sub

144 3859 301 3921 fastuosos
324 3857 407 3920 Solis
430 3859 531 3922 radios
555 3860 700 3922 velutad
725 3861 850 3923 alterum
874 3862 970 3924 vimm
993 3859 1137 3933 recurrit,
1167 3859 1315 3921 frustrata
1336 3859 1503 3921 amantium

144 3945 324 4010 desideria?
369 3948 480 4010 Mirum
514 3949 652 4029 equidem
684 3957 761 4021 erat,
793 3951 945 4012 Venerem
977 3969 1035 4011 non
1067 3949 1165 4027 ipsam
1196 3948 1289 4010 etiam
1319 3955 1355 4010 ut
1385 3947 1502 4010 Lunam

141 4039 326 4099 1111111111
361 4056 428 4118 cum
452 4056 570 4099 amores
595 4038 724 4100 Venerei
749 4039 815 4100 sola
844 4048 876 4101 et
907 4038 997 4101 unica
1028 4037 1163 4118 pariendi
1186 4056 1280 4100 causa
1303 4037 1374 4100 siut
1420 4036 1501 4100 Ecce

139 4123 237 4205 igitur
260 4133 295 4187 11
318 4124 537 4188 formosissima
560 4127 731 4200 stellarum,
762 4129 895 4206 perfecto
919 4128 1028 4190 circulo
1052 4126 1098 4189 sui
1122 4135 1281 4208 aspectus.
1304 4125 1399 4188 veluti
1422 4145 1499 4205 quo·

137 4214 215 4276 dam
238 4213 324 4276 foetu
346 4223 465 4276 maturo
481 4215 628 4294 deposito,
652 4236 721 4278 sese
745 4216 888 4278 demittat
910 4216 949 4278 ad
973 4217 1064 4278 imum
1082 4216 1210 4300 epicyeli
1233 4216 1279 4277 sui
1302 4216 1399 4295 adque
1422 4213 1501 4276 vici-

135 4301 223 4366 niam
248 4301 379 4366 Telluris
403 4302 501 4365 inanis
525 4313 558 4365 et
579 4305 610 4366 in
633 4324 724 4366 cornu
747 4314 915 4381 attenuata,
939 4306 1035 4368 voluti
1057 4325 1153 4368 novae
1177 4305 1270 4384 prolis
1285 4302 1499 4384 concipiendae

131 4409 258 4464 caum
290 4398 323 4453 11
345 4400 505 4472 postquam
530 4390 595 4454 Soli
618 4396 761 4474 copulata
784 4394 884 4466 fuerit,
906 4395 976 4477 ipsa
997 4394 1063 4457 Soli
1086 4395 1180 4456 veluti
1204 4394 1268 4455 viro
1291 4411 1345 4454 suo
1364 4389 1498 4454 inferiori

133 4479 209 4543 loco
233 4498 302 4540 1111
325 4480 499 4559 subjiciens,
524 4490 557 4543 ut
580 4483 639 4544 1111
661 4502 726 4545 mos
749 4491 781 4544 et
803 4492 913 4546 natura
935 4484 1129 4558 feminarum,
1158 4482 1267 4543 exinde
1290 4480 1436 4560 paulatim
1459 4497 1498 4542 ex

130 4569 241 4632 altero
266 4567 363 4631 latere
385 4588 454 4631 sese
478 4589 594 4632 mrsum
618 4573 708 4633 tollat
730 4572 759 4633 11
784 4573 888 4646 altum,
913 4580 945 4634 et
968 4573 1064 4651 magis
1087 4579 1179 4650 atque
1202 4570 1300 4649 magis
1321 4569 1415 4631 veluti
1438 4568 1497 4629 im-

129 4664 314 4736 praegnata
345 4658 547 4733 intumescat3
581 4660 675 4721 donec
709 4660 823 4722 decimo
855 4681 957 4724 mense
989 4682 1007 4722 1
1035 4659 1229 4738 conceptione
1262 4660 1395 4732 (tantum
1419 4656 1499 4718 euim

128 4746 233 4824 plano
256 4744 385 4808 interest
408 4745 488 4809 iuter
510 4748 598 4810 binas
622 4749 846 4828 conjunctiones
871 4748 911 4826 Θ
937 4758 968 4811 11
994 4750 1035 4826 Ω)
1063 4750 1184 4829 plenum
1207 4756 1343 4820 uterum,
1376 4745 1497 4826 plenum

127 4831 263 4914 inquam
296 4841 440 4914 aspectus
480 4837 526 4899 sni
566 4838 706 4899 circulum
747 4838 778 4899 in
814 4840 1018 4901 summitatem
1052 4836 1177 4919 epicycli
1215 4853 1362 4917 supraque
1394 4832 1499 4895 Solem

131 4921 276 4984 adducat
308 4923 394 5004 eique
427 4943 543 4987 rursum
576 4927 739 5006 conjuncta
773 4927 867 4988 veluti
899 4929 1028 5009 genuino
1060 4925 1141 5008 patri
1174 4926 1286 4990 foetum
1320 4943 1407 4987 suum
1439 4924 1498 4988 do.

132 5027 223 5074 muru
244 5010 370 5080 1111111.

220 5113 399 5169 mon
413 5117 441 5161 a
1252 5115 1289 5182 11
