3692 5842
569 491 656 543 literae
674 480 777 556 Kepleri
795 490 946 562 aliorumque
963 456 1074 543 mutnus.
1138 519 1141 524 ·
1433 493 1497 563 787

232 666 284 731 Sic
307 669 398 746 igitur
421 669 471 732 ille
497 670 546 732 iol.
571 666 632 732 5⁴1:
655 679 847 753 ,Dicamquid
861 681 988 752 amplius,
1010 681 1132 750 ejusdem
1153 685 1272 736 naturae
1287 699 1376 738 rerum
1398 683 1496 759 benig·

143 759 261 815 uitatem
280 762 326 815 rel
353 773 444 815 exeo
475 760 602 833 agnosci,
632 762 703 831 quod
724 762 758 814 ad
785 778 834 814 nos
865 762 1027 815 erudiendos
1057 763 1191 815 maculam
1212 762 1241 816 iu
1259 762 1325 817 Sole
1347 764 1502 835 aliquando'

143 839 280 895 excitavit
299 843 370 896 adeo
391 858 521 913 magnam
541 848 571 895 et
591 840 747 904 obscuram,
768 849 801 894 ut
821 843 893 895 nudo
914 850 944 896 et
964 841 1079 911 simplici
1106 843 1189 897 etiam
1210 842 1272 914 visu
1293 844 1416 899 naturali
1435 846 1497 902 visa
1529 859 1533 868 “

141 921 195 976 illa
214 920 252 975 sit
271 923 309 976 ab
323 922 476 977 hominibus
498 937 578 993 quam
598 920 731 990 plurimis.
760 922 862 975 Verum
881 921 975 975 effecit
995 921 1152 977 inveterata
1166 921 1216 977 illa
1236 925 1284 977 sed
1299 924 1372 979 falsa
1392 925 1494 995 opinio,

143 1002 216 1073 quod
236 1018 354 1071 corpora
373 1002 507 1058 coelestia
527 1001 583 1056 sint
603 1002 640 1055 ab
654 1001 777 1054 omnibus
799 1002 1012 1057 alterationibus
1033 1002 1284 1073 mutationibusque
1305 1004 1443 1068 immunia,
1464 1013 1497 1061 ut

142 1082 288 1137 crederent
307 1083 438 1146 homines,
461 1083 627 1154 maculam
649 1081 726 1136 illam
747 1081 832 1135 fuisse
853 1082 1065 1138 Mercurium
1084 1083 1159 1136 iuter
1178 1081 1270 1137 Solem
1291 1090 1321 1137 et
1340 1101 1389 1138 nos
1411 1086 1496 1140 inter·

141 1162 278 1233 pesitum:
308 1163 389 1234 idque
410 1180 471 1218 non
489 1162 598 1218 minimo
627 1168 844 1216 astronomorum
864 1163 926 1230 ejus
955 1163 1060 1218 aetatis
1085 1165 1145 1217 cirin
1170 1162 1299 1218 ludibrio.
1339 1164 1498 1234 Cuiusmodi

141 1235 253 1298 macula
271 1244 369 1313 procul
389 1243 471 1297 dubio
492 1242 546 1297 fuit
565 1243 623 1305 illa,
644 1242 724 1310 cvqjus
745 1244 846 1309 mentio
868 1244 946 1297 iacta
965 1243 994 1297 in
1011 1243 1166 1298 Annalibus
1187 1243 1334 1308 Francicis,
1356 1246 1497 1316 impressis

140 1322 257 1380 Parisiis
288 1341 325 1378 ex
351 1323 523 1378 bibliotheca
541 1324 573 1377 Ρ.
596 1321 706 1376 Pithoei
730 1322 750 1378 1.
772 1323 801 1379 C.
832 1335 905 1377 anno
938 1322 1029 1386 1588:
1061 1323 1113 1390 ubi,
1137 1324 1165 1378 in
1191 1322 1259 1380 Vita
1287 1325 1379 1380 Caroli
1399 1327 1497 1398 Magni

142 1402 270 1476 legimus,
291 1421 343 1474 per
362 1412 425 1457 octo
445 1404 504 1458 dies
524 1402 776 1457 continuosvisam
797 1405 932 1475 apopulo
947 1402 1076 1458 Francico
1096 1404 1232 1459 maculam
1253 1404 1359 1478 nigrum
1380 1404 1408 1460 in
1423 1407 1497 1461 disco

141 1481 243 1547 Solari,
265 1483 343 1553 cujus
364 1483 506 1554 ingressus
528 1490 557 1537 et
577 1482 670 1537 exitus
692 1483 834 1548 observari
854 1502 909 1538 non
930 1477 1054 1554 potuerit
1075 1485 1110 1537 ob
1126 1483 1347 1555 impedimentum
1367 1477 1496 1564 nubium}

141 1563 250 1629 credita
270 1570 364 1618 sutem
384 1564 438 1618 fuit
451 1582 518 1619 ¹esse
537 1563 690 1618 Mercurius
711 1571 777 1618 tunc
796 1564 854 1619 Soli
876 1562 1047 1633 conjunctus.
1076 1563 1181 1619 Nimius
1202 1563 1246 1618 hic
1266 1571 1343 1619 erroi·
1363 1573 1415 1631 est,
1437 1583 1497 1623 cum

141 1663 198 1701 aon
218 1644 308 1714 possit
328 1641 480 1699 Mercurius
501 1645 530 1699 in
550 1644 614 1699 Sole
635 1645 736 1698 morari
757 1652 864 1715 septem
886 1645 977 1707 horas,
1000 1651 1032 1697 ut
1053 1643 1108 1698 lert
1127 1643 1189 1714 ejus
1211 1646 1346 1719 analogia
1365 1654 1496 1711 motuum,

141 1743 197 1799 quo
218 1732 341 1794 tempore
371 1725 490 1797 contigit
520 1725 597 1779 illum
628 1725 700 1779 inter
720 1725 812 1779 Solem
837 1732 867 1779 et
886 1742 936 1778 nos
963 1724 1155 1779 intercurrere.
1200 1726 1291 1788 Quare
1319 1732 1424 1782 certum
1444 1734 1497 1794 est,

141 1806 352 1879 phaenomenori
372 1806 426 1861 boc
446 1806 531 1860 tbisse
551 1822 635 1859 uuam
655 1822 693 1859 ex
706 1806 820 1859 maculis
841 1804 1031 1875 magnitudine
1052 1810 1082 1859 et
1095 1805 1266 1882 obscuritate
1287 1805 1497 1879 insignioribus:

114 1908 116 1913 ·
142 1885 295 1955 eujusmodi
315 1901 397 1955 porro
419 1903 525 1958 quoqne
546 1892 664 1955 possunt
688 1885 810 1939 existere
832 1887 914 1940 certis
936 1885 1119 1956 temporibus,
1139 1892 1172 1944 ¹et
1192 1887 1279 1951 forte,
1305 1887 1329 1940 si
1349 1887 1499 1959 diligenter

143 1964 384 2022 observationibus
412 1966 628 2029 incubuerimus‚
658 1966 734 2019 brevi
762 1967 848 2024 talem
873 1966 993 2037 aliquam
1020 1966 1218 2035 deprehensuri
1246 1982 1347 2022 sumus.
1396 1968 1498 2030 Quodsi

142 2050 197 2103 hcc
216 2048 385 2102 maculamus
406 2046 543 2101 Solarium
570 2048 710 2101 inventum
731 2045 838 2117 aliquot
863 2047 942 2100 annis
967 2045 1101 2102 maturius
1130 2046 1335 2112 habuissemus,
1356 2047 1497 2118 Keplerus

142 2129 241 2184 labore
262 2127 311 2181 illo
332 2145 383 2182 suo
404 2127 544 2192 sublevari
560 2128 699 2198 potuisset
719 2127 920 2197 interpretandi
940 2127 1121 2197 salvandique
1143 2128 1231 2181 locum
1244 2127 1318 2182 bunc
1338 2144 1389 2198 per
1408 2135 1498 2184 muta·

140 2209 245 2264 tionem
266 2213 362 2263 textus
383 2208 509 2279 aliasque
531 2215 684 2278 temporum
703 2208 924 2270 emendationes,
947 2210 980 2259 de
1001 2207 1099 2278 quibus
1119 2207 1165 2260 hic
1190 2207 1315 2278 pluribus
1337 2224 1422 2279 agere
1443 2227 1499 2264 uon

141 2293 189 2345 est
204 2288 329 2343 instituti
349 2290 420 2351 mei:
442 2296 534 2343 certus
556 2294 648 2343 autem
668 2304 736 2351 sum,
758 2295 898 2342 auctorem
919 2288 998 2342 illum
1017 2294 1051 2342 ut
1069 2304 1164 2342 verum
1185 2287 1380 2358 philosophum
1400 2296 1430 2342 et
1450 2289 1497 2360 qui
1543 2283 1546 2292 ’

140 2371 228 2425 rebus
247 2368 400 2424 manifestis
421 2386 452 2423 se
473 2384 612 2438 opponere
632 2385 687 2422 non
707 2368 807 2431 soleat,
828 2369 945 2439 primurn
964 2374 1048 2439 utque
1069 2367 1120 2420 bas
1143 2383 1218 2423 meas
1239 2368 1447 2423 observationes
1468 2375 1498 2425 et

141 2450 294 2505 discursum
314 2449 422 2513 viderit,
444 2450 555 2519 plenum
576 2447 642 2504 mihi
662 2462 805 2502 assensum
825 2449 1043 2519 praebiturum.“
1305 2461 1309 2466 ·

232 2547 268 2608 In
292 2546 354 2608 alia
377 2545 507 2625 epistola
529 2544 581 2606 iol.
612 2542 681 2607 112-
696 2544 830 2624 ejusdem
854 2544 942 2607 libri:

235 2637 331 2701 ,Quod
357 2636 508 2691 Mercurius
530 2653 549 2691 a
568 2634 682 2689 diversis
709 2635 846 2690 subdole
873 2636 911 2691 sit
930 2636 1017 2698 visus,
1037 2634 1063 2690 id
1085 2640 1115 2687 et
1135 2633 1335 2689 dubitationem
1362 2634 1449 2689 habet
1468 2643 1500 2692 et
1566 2699 1569 2704 ¹
1667 2689 1670 2693 1

142 2722 180 2774 sd
200 2717 517 2779 incredibilia'inclinat,
541 2723 573 2769 ut
593 2716 622 2770 in
642 2716 820 2786 praecedenti
845 2717 967 2787 epistola
992 2715 1097 2785 scripsi
1138 2716 1178 2769 Et
1198 2716 1269 2788 quod
1290 2716 1325 2769 ad
1345 2713 1500 2786 Keplerum

141 2799 182 2854 ibi
203 2799 331 2862 citatum,
363 2815 398 2851 ne
419 2797 556 2853 minimum
576 2796 684 2868 quidem
705 2798 814 2862 dubito,
845 2799 910 2868 quin
931 2814 981 2867 pro
1011 2794 1115 2868 ingenii
1137 2812 1244 2850 summa
1271 2795 1496 2865 perspicacitate,

142 2880 293 2950 conjuncta
322 2896 383 2935 cum
411 2878 543 2933 libertate
574 2885 604 2932 ct
633 2878 760 2932 veritatis
790 2894 870 2950 quam
899 2876 1072 2948 propriarum
1103 2875 1260 2945 opinionum
1290 2892 1382 2929 amore
1410 2877 1497 2949 longe

141 2959 265 3032 majore,
289 2957 361 3028 jam'
376 2976 458 3030 porro
484 2958 722 3028 persuasissimum
746 2959 868 3021 babeat,
895 2958 1034 3028 nigrorem
1060 2957 1138 3011 illum
1158 2956 1187 3009 in
1207 2955 1273 3010 Sole
1297 2955 1384 3011 visum
1411 2956 1497 3013 fuisse

141 3058 226 3098 unam
246 3058 284 3095 ex
304 3040 433 3103 maculis,
454 3039 674 3109 conjunctionem
699 3056 764 3093 vero
785 3037 913 3093 Mercurii
941 3033 1086 3093 cum'Sole
1115 3035 1287 3094 occasionem
1308 3036 1396 3091 solum
1416 3054 1498 3108 prae·

140 3115 237 3178 buisse
258 3119 444 3183 observationi
466 3118 635 3191 diligentiori
656 3126 686 3172 et
699 3119 881 3173 accuratiori:
903 3136 959 3190 qua
972 3117 1119 3189 diligentia
1139 3116 1266 3172 adhibita
1286 3116 1371 3171 rideri
1390 3118 1497 3189 potuis·

142 3209 208 3260 seut
227 3202 311 3256 etiam
337 3200 399 3255 aliis
427 3200 537 3264 diebus,
567 3201 788 3269 quemadmodum
814 3217 852 3254 ex
875 3197 928 3253 b'oc
948 3199 976 3254 'm
997 3205 1138 3269 posterum
1165 3196 1385 3268 frequentissime
1412 3197 1498 3254 videri

141 3288 285 3359 poterunt,
302 3281 417 3351 jamque
437 3280 561 3350 plurimis
583 3279 713 3334 videndas
735 3279 876 3335 exhibui‘·
1601 3349 1607 3356 .

233 3379 318 3441 Haec
341 3377 392 3438 ille
417 3396 494 3439 anno
522 3371 615 3440 1612.
653 3375 703 3437 Ad
729 3393 804 3455 quae
828 3375 899 3457 qnid
922 3373 1171 3455 respondendnm,
1197 3372 1324 3453 quidque
1347 3372 1378 3433 in
1402 3371 1498 3436 literis

144 3473 204 3536 hac
227 3469 265 3531 de
289 3486 322 3530 re
347 3467 385 3527 ad
409 3466 507 3545 ipsum
540 3464 660 3544 scriptis
693 3464 914 3544 responderim,
947 3465 1041 3524 lector
1064 3463 1153 3525 facile
1178 3482 1215 3523 en
1241 3461 1374 3542 proxime
1407 3458 1498 3541 p'rae-

150 3559 252 3624 missis
275 3554 407 3617 numeris
430 3560 493 3624 (vid.
511 3575 586 3626 supra
604 3567 630 3611 e:
648 3561 705 3626 ops.
725 3578 749 3626 p.
771 3558 821 3610 tot
834 3559 879 3622 ss.)
904 3552 1051 3631 conjicere
1075 3552 1195 3631 poterit.

231 3647 333 3697 Literae
358 3659 420 3709 quas
443 3643 506 3693 dicit
523 3642 645 3708 Keplerus
665 3643 698 3692 ad
717 3642 854 3693 Galilaenm
879 3643 983 3707 scriptas
1007 3640 1089 3691 nullae
1114 3640 1145 3690 de
1163 3640 1212 3690 bac
1229 3639 1335 3688 materia
1358 3643 1499 3703 supersunt,

142 3733 224 3785 nsque
253 3720 279 3768 in
310 3714 493 3765 collectionibus
522 3717 743 3778 manuscriptorum
772 3714 950 3764 Viennensium
973 3712 1257 3776 Petropolitanerumqne
1287 3723 1367 3774 nequa
1384 3707 1419 3759 ‘in
1446 3709 1498 3759 edi·

142 3794 211 3843 tione
242 3803 341 3854 opernm
369 3786 474 3836 Galilaei
497 3787 646 3836 Florentina
689 3784 795 3835 Omnino
821 3785 852 3835 ab
880 3799 946 3835 anno
975 3780 1052 3832 11111.
1079 3784 1112 3833 ad
1133 3780 1208 3831 tite.
1236 3781 1359 3846 Koplerus
1387 3780 1499 3832 Galilaeo

141 3863 225 3916 nullas
252 3860 348 3911 dedisse
376 3859 471 3909 ridetur
498 3858 590 3907 literas.
628 3857 727 3908 literae
746 3857 851 3907 Galilaei
875 3857 907 3907 ad
930 3854 1057 3905 labanum
1081 3854 1191 3905 Medicas
1216 3854 1293 3910 datae
1310 3849 1408 3913 (1.,23.
1428 3852 1496 3903 Junil

145 3927 236 3995 titt),
256 3945 320 3997 quae
338 3929 511 3993 manuscriptis
529 3930 613 3978 insunt
625 3927 806 3978 Viennensibus
820 3923 1129 4003 (Hanschiusp3100s.),
1149 3927 1238 3976 unicae
1256 3924 1352 3975 iliorum
1369 3938 1497 3981 annuum,

141 4007 208 4057 baed
224 4003 334 4054 habam:
355 4000 411 4059 ,dal
430 4000 488 4065 qual
507 3998 533 4049 S.
553 3999 661 4064 Keplsro
680 4014 693 4048 e
712 4014 773 4064 gran
792 4007 892 4064 tempo,
918 3997 964 4048 che
982 4012 1031 4047 nou
1049 3997 1082 4047 hb
1100 4012 1182 4048 nuova
1200 3997 1308 4055 alcuna,
1328 3993 1343 4045 δ
1361 4010 1496 4060 suppengc,

143 4077 191 4130 ulra
208 4076 218 4126 i
236 4073 334 4125 tumulti
351 4073 446 4137 passati
465 4086 497 4121 ne
515 4072 585 4121 siano
603 4071 662 4121 stati
681 4072 784 4135 cegione
798 4068 861 4121 dte.“
881 4071 968 4135 quibus
985 4070 1065 4119 verbis
1082 4075 1188 4120 testatur
1205 4069 1258 4132 ipss
1277 4066 1403 4117 Gulilseus
1422 4067 1497 4115 iuter·

111 4143 115 4156 '
142 4149 245 4200 urbm
263 4143 466 4196 cousuetudinem
485 4143 569 4192 literas
587 4143 662 4193 dmdi
681 4143 861 4207 recipiendique
879 4144 945 4192 inter
965 4141 1043 4205 ipsum
1062 4146 1090 4191 et
1106 4140 1250 4204 Keplerum.

232 4225 272 4276 Jo.
292 4224 398 4290 Georgio
417 4224 609 4288 Brenggero
626 4238 677 4273 rem
695 4222 818 4286 Keplerns
836 4223 966 4274 nunciavit
986 4223 1155 4271 transmittens
1173 4219 1208 4269 illi
1226 4218 1333 4268 libellum
1352 4216 1383 4267 de
1402 4221 1500 4268 cometa

143 4300 205 4352 anm
225 4291 302 4353 1107,
320 4296 409 4360 illeque
428 4294 522 4354 ,Nouis
539 4294 640 4344 Martii“
662 4307 686 4344 a.
703 4291 777 4344 1608.
797 4295 860 4345 baec
877 4295 1007 4368 rescripsit,
1027 4294 1160 4356 respiciens
1178 4291 1213 4340 ad
1229 4289 1293 4339 illius
1311 4287 1387 4338 libelli
1405 4300 1498 4351 eppen-

143 4370 233 4430 dicem,
251 4370 278 4419 tn
295 4381 345 4433 qus
362 4367 486 4432 Keplerus
504 4365 614 4428 ejusdem
630 4367 780 4417 mentionem
798 4366 858 4418 tecit
876 4365 1065 4416 observationis:
1083 4363 1112 4413 Id
1128 4363 1230 4413 tandem
1248 4362 1336 4410 mirum
1353 4360 1379 4409 in
1396 4358 1497 4411 modum

142 4457 184 4494 ms
203 4440 301 4496 effecit,
328 4439 394 4504 quod
418 4438 549 4499 addidisti,
575 4437 674 4487 stellam
692 4436 807 4487 Mercurii
831 4438 939 4508 interdiu
957 4438 1001 4486 sub
1025 4437 1077 4500 ipso
1096 4429 1176 4485 Solari
1199 4433 1271 4499 globo
1289 4445 1306 4481 a
1323 4430 1360 4481 Te
1378 4432 1455 4481 risam
1471 4432 1499 4480 in

143 4526 246 4578 canen
262 4512 424 4562 tenebricosa.
463 4509 635 4559 Gratissimum
653 4508 712 4557 mibi
731 4509 832 4571 recens,
857 4511 878 4559 si
897 4509 930 4559 sd
947 4522 987 4558 mo
1014 4507 1190 4570 perscripserit,
1209 4503 1287 4567 qualis
1306 4503 1455 4567 apparuerit,
1474 4508 1501 4552 et

143 4584 267 4654 quomodo
287 4582 402 4636 Mercurii
429 4595 514 4645 corpus
533 4594 549 4630 a
567 4578 647 4629 Solari
672 4581 810 4632 discernere
837 4582 960 4645 potueris,
984 4580 1043 4628 item
1062 4593 1094 4628 an
1113 4579 1157 4628 tibi
1175 4577 1249 4626 tuerit
1266 4574 1298 4625 ad
1322 4576 1446 4625 sinistram
1465 4588 1500 4623 au

143 4656 210 4709 Soli:
229 4657 277 4705 imo
295 4654 342 4704 nisi
361 4653 490 4703 molestum
508 4653 541 4701 sit
558 4666 624 4716 rogo,
644 4658 672 4700 ut
690 4651 794 4716 figuram
813 4653 974 4717 apparentiae
992 4653 1017 4699 in
1035 4650 1123 4700 charta
1141 4647 1290 4699 delineatam
1311 4645 1343 4695 ad
1354 4660 1394 4695 me
1407 4645 1497 4694 mittas.

143 4729 192 4780 Est
208 4727 272 4779 haec
291 4726 427 4776 observatio
446 4731 534 4774 notatu
557 4723 708 4789 dignissima
745 4723 778 4785 (E
796 4723 887 4781 literis,
912 4738 1014 4789 quarum
1038 4721 1156 4785 potiorem
1174 4728 1270 4784 partem
1287 4718 1454 4782 proposuimus
1471 4717 1498 4766 in

161 4800 226 4855 raet.
245 4800 278 4852 ad
296 4796 354 4861 occ
372 4812 397 4861 p.
417 4793 451 4844 60
470 4793 518 4856 ss.)
984 4799 988 4806 ·

143 4817 160 4869 p
234 4879 275 4930 Ad
296 4878 359 4928 hsce
383 4876 552 4942 Replerns:
571 4868 617 4930 De
641 4867 757 4929 macula
781 4866 810 4929 in
835 4866 917 4930 Sole.
963 4866 1040 4927 Erat
1062 4864 1198 4943 utrinque
1223 4883 1242 4924 a
1264 4868 1350 4941 parte
1374 4858 1498 4921 sinistra

145 4971 210 5026 tam
232 4960 263 5022 iu
286 4958 380 5033 radio,
406 4978 495 5038 quam
518 4959 549 5020 in
573 4959 671 5032 coelo;
696 4958 725 5019 in
743 4958 828 5020 radio
844 4977 914 5019 vero
934 4956 1020 5029 inira,
1044 4955 1074 5016 in
1089 4954 1173 5014 coelo
1197 4970 1295 5030 supra.
1334 4948 1498 5012 Schemate

144 5052 231 5114 vities
253 5055 354 5120 (eadem
373 5056 443 5108 addit
459 5056 583 5122 Keplcrcs
600 5056 738 5115 schemata,
757 5069 820 5120 quse
839 5054 939 5104 exhibet
956 5054 1009 5117 ipse
1026 5050 1130 5103 libellus.
1166 5049 1256 5113 lictori
1274 5047 1421 5112 sdscdpsit:
1439 5044 1497 5097 lion

1230 5142 1286 5195 50·

416 5251 434 5296 s
