3692 5842
350 443 418 527 Ἀθ
820 459 1015 524 Paralipomsna
1030 458 1058 510 ln
1074 457 1242 512 vitellianum

349 636 463 702 caloris
484 655 577 699 sensu
600 643 633 697 et
655 636 682 697 si
705 653 764 698 non
786 635 818 696 in
842 644 994 696 momento
1017 635 1093 698 visio
1115 636 1324 716 perficeretur,
1357 635 1520 702 crederem.
1566 634 1614 698 At
1633 651 1711 698 nunc

352 728 404 790 lux
425 731 458 786 et
487 724 618 798 colores,
650 724 769 786 minime
798 742 872 784 sane
900 723 1116 787 calefacientes
1149 732 1183 787 et
1209 730 1363 786 momento
1389 724 1510 788 oculum
1541 724 1710 803 ingresus,

349 816 439 895 louge
466 824 537 875 suut
566 813 748 886 subtiliores,
773 831 862 892 quam
884 819 920 873 ut
942 833 962 872 a
984 832 1130 892 corporee
1158 813 1260 875 tunica
1291 811 1495 892 percipiantur
1520 812 1580 876 sub
1607 821 1710 875 taetre

350 903 479 965 ratione.
512 901 592 963 Vide
616 920 692 982 quae
715 900 815 980 capite
837 900 933 980 primo
958 900 995 962 de
1019 910 1101 964 motu
1124 901 1328 964 immateriato
1350 900 1427 964 lucie
1441 900 1709 982 disputaverimu-

347 990 417 1053 Non
440 990 545 1071 itaque
567 990 669 1052 tunica
692 1009 729 1051 ac
751 1007 788 1050 ne
811 1007 922 1050 nervus
945 990 1082 1069 quidem,
1108 991 1162 1052 sed
1185 990 1324 1069 spiritns,
1357 990 1416 1053 imo
1439 990 1556 1070 aliquid
1578 990 1709 1052 tumere

349 1078 481 1141 divinius
511 1087 574 1152 est,
607 1078 687 1158 quod
714 1077 810 1139 luceru
838 1078 967 1157 suscipit
994 1087 1026 1140 et
1057 1078 1266 1158 persentiscit,
1296 1079 1375 1158 quod
1405 1097 1502 1158 supra
1526 1078 1642 1158 negavi
1671 1077 1710 1139 ab

349 1167 460 1248 opticis
482 1166 659 1246 investigari
683 1184 784 1246 posse.
818 1167 897 1227 Nam
921 1166 1031 1228 ibidem
1055 1174 1087 1228 et
1110 1168 1166 1229 hoc
1188 1167 1353 1229 refutatum
1376 1176 1434 1242 eet,
1458 1165 1579 1247 specior
1601 1166 1708 1229 iubae-

349 1274 468 1319 rescere
491 1264 544 1318 aut
566 1254 695 1336 imprimi
718 1254 901 1316 humoribus.

438 1343 510 1406 Jaru
533 1346 612 1426 quod
644 1343 833 1405 simulacrum
872 1361 956 1404 suum
992 1342 1119 1406 Vitellio
1148 1342 1261 1405 format
1292 1341 1369 1405 solis
1397 1340 1708 1422 perpendicularibur,

349 1433 479 1495 immane
515 1452 606 1515 quam
638 1430 792 1494 subtiliter
823 1431 991 1509 distinguat
1021 1432 1101 1494 iuter
1132 1431 1398 1511 perpendiculares
1428 1430 1552 1512 illisque
1588 1428 1707 1492 omnino

348 1522 512 1602 proximas.
550 1521 585 1584 Si
607 1521 660 1583 lux
682 1520 747 1598 agit
769 1520 799 1581 in
823 1538 945 1590 sensum
969 1528 1001 1580 et
1024 1539 1131 1582 sensus
1155 1520 1212 1582 hac
1236 1521 1355 1582 actione
1377 1519 1503 1599 patitur,
1524 1537 1584 1601 pro
1602 1517 1707 1582 robore

350 1610 444 1690 igitur
467 1610 596 1672 actionis
624 1610 759 1688 graviter
785 1608 851 1687 ipse
880 1615 912 1669 et
939 1609 1082 1687 patietur.
1129 1608 1225 1688 Atqui
1252 1627 1329 1688 pene
1357 1607 1433 1670 nihil
1463 1608 1610 1672 differunt
1636 1607 1706 1670 illo-

349 1700 475 1761 etrando
506 1698 767 1778 perpendiculares
799 1704 832 1757 et
862 1696 923 1758 illis
953 1697 1122 1775 proximae,
1152 1714 1190 1757 eo
1212 1698 1292 1776 quod
1315 1715 1392 1776 pene
1414 1697 1488 1759 nihil
1510 1696 1571 1758 hae
1598 1695 1706 1760 refrin-

348 1794 469 1867 gantur.
513 1787 660 1866 Aequalis
683 1786 776 1864 igitur
796 1803 874 1864 pene
897 1786 1018 1864 passio,
1051 1785 1082 1846 id
1106 1793 1154 1846 est
1177 1785 1277 1847 sensio
1301 1784 1592 1865 perpendicularium
1615 1792 1651 1846 et
1671 1783 1707 1846 iis

347 1875 562 1955 proximarum.
609 1872 746 1936 Confusa
768 1872 871 1954 itaque
894 1873 1006 1947 sensio,
1033 1875 1145 1936 frustra
1167 1872 1325 1935 laborante
1340 1873 1516 1936 Vitellione.
1549 1871 1615 1935 Sed
1634 1871 1706 1934 nibil

346 1962 448 2026 verbis
472 1981 556 2044 opus.
602 1963 849 2023 Demonstratum
874 1971 923 2023 est
945 1961 1112 2023 rationibus
1136 1968 1168 2022 et
1190 1961 1403 2041 experimentis
1424 1961 1617 2035 certissimis,
1639 1962 1706 2039 pie·

346 2059 446 2115 turam
470 2052 512 2114 rei
537 2070 590 2113 seu
623 2050 836 2131 hemisphaerii
869 2051 963 2111 statui
993 2049 1031 2111 ad
1063 2068 1169 2111 cavum
1196 2049 1343 2129 parietem
1375 2049 1553 2123 retiformie,
1585 2048 1706 2111 sublata

345 2139 436 2220 plane
459 2139 633 2201 confusione
656 2139 735 2199 omni
758 2138 919 2200 radiorum.
962 2136 1086 2199 Certum
1110 2138 1216 2199 deiude
1240 2146 1304 2213 est,
1328 2139 1489 2201 multorum
1509 2138 1706 2218 aspectabilis

348 2227 562 2308 hemisphaerii
585 2236 761 2306 punctorum
786 2227 888 2288 radios
911 2227 1061 2287 confluere
1084 2227 1113 2287 in
1137 2245 1226 2288 unum
1240 2226 1407 2308 crystallini
1421 2235 1578 2307 puuctum.
1609 2227 1705 2290 Deni-

350 2335 406 2397 que
429 2336 521 2378 sensu
543 2324 640 2396 patet,
664 2315 776 2378 idolum
799 2334 853 2376 seu
877 2314 1037 2395 imaginem
1060 2315 1279 2378 contrastantis
1293 2334 1439 2396 apparere
1462 2316 1492 2378 in
1516 2315 1605 2397 nigro
1619 2316 1705 2379 oculi.

349 2404 540 2467 Democritus
565 2404 656 2483 igitur
678 2403 855 2484 antiquitus,
879 2412 913 2465 ut
937 2411 985 2465 est
1008 2404 1086 2483 apud
1102 2402 1300 2466 Aristotelem
1324 2405 1361 2466 de
1375 2402 1572 2466 sensibilibus
1592 2401 1705 2485 cap.2,

347 2492 495 2555 visionem
516 2493 582 2554 fieri
605 2491 683 2553 dixit
703 2511 759 2572 per
782 2493 858 2554 hanc
882 2492 1043 2571 imaginem
1066 2511 1119 2554 seu
1142 2491 1264 2554 idolum.
1297 2492 1426 2555 Vitellio
1449 2493 1535 2568 dixit,
1561 2492 1705 2556 visionem

347 2580 413 2644 deri
434 2598 491 2661 per
518 2582 675 2643 confusam
704 2580 937 2643 illustrationem
965 2580 1142 2662 crystallini.
1189 2580 1257 2661 Ego
1282 2581 1363 2656 dico,
1386 2580 1534 2643 visionem
1566 2581 1633 2645 beri
1655 2601 1706 2663 per

349 2669 428 2732 benc
458 2669 629 2731 confessam
661 2676 693 2731 et
721 2669 833 2731 invicte
866 2669 1103 2731 demonstratam
1134 2669 1292 2749 picturam.
1339 2668 1453 2744 Omnes
1475 2677 1541 2732 tres
1563 2671 1705 2752 supposi-

349 2758 449 2820 tiones
472 2766 575 2820 certae
598 2765 687 2831 eunt;
719 2758 867 2820 incertum
895 2758 921 2819 si
950 2758 1005 2819 tibi
1038 2767 1104 2828 est,
1132 2777 1263 2837 quanam
1291 2777 1329 2820 ex
1352 2758 1400 2821 bis
1421 2758 1599 2838 perficiatur
1620 2760 1706 2835 risio,

348 2864 475 2927 sequere
490 2846 665 2927 quamlibet,
689 2845 856 2908 rationibus
879 2854 980 2907 manen
1005 2844 1125 2908 auditis.
1158 2846 1363 2910 Democritum
1385 2847 1505 2927 quidem
1518 2848 1706 2913 Aristotelea

348 2935 503 3011 refutavit,
527 2953 662 3009 monens,
685 2953 744 2997 non
768 2953 836 2996 esse
858 2934 971 2996 idolum
995 2935 1026 2995 id
1049 2953 1112 2995 rem
1127 2936 1270 3016 aliquam,
1294 2936 1349 2997 sed
1370 2932 1509 3013 ὅμφασεε,
1531 2936 1704 3018 imaginem,

349 3024 437 3085 utin
461 3023 649 3104 catoptricis,
675 3041 732 3084 uon
747 3023 904 3103 picturam,
930 3041 985 3084 nec
1009 3042 1077 3085 esse
1100 3028 1202 3094 sadoc
1226 3024 1304 3086 oculi
1327 3025 1356 3086 in
1380 3043 1440 3105 quo
1458 3025 1560 3088 inesse
1574 3035 1707 3107 putetur,

349 3111 404 3173 sed
437 3112 514 3174 oculi
545 3113 638 3191 positi
667 3121 773 3173 contra
800 3112 879 3173 hunc
912 3111 1029 3173 oculum
1058 3120 1090 3173 et
1122 3132 1190 3173 sese
1218 3112 1247 3173 in
1278 3130 1314 3174 eo
1344 3113 1531 3192 aspicientis.
1580 3116 1632 3178 lta
1654 3133 1707 3196 epo

350 3199 546 3262 Vitellionem
569 3200 675 3262 refello
698 3199 851 3279 ipsissima
879 3200 1053 3261 confusione
1086 3202 1246 3263 radiorum.
1293 3201 1373 3263 Nam
1401 3202 1480 3281 quod
1508 3203 1555 3264 sit
1586 3203 1707 3286 obliqua

349 3307 465 3369 quoque
488 3289 601 3362 videri,
627 3298 775 3368 quatenus
799 3288 938 3370 obliquae
962 3288 1147 3350 radiationes
1171 3298 1351 3352 concurrant
1382 3308 1450 3352 cum
1471 3293 1705 3372 perpendicula·

348 3377 453 3449 ribus,
477 3379 583 3440 eodem
607 3377 698 3457 igitur
720 3386 832 3457 puncto
856 3377 999 3456 recipitur
1013 3376 1134 3456 obliqua
1157 3385 1188 3439 et
1203 3377 1318 3440 directa
1336 3379 1475 3441 radiatio.
1504 3379 1596 3443 Duae
1619 3381 1705 3463 igitur

347 3484 397 3528 res
420 3486 480 3529 uno
504 3468 570 3529 loco
594 3466 846 3529 existimabuntur
867 3484 946 3527 csse.
985 3466 1035 3526 Me
1060 3484 1130 3527 vero
1154 3467 1312 3528 confirmat
1334 3466 1593 3531 universalissima
1615 3489 1705 3551 argo·

349 3556 497 3617 mentatio
520 3555 577 3636 ipsi
596 3555 753 3617 Vitellioui
777 3564 932 3633 usurpata.
966 3553 1075 3615 Passio
1097 3555 1222 3617 visionis
1245 3556 1381 3635 sequitur
1404 3557 1555 3619 actionem
1570 3558 1704 3622 illusus·

348 3643 452 3717 tionis,
476 3644 507 3706 in
530 3645 619 3705 modo
643 3652 675 3704 et
697 3644 900 3723 proportione.
934 3641 1048 3703 Retina
1070 3661 1141 3704 vero
1162 3643 1330 3706 illustratur
1352 3643 1495 3707 distincte
1517 3665 1575 3726 per
1597 3657 1706 3727 punctu

346 3732 468 3811 singula
500 3752 520 3792 a
551 3734 671 3811 punctis
703 3751 802 3793 rerum
834 3730 977 3811 singulis,
1016 3739 1048 3791 et
1076 3749 1132 3811 per
1154 3732 1274 3811 singula
1304 3743 1419 3812 puncta
1450 3735 1628 3799 fortissime.
1674 3737 1706 3798 lo

350 3820 450 3882 retina
472 3820 573 3899 igitur,
598 3840 655 3882 uon
671 3821 752 3891 alibi,
776 3820 840 3883 fieri
864 3819 1095 3881 distinctissime
1117 3830 1150 3882 et
1172 3820 1400 3884 evidentissima
1421 3822 1499 3884 visio
1521 3832 1638 3903 potest.
1674 3824 1706 3888 ld

348 3916 436 3969 tanto
458 3909 572 3989 magis,
600 3910 679 3990 quod
702 3912 795 3972 etism
818 3908 972 3970 turbatam
994 3908 1130 3987 picturae
1159 3910 1308 3973 rationem
1330 3911 1406 3973 vitia
1428 3912 1549 3975 videndi
1572 3933 1707 3996 sequen·

347 4003 414 4071 tur,
448 3998 493 4060 uti
525 3998 763 4060 demonstratum
795 4006 853 4059 est.
899 3998 947 4058 Ac
976 3997 1077 4058 nescio
1101 4017 1139 4060 an
1162 3999 1354 4060 Democritus
1378 4000 1455 4063 hanc
1477 4002 1583 4079 potine
1605 4005 1708 4084 picto·

346 4102 421 4160 ram,
444 4084 518 4148 idoli
542 4086 587 4148 sui
610 4087 744 4162 nomine,
768 4105 826 4166 quo
849 4085 926 4147 visio
950 4086 1019 4159 bat,
1043 4085 1260 4161 celebraverit,
1293 4107 1382 4168 quam
1404 4090 1486 4152 illam
1517 4094 1711 4171 maalmam

345 4171 483 4253 ε’μφεσεε.
528 4173 629 4255 Saepe
657 4175 789 4256 antiquis
812 4174 990 4249 usuvenit,
1015 4181 1050 4235 ut
1072 4175 1110 4237 ab
1133 4175 1302 4239 Aristotele
1325 4177 1381 4239 sub
1403 4179 1611 4244 commentitio
1634 4199 1711 4246 een·

345 4262 461 4325 tentiae
483 4262 639 4326 schemate
661 4265 870 4327 refellerentur
892 4263 1041 4325 immeriti.

435 4348 524 4421 Quod
548 4370 619 4414 vero
645 4353 717 4415 mihi
749 4352 838 4431 objici
869 4360 976 4432 posset
1003 4352 1134 4414 inversio
1165 4370 1248 4415 meae
1275 4354 1430 4434 picturae,
1464 4375 1556 4437 quam
1579 4357 1711 4423 Vitellio

347 4457 458 4520 magno
481 4440 583 4502 studio
607 4440 786 4503 declinavit:
810 4440 937 4520 primum
960 4441 996 4513 is,
1020 4441 1060 4502 ad
1079 4459 1145 4502 eam
1169 4443 1350 4506 sententiam
1374 4444 1580 4521 obtinendam,
1602 4448 1707 4528 plani-

346 4528 418 4590 tiem
440 4528 619 4610 crystallino
642 4539 749 4592 contm
771 4530 964 4592 manifestam
987 4529 1203 4609 experientiam
1227 4532 1346 4607 tribuit;
1379 4551 1455 4612 quae
1484 4553 1552 4597 curn
1582 4535 1707 4616 gibbam

343 4633 412 4679 eree
436 4616 624 4697 superficiem
647 4618 730 4681 illam
754 4627 887 4693 asserat,
922 4620 1037 4680 fatente
1071 4618 1174 4698 itaque
1203 4619 1367 4683 Vitellione
1398 4622 1450 4684 list
1476 4623 1707 4690 simulacrorum

344 4703 486 4767 inversio.
541 4708 643 4787 Atque
677 4725 733 4788 ego
766 4706 934 4769 diutissime
967 4725 1041 4769 sane
1070 4725 1117 4767 me
1149 4707 1239 4781 torsi,
1269 4717 1303 4771 ut
1324 4710 1517 4774 ostenderem
1547 4732 1645 4777 conoe
1675 4715 1705 4778 in

344 4792 482 4873 ingressu
507 4795 661 4858 foraminis
684 4814 778 4858 uveae
807 4795 947 4856 sinistros
979 4814 1018 4856 ex
1045 4795 1161 4856 dextris
1190 4796 1303 4871 factos,
1337 4806 1408 4876 post
1435 4801 1645 4884 crystallinum
1675 4804 1703 4866 in

342 4881 441 4944 medio
465 4883 552 4945 vitrei
576 4903 692 4947 rursum
716 4882 812 4947 secari
836 4884 957 4962 fierique
981 4884 1109 4946 alteram
1132 4883 1340 4958 inversionem,
1366 4894 1399 4950 et
1421 4890 1472 4968 qui
1494 4890 1612 4954 sinistri
1628 4891 1703 4955 fecti

342 4979 440 5045 erem,
465 4972 588 5034 dextros
603 4992 719 5036 rursum
742 4972 806 5036 fleri
829 4971 1002 5052 priusquam
1026 4973 1065 5034 ad
1083 4972 1212 5035 retinam
1224 4975 1409 5057 pertingant
1440 4978 1508 5042 Nec
1529 4980 1599 5044 tlnis
1615 4979 1701 5061 hujus
