3692 5842
237 487 303 553 474
659 482 1170 551 mmmm

327 660 446 733 Quarta
469 661 557 724 litera
580 662 609 733 ⁶)
632 659 831 721 conditionem
855 660 1029 739 disputandi
1043 661 1152 734 defert,
1176 680 1219 722 sc.
1234 668 1267 720 ut
1281 668 1312 719 te
1327 656 1367 718 ad
1381 651 1588 732 disputandum

238 754 347 814 invitet
370 753 399 813 h.
423 770 449 813 e.
481 751 520 811 ad
544 749 705 811 eruendam
734 749 911 822 veritatenr;
944 750 1146 828 disputemus,
1177 750 1313 829 inquam,
1344 764 1383 805 ex
1408 741 1535 823 physica
1560 747 1588 799 et

239 841 433 903 astronomia.
481 837 542 901 Cur
569 840 617 900 hic
641 847 673 899 tn
696 837 837 900 irasceris
859 838 1059 917 provocanti?
1081 836 1163 908 Quin
1186 837 1288 919 potius
1311 834 1386 896 ieris
1400 828 1588 910 argumentis,

239 929 351 991 omissa
375 929 442 989 rixa
463 927 614 989 verbosa?

329 1020 374 1079 At
396 1017 532 1078 ultimam
556 1018 674 1077 literam
693 1012 717 1086 ί)
750 1033 935 1094 concoquere
965 1035 1023 1077 nou
1046 1023 1154 1095 potes,
1177 1024 1210 1076 et
1245 1030 1323 1091 quae
1359 1007 1472 1071 similia
1494 1016 1588 1067 textus

240 1107 347 1180 habet,
372 1107 478 1186 quibus
502 1105 576 1167 locis
599 1104 773 1177 insimulas,
804 1114 835 1164 te
859 1104 931 1165 furti
955 1105 1171 1165 insimulatum.
1217 1100 1349 1162 Omnino
1383 1096 1498 1177 aliquid
1527 1112 1588 1154 ease

240 1204 368 1275 oportet,
394 1195 473 1273 quod
497 1195 628 1255 animum
651 1204 734 1255 tuum
758 1193 966 1265 momorderit3
997 1212 1033 1254 ne
1056 1194 1176 1273 iniquos
1198 1188 1324 1262 audias,
1348 1206 1420 1248 narn
1445 1184 1542 1246 hercle
1562 1185 1586 1243 iu

241 1284 392 1365 prioribus
415 1280 437 1344 t
461 1282 557 1343 literis
590 1301 713 1344 causam
739 1282 848 1342 nullam
882 1281 1014 1343 habuisti
1038 1281 1246 1343 succensendi.
1293 1275 1453 1339 Adeaduur
1486 1281 1587 1343 antem,

242 1384 276 1433 ut
298 1373 375 1432 huuc
398 1370 454 1433 tibi
477 1372 647 1450 scrupulum
671 1371 809 1431 eximam.
848 1368 1007 1431 Galilaeus
1030 1390 1127 1432 rerum
1149 1387 1271 1434 suarum
1290 1366 1416 1442 sategit,
1441 1364 1517 1424 bene
1538 1359 1588 1421 sibi

242 1460 401 1533 consuluit,
427 1460 556 1539 inquam,
581 1461 689 1539 quippe
715 1459 763 1538 qni
787 1477 884 1518 rerum
908 1478 1029 1520 suarum
1053 1460 1228 1538 satagebat.
1273 1457 1359 1517 Bene
1393 1453 1487 1525 iecit,
1520 1448 1588 1528 quod

242 1560 359 1611 mature
383 1568 438 1608 nos
461 1550 605 1610 certiores
628 1548 760 1610 reddidit
782 1548 820 1607 de
844 1547 974 1607 inventis
1007 1548 1089 1618 suis,
1120 1567 1175 1628 per
1206 1545 1330 1626 griphos
1358 1551 1474 1603 tamen.
1519 1539 1589 1599 liam

242 1640 269 1700 si
288 1656 345 1698 non
362 1649 486 1710 mature,
512 1646 545 1697 tu
559 1639 788 1717 praevenisses:
813 1636 858 1696 ita
873 1634 1013 1698 Galilaeo
1039 1639 1104 1698 laus
1119 1638 1233 1716 primae
1248 1631 1432 1695 inventionis
1445 1628 1589 1711 periisset

244 1726 278 1789 Si
303 1745 360 1788 non
384 1746 439 1806 per
461 1727 603 1805 griphos,
637 1727 741 1787 statim
774 1744 838 1796 nos,
870 1726 909 1786 ad
933 1744 1007 1804 quos
1031 1727 1081 1787 ille
1104 1726 1235 1804 scripsit,
1259 1723 1361 1784 dicere
1385 1720 1590 1799 potuissemus,

245 1834 301 1877 nos
325 1817 428 1877 eodem
452 1824 587 1894 tempore
610 1817 715 1877 eadem
735 1814 846 1875 vidisse
870 1816 918 1874 rel
942 1816 1033 1877 etiam
1058 1823 1158 1875 antea.
1197 1811 1263 1874 Tibi
1286 1828 1405 1890 quoque
1421 1806 1502 1869 hlari
1524 1805 1592 1865 bene

244 1904 340 1966 cessit
362 1904 487 1984 griphus
509 1925 563 1965 seu
596 1904 898 1983 anagramrnatisnms
921 1904 990 1965 iste.
1041 1904 1121 1965 n'am
1149 1904 1174 1964 si
1200 1900 1358 1963 Galilaens
1388 1898 1473 1959 clare
1501 1894 1592 1972 scrip-

247 1994 341 2055 sisset
363 2003 449 2054 tanto
473 2002 574 2068 antea,
598 2012 683 2054 nemo
709 1993 797 2053 facile
821 1992 1021 2065 credidisset,
1045 2002 1129 2054 tuam
1153 2011 1221 2053 esse
1243 1988 1407 2051 secundam
1432 1986 1520 2065 hujus
1542 1984 1592 2042 ob-

245 2082 429 2144 servationis
461 2083 601 2161 palmam.
657 2083 744 2144 hunc
771 2082 876 2141 eodem
910 2090 1046 2160 tempore
1082 2092 1115 2141 et
1148 2079 1306 2142 Galilaeus
1340 2076 1517 2138 Florentiae
1545 2089 1595 2131 sua

246 2171 333 2232 nobis
348 2172 523 2249 aenigmata
538 2171 650 2250 scripto
675 2169 800 2241 detexit,
826 2180 858 2230 et
880 2180 913 2230 tn
938 2171 1150 2259 infll'ranconia
1164 2170 1326 2230 observare
1340 2166 1451 2227 eadem
1466 2159 1595 2242 coepisti,

246 2270 282 2321 ut
303 2260 487 2338 impossibile
511 2259 562 2332 sit,
586 2271 618 2320 te
642 2268 695 2320 tua
718 2278 755 2318 ex
771 2257 903 2320 Galilaei
929 2258 1083 2319 laboribus
1106 2258 1226 2320 habere.
1264 2253 1432 2333 Agnoscis,
1455 2252 1485 2314 ni
1505 2249 1595 2318 lailot,

247 2367 366 2409 sensum
389 2348 535 2427 postremi
567 2348 721 2427 marginis.
768 2348 881 2408 Desine
915 2347 1006 2425 igitur
1039 2357 1070 2408 te
1100 2346 1171 2408 furti
1205 2345 1409 2408 insimulatum
1445 2339 1530 2422 queri
1563 2337 1597 2397 ab

248 2456 284 2497 eo
308 2439 383 2511 loco,
408 2435 512 2516 quite
537 2438 607 2498 lorti
631 2436 877 2497 manifestissime
900 2436 1042 2497 absolvit.
1084 2436 1164 2498 liam
1187 2453 1263 2515 qnae
1287 2434 1363 2494 baec
1387 2428 1598 2509 consequentia

248 2536 349 2585 esset:
374 2544 432 2604 quo
456 2533 591 2604 tempore
615 2524 772 2586 Galilaeus
795 2525 968 2586 Florentiae
998 2526 1114 2586 futuras
1139 2523 1268 2585 Veneris
1292 2520 1490 2601 apparentias
1512 2536 1597 2599 prae·

248 2615 337 2686 dixit,
361 2614 466 2675 eodem
481 2615 597 2676 Marius
620 2615 689 2675 illas
712 2614 817 2674 eodem
841 2614 945 2674 ordine
974 2614 1136 2674 observare
1164 2613 1281 2692 coepit,
1313 2629 1387 2689 ergo
1408 2610 1528 2671 hlarins
1549 2625 1598 2666 sna

247 2721 287 2765 ex
310 2702 442 2764 Galilaei
465 2705 587 2764 monitis
611 2702 737 2763 habuit?
778 2703 927 2782 llumquid
953 2702 1030 2762 enim
1055 2704 1150 2781 Alpes
1174 2703 1325 2763 intersunt
1347 2708 1379 2760 et
1403 2699 1526 2777 longum
1547 2697 1598 2756 iter

248 2799 280 2852 et
302 2789 346 2853 20
362 2792 477 2852 diemm
499 2812 591 2861 mora,
616 2792 788 2871 priusquam
808 2791 913 2852 literae
933 2792 1088 2852 l'lorentia
1111 2793 1266 2871 digressae
1281 2790 1414 2867 Pragam
1439 2786 1597 2867 appellant

249 2880 368 2961 quando
392 2881 521 2941 nondum
545 2890 646 2942 tamen
669 2881 699 2941 in
724 2880 920 2941 l‘ranconiam
944 2881 1164 2941 communicata
1187 2888 1258 2940 sunt
1281 2878 1385 2957 Praga
1405 2898 1427 2939 a
1450 2874 1548 2938 nobis.

338 2968 422 3030 llaec
436 2989 503 3031 cum
518 2979 609 3030 autea
632 2969 737 3030 Lincio
761 2970 799 3028 ad
823 2977 853 3029 te
877 2969 1008 3030 scribere
1032 2969 1203 3049 concupivi,
1228 2978 1291 3029 tum
1316 2986 1387 3027 vero
1410 2964 1598 3029 maximea

250 3057 488 3118 nobilissimo
513 3068 548 3118 et
571 3059 672 3137 ampl.
699 3060 735 3119 D.
752 3058 789 3119 D.
814 3058 931 3119 Eisen
957 3057 1137 3119 Caesaris
1161 3058 1204 3118 ad
1228 3055 1516 3136 appellationes
1539 3052 1598 3112 Bo·

251 3146 414 3207 hemicas
447 3146 677 3207 Consiliario
708 3147 917 3225 nuperrime
954 3148 1084 3225 jussus
1126 3147 1210 3226 quin
1244 3157 1282 3205 et
1314 3153 1506 3205 exoratus
1535 3144 1599 3212 (ita

250 3236 343 3295 enim
367 3237 548 3308 volebat),
582 3255 634 3297 me
658 3235 882 3313 scripturum
915 3236 1058 3315 recepi,
1097 3236 1178 3296 dum
1211 3235 1296 3296 mihi
1329 3234 1367 3294 D.
1401 3230 1598 3313 Capitauei

251 3322 426 3398 Fncbsii,
459 3325 605 3404 patroni
639 3334 851 3385 nostrarum
884 3325 1023 3385 artium
1057 3333 1095 3384 ut
1119 3324 1230 3383 audio
1262 3323 1430 3395 maximi,
1460 3320 1598 3383 sollici·

251 3413 414 3473 tudinem
437 3413 472 3475 in
496 3413 603 3474 nobis
626 3413 875 3474 conciliandis
899 3414 1093 3492 exposuit:
1128 3414 1206 3492 quod
1238 3412 1375 3492 equidem
1401 3423 1546 3490 qnantum
1567 3405 1600 3467 ad

250 3522 297 3562 me
322 3502 516 3563 deridendum
540 3503 611 3564 mibi
635 3502 712 3563 suit:
738 3503 766 3562 in
792 3503 855 3580 ipso
880 3520 937 3562 non
962 3520 1084 3580 possum
1104 3522 1162 3562 non
1188 3503 1321 3570 laudare,
1345 3501 1417 3562 dum
1441 3499 1601 3564 considero.

252 3609 328 3670 quas
351 3600 383 3651 tu
407 3594 546 3670 querelas
571 3592 599 3652 in
623 3590 848 3670 prognosticum
874 3591 1053 3662 inserueris,
1088 3610 1185 3669 exque
1208 3592 1265 3664 iis,
1300 3591 1371 3669 quid
1405 3607 1499 3669 porro
1531 3583 1601 3665 apud

253 3680 349 3759 ipsum
373 3680 544 3740 audientem
568 3698 683 3740 mecum
709 3678 834 3739 absente
866 3680 1122 3758 expostulaveris,
1159 3681 1248 3739 l'acile
1278 3679 1420 3758 conjicio.
1470 3675 1602 3739 Ceterum

251 3769 349 3847 ipsum
365 3770 428 3829 fero
442 3770 606 3829 arbitrum:
632 3768 783 3841 fatebitur,
808 3769 881 3841 scio,
906 3768 1007 3827 ethis
1033 3768 1128 3827 literis
1152 3780 1184 3827 et
1208 3770 1273 3829 loco
1297 3769 1327 3828 in
1347 3766 1516 3846 Dioptricis
1538 3783 1603 3844 per·

253 3856 349 3923 lecto,
382 3865 413 3916 te
444 3876 498 3918 uec
531 3857 670 3935 injuriose
695 3875 748 3917 nec
772 3857 928 3916 inhoneste
953 3876 972 3915 a
994 3874 1042 3916 me
1066 3865 1239 3917 tractatum.
1286 3857 1449 3918 Breviter:
1482 3856 1604 3916 rusticus

250 3962 336 4017 snm,
370 3945 413 4004 sic
441 3947 519 4005 enim
543 3954 676 4006 tractare
700 3945 783 4006 soleo
807 3945 926 4005 nonnisi
950 3946 1071 4005 amicos.
1108 3947 1137 4006 Α
1158 3946 1352 4024 quibusvero
1377 3944 1452 4005 mihi
1473 3954 1605 4006 metuen-

252 4033 321 4092 dum
344 4043 436 4110 puto,
466 4034 619 4095 incorum
644 4034 811 4095 nominibus
836 4044 869 4095 nt
892 4034 920 4095 in
945 4033 1124 4094 carbonibus
1148 4034 1251 4110 ignitis
1276 4036 1332 4096 sub
1356 4035 1459 4095 cinere
1484 4033 1604 4095 latitan-

251 4121 334 4181 tibus
356 4122 488 4201 restigia
511 4122 579 4200 figo.

338 4209 408 4271 Jam
450 4210 559 4270 dudum
597 4212 634 4271 ad
673 4229 734 4271 rem
773 4210 870 4289 ipsam
908 4208 1125 4270 deveniendum
1166 4212 1273 4271 luerat.
1336 4210 1446 4290 ltaque
1483 4211 1607 4289 ingenuo

251 4299 381 4360 candore
396 4300 569 4378 pronuncio,
593 4300 701 4360 tulisse
717 4309 746 4359 te
763 4300 881 4359 landem
896 4298 1076 4376 praecipuae
1091 4299 1267 4377 diligentiae
1285 4309 1349 4360 tum
1375 4300 1404 4359 in
1420 4296 1609 4360 observando

252 4395 314 4447 tum
347 4388 377 4447 in
411 4387 629 4448 ratiocinando.
677 4388 710 4447 ln
748 4390 972 4465 comparatione
1007 4397 1107 4447 tamen
1146 4389 1386 4463 magnitudinum
1425 4389 1467 4448 ad
1505 4403 1608 4465 corpus

252 4475 382 4535 Telluris
414 4477 570 4553 quominus
602 4476 656 4535 tibi
691 4477 831 4536 accedam
866 4476 938 4535 lacit
966 4475 1038 4546 hoc,
1073 4478 1149 4555 quod
1181 4477 1236 4536 tibi
1261 4478 1370 4536 deesse
1395 4478 1487 4537 rideo
1510 4491 1608 4536 reram

252 4564 495 4624 aestimationem
525 4565 723 4642 parallanium
747 4565 845 4636 Solis,
880 4584 968 4643 cruam
992 4565 1111 4643 quidem
1135 4577 1293 4644 praestare
1327 4585 1387 4625 uon
1412 4566 1520 4627 debes.
1565 4562 1610 4625 Ex

253 4670 320 4711 meo
351 4668 423 4712 rero
456 4652 669 4730 Hipparcho
712 4653 888 4732 apparebit,
926 4654 1093 4715 doctrinam
1134 4655 1362 4716 demonstrandi
1401 4655 1609 4734 proportiones

252 4757 408 4817 corporum
431 4737 522 4812 Solis,
547 4742 651 4800 Lunae
675 4750 707 4801 ct
730 4743 850 4811 Terrae,
876 4753 909 4802 ut
933 4753 980 4801 est
1004 4742 1257 4817 ingeniosissima,
1282 4745 1327 4803 sic
1352 4743 1382 4803 in
1407 4755 1494 4804 ructa
1517 4744 1610 4803 altera

253 4827 509 4905 augmentationis
533 4829 762 4889 incertissimam
786 4849 862 4890 esse.
909 4828 1033 4890 Certum
1057 4831 1176 4910 quidem
1205 4843 1272 4904 est,
1308 4833 1479 4893 diametros
1502 4832 1608 4893 Terrae

253 4916 321 4994 plus
344 4934 433 4995 quam
450 4911 517 4976 800
539 4935 608 4975 esse
632 4917 662 4977 in
687 4918 832 4978 diametro
847 4917 940 4989 Solis,
964 4930 996 4977 at
1021 4921 1099 4999 quod
1114 4922 1236 4982 omnino
1260 4921 1322 4981 sint
1346 4939 1442 5001 usque
1468 4921 1507 4981 ad
1526 4915 1610 4981 2400

255 5011 347 5083 atque
369 5005 462 5067 stiam
484 5003 585 5075 uitra;
606 5004 639 5065 id
662 5023 732 5067 raro
755 5005 895 5067 subtilius
918 5019 969 5068 est
991 5009 1020 5068 in
1044 5008 1151 5080 oculo,
1185 5029 1275 5091 qoam
1298 5021 1335 5074 nt
1356 5021 1443 5074 certo
1467 5004 1608 5072 affirmari
