3692 5842
380 445 445 515 494
983 450 1133 501 Dissertatio

379 635 527 700 stratum,
561 635 594 688 ut
617 628 658 689 sit
681 627 795 689 humori
819 626 996 709 crystallino
1020 627 1096 689 oculi
1126 626 1232 689 similis
1246 645 1256 702 ;
1288 627 1369 690 linea
1399 625 1510 708 quippe
1540 625 1735 710 hyperbolica

379 726 499 778 tornata
531 718 702 796 descripta,
738 737 826 795 quam
860 718 889 778 in
914 717 1069 778 schemate
1094 713 1136 780 69
1170 717 1305 795 quaesivi
1332 726 1458 798 propter
1489 717 1732 778 machinamenta

378 807 487 886 optica,
513 815 547 867 ut
570 815 618 867 est
640 826 670 885 p.
690 802 751 869 188
767 816 798 866 et
817 802 892 880 ¹96,
918 825 959 866 sc.
986 815 1019 867 ut
1042 826 1099 867 non
1124 805 1255 867 distorta
1277 807 1330 868 liat
1352 806 1440 874 visio,
1464 805 1520 866 aed
1533 805 1669 885 partium
1690 805 1731 868 rei

377 895 461 956 visae
486 896 630 974 imagines
656 906 823 972 augeantur
845 895 1121 974 proportionaliter,
1147 903 1180 955 ut
1203 894 1343 975 proposui
1367 915 1396 974 p.
1423 890 1498 958 193.

466 985 560 1058 Haec,
587 984 715 1063 inquam,
741 984 769 1043 in
785 984 995 1044 corastituenda
1010 985 1090 1044 lente
1110 1002 1243 1044 convexa
1258 983 1435 1057 observabo,
1460 990 1494 1044 ut
1507 981 1627 1062 majora
1645 999 1735 1062 prae·

379 1080 456 1133 stern
481 1073 626 1134 visibilia:
666 1074 840 1152 oculumque
874 1092 931 1133 non
963 1074 1050 1152 longe
1082 1073 1120 1133 ab
1154 1073 1210 1134 hoc
1242 1081 1353 1153 puncto
1382 1070 1558 1146 collocabo,
1593 1071 1623 1132 iu
1657 1071 1732 1152 quod

376 1163 505 1223 omnium
540 1162 581 1221 rei
615 1161 697 1221 visae
736 1170 912 1240 punctorum
951 1162 1027 1223 radii
1065 1163 1157 1241 (quae
1189 1162 1359 1241 proprietas
1391 1167 1440 1222 est
1471 1160 1563 1240 hujus
1597 1159 1732 1222 umbonis

377 1250 577 1331 hyperbolici)
602 1251 687 1311 unice
717 1253 887 1324 confluunt;
919 1251 1083 1332 hyperbole
1106 1271 1237 1331 eousque
1262 1251 1437 1312 continuata
1458 1249 1531 1323 erit,
1567 1257 1602 1310 ut
1632 1249 1731 1312 radios

375 1349 544 1418 expuncto
569 1358 620 1399 seu
650 1349 753 1400 centro
778 1340 884 1399 hocin
910 1340 1133 1419 contingentem
1158 1351 1322 1402 extremum
1346 1338 1528 1420 hyperboles
1549 1335 1646 1399 faciat
1675 1359 1727 1400 au·

374 1429 474 1506 gelum
495 1426 555 1490 27¹¹
570 1428 696 1506 ideoque
722 1429 932 1489 refractionem
947 1429 1066 1490 circiter
1080 1425 1110 1502 9,
1136 1438 1169 1491 ut
1189 1431 1226 1490 ad
1246 1423 1354 1511 30¹]st
1376 1428 1505 1489 habeam
1524 1426 1555 1487 in
1580 1425 1729 1506 utriusque

376 1517 480 1577 lateris
504 1516 684 1577 refractione
709 1518 830 1590 extima,
856 1518 885 1578 in
910 1518 1096 1578 intermediis
1117 1518 1385 1598 proportionaliter
1408 1515 1518 1579 minus.

463 1603 541 1675 Quia
565 1625 635 1665 vero
660 1606 746 1666 unius
771 1608 873 1685 puncti
897 1608 933 1667 de
958 1627 989 1667 re
1015 1607 1130 1667 lucente
1155 1615 1219 1668 tam
1242 1614 1359 1668 remota
1382 1605 1572 1667 radiationes
1594 1601 1724 1682 proxime

372 1695 535 1772 parallelae
569 1695 753 1755 descendunt
777 1697 813 1754 ad
844 1696 1015 1769 umbonem,
1049 1705 1119 1773 post
1151 1716 1237 1776 quem
1269 1703 1489 1774 convergentes
1513 1694 1545 1754 iu
1574 1690 1722 1754 humorem

371 1783 447 1844 ocrrli
471 1783 676 1864 crystallinum
702 1784 843 1855 incidunt,
869 1785 944 1844 adeo
964 1792 996 1844 ut
1020 1794 1091 1863 post
1113 1786 1321 1866 crystallinum
1341 1785 1423 1845 facta
1446 1779 1630 1844 refractione
1653 1799 1721 1842 cou-

371 1882 492 1933 curvout
515 1873 543 1932 iu
568 1879 677 1950 puncto
703 1873 837 1951 proxime
853 1873 1068 1952 crystallinum,
1094 1882 1124 1932 et
1149 1875 1187 1935 ab
1212 1893 1247 1935 eo
1271 1893 1304 1934 se
1327 1891 1442 1934 rursum
1467 1871 1610 1943 dilatent,
1635 1869 1721 1930 donet

372 1961 401 2022 in
426 1962 609 2022 retisormem
633 1962 757 2022 veniant
783 1962 846 2039 jam
879 1963 1000 2022 dilatati
1029 1962 1125 2022 instar
1156 1963 1303 2042 penicilli,
1336 1970 1427 2040 atquc
1455 1960 1502 2021 ita
1530 1977 1587 2038 pro
1610 1958 1722 2037 punctis

372 2050 459 2111 lunae
479 2049 605 2129 siugulis
622 2050 757 2128 singulae
777 2051 937 2112 retitbrmis
958 2052 1147 2112 illustrantur
1168 2051 1349 2130 superficies,
1369 2049 1445 2110 adeo
1460 2057 1496 2110 ut
1514 2045 1719 2108 confusissime

280 2183 283 2190 .
369 2139 423 2199 liat
446 2138 542 2198 visio:
576 2140 642 2199 ideo
668 2140 706 2200 ad
735 2140 850 2200 oculum
879 2141 1040 2219 cujuslibet
1072 2140 1239 2218 spectantia
1266 2139 1448 2219 peculiarem
1472 2157 1527 2216 pro
1551 2135 1721 2198 diversitate

370 2228 521 2288 oeulomm
547 2228 694 2289 adhibebo
727 2231 837 2289 lentem
861 2249 981 2302 cavam,
1011 2239 1045 2289 ut
1073 2239 1290 2304 conspergentes
1314 2228 1400 2289 unius
1423 2224 1526 2306 puncti
1552 2225 1629 2286 radii
1651 2243 1718 2286 ceu·

370 2316 463 2377 traria
487 2316 665 2377 refractione
690 2319 718 2379 in
743 2336 816 2378 cavo
841 2319 923 2379 l'acta
951 2318 1165 2396 prohibeantur
1192 2336 1387 2396 concergere,
1419 2315 1473 2375 sed
1497 2314 1601 2395 potius
1623 2313 1718 2376 dicer·

370 2412 475 2483 gentes
500 2406 598 2466 etsie
623 2406 706 2467 velut
734 2408 771 2466 ab
805 2406 903 2485 aliquo
937 2408 1102 2487 propinquo
1135 2416 1245 2488 puncto
1279 2407 1435 2467 venientes
1458 2404 1488 2464 in
1519 2403 1718 2485 crystallinum

367 2493 502 2554 incidant
528 2513 638 2574 perque
668 2515 734 2555 eum
766 2495 888 2557 refracti
914 2496 941 2556 in
967 2497 1112 2558 retiforrni
1137 2499 1205 2577 ipsa
1234 2496 1399 2557 sortiantur
1427 2513 1483 2554 sua
1516 2491 1717 2554 collectionum

367 2591 497 2661 puncta:
523 2604 599 2663 quae
615 2583 747 2645 delinitio
767 2595 815 2645 est
830 2585 953 2646 visionis
969 2587 1141 2649 distinctae.
1176 2585 1262 2657 Quae
1277 2585 1375 2645 omnia
1394 2582 1601 2644 demonstran·
1617 2601 1647 2662 p.
1661 2575 1718 2643 256

370 2691 455 2732 meae
480 2669 617 2751 Optices.

456 2761 559 2841 Atque
584 2763 657 2822 haec
678 2762 714 2821 de
740 2762 937 2824 instrumento
953 2763 1028 2842 ipso.
1066 2764 1135 2826 Jam
1155 2763 1232 2844 quod
1252 2781 1336 2823 usum
1355 2760 1419 2840 ejus
1439 2759 1562 2834 attinet,
1587 2769 1717 2838 argutum

367 2868 440 2910 saue
474 2859 521 2909 est
554 2849 707 2910 inventum
745 2859 844 2925 tuum,
885 2854 1032 2930 quomodo
1056 2861 1271 2933 cognoscatur,
1306 2858 1420 2932 (quanta
1452 2851 1507 2910 fiat
1543 2867 1643 2910 rerum
1671 2867 1717 2927 per

368 2937 596 2998 instrumentum
627 2939 782 3017 atripliatio
807 2948 837 3000 et
862 2942 1007 3019 quomodo
1037 2943 1156 3021 singula
1180 2942 1209 3002 iu
1233 2941 1318 3002 coelo
1342 2939 1455 3000 minuta
1485 2939 1715 3016 minutorumque

366 3037 469 3105 partes
495 3027 631 3104 dignosci
655 3023 818 3105 possint.⁸l
852 3028 920 3099 Qua
945 3031 973 3090 in
998 3051 1030 3092 re
1055 3051 1119 3091 cum
1144 3032 1171 3091 in
1197 3038 1349 3090 certamen
1373 3029 1476 3089 veniat
1501 3027 1650 3089 industria
1671 3037 1716 3085 tua

366 3135 431 3174 curu
457 3116 607 3195 Tychonis
631 3117 740 3177 llrahei
767 3119 793 3176 in
826 3120 1013 3180 observando
1043 3120 1220 3181 certitudine
1250 3117 1495 3191 accuratissima,
1526 3136 1585 3177 non
1614 3117 1667 3176 abs
1688 3135 1715 3176 rc

367 3203 455 3264 fuerit
487 3205 598 3282 aliquid
633 3205 801 3285 interloqui.
849 3208 971 3269 hlemini
996 3229 1061 3270 curn
1090 3209 1256 3289 polyhistor
1285 3208 1337 3268 illc
1367 3206 1562 3268 scientiarum
1596 3205 1714 3266 omnium

363 3291 412 3352 Jo.
438 3292 584 3353 l'istorius
602 3290 626 3366 ⁶)
652 3316 688 3355 ex
714 3316 759 3355 me
784 3306 941 3374 quaereret
966 3318 1022 3359 non
1048 3319 1105 3358 trua
1124 3298 1197 3371 viee,
1222 3317 1290 3358 num
1316 3298 1390 3358 adeo
1411 3296 1535 3357 limatae
1561 3296 1620 3358 sint
1643 3295 1713 3356 Bra·

365 3380 479 3442 heanae
503 3383 746 3457 obseruationes,
772 3395 803 3444 ut
828 3386 917 3463 plane
947 3388 1017 3447 nihil
1044 3388 1071 3446 in
1097 3387 1132 3446 iis
1157 3387 1322 3447 desiderari
1350 3406 1441 3466 posse
1470 3385 1602 3465 putem?
1635 3383 1713 3445 valde

365 3489 411 3530 rue
427 3473 628 3542 contendisse,
654 3483 773 3533 venturu
790 3493 857 3534 esse
874 3477 911 3534 ad
928 3496 1071 3536 sunnrmnr
1087 3496 1141 3536 uec
1161 3475 1295 3536 relietum
1312 3495 1380 3536 esse
1395 3477 1554 3555 quicquam
1578 3475 1713 3536 humanae

365 3558 548 3634 industriae,
584 3581 648 3620 cttrn
684 3581 737 3620 nem
770 3564 847 3624 oculi
883 3567 1026 3643 rrrajorem
1052 3568 1150 3626 lerant
1181 3565 1396 3639 subtilitatem,
1431 3584 1485 3627 nec
1511 3567 1712 3628 refractiounm

365 3649 518 3724 negotium
552 3650 681 3710 siderum
707 3651 772 3711 loca
797 3663 936 3731 respectu
969 3654 1132 3716 horizontis
1162 3661 1245 3715 statu
1279 3673 1419 3729 ruoveus;
1452 3667 1544 3735 atquc
1569 3656 1616 3717 hic
1639 3655 1712 3715 illum

316 3767 323 3780 ·
363 3749 468 3797 centra
502 3739 745 3800 constantissime
784 3743 967 3814 allinuasse‚
1000 3751 1156 3803 venturum
1191 3743 1275 3818 olim,
1312 3744 1360 3822 qni
1393 3744 1635 3823 perspicillorum
1664 3759 1712 3820 ope

363 3826 548 3886 subtiliorem
571 3829 686 3906 aperiet
707 3831 897 3904 rrrethorlum3
922 3834 968 3892 cui
990 3850 1044 3910 ego
1067 3833 1264 3892 refractiones
1288 3832 1529 3911 perspicillorurn
1551 3848 1584 3895 ut
1603 3837 1712 3914 ineptas

363 3915 401 3974 ad
425 3914 666 3976 observationum
695 3920 903 3980 certitudinem
933 3921 1065 4001 opposui.
1115 3923 1158 3982 At
1186 3941 1261 3981 nunc
1291 3923 1408 3982 demum
1432 3923 1537 3994 video,
1567 3923 1711 3986 veruuriu

362 4012 447 4081 parte
481 4015 580 4065 ratem
614 4005 704 4065 luisse
732 4009 900 4069 l'istoriutu.
949 4013 1037 4088 lpsac
1067 4011 1186 4088 quidem
1211 4011 1321 4072 Brahei
1350 4012 1582 4076 obseruationes
1611 4033 1663 4094 per
1683 4035 1712 4070 se

363 4099 446 4151 stant
471 4093 639 4172 habentque
665 4115 747 4156 suam
774 4098 900 4158 lertrderu.
939 4100 1018 4161 h'am
1043 4099 1112 4177 quid
1138 4101 1177 4160 sit
1201 4100 1231 4160 iu
1255 4100 1338 4160 coelo
1362 4119 1449 4161 arcus
1469 4099 1540 4176 60⁰,
1567 4105 1636 4185 quid
1654 4097 1710 4166 34¹.

363 4179 418 4240 hoc
451 4182 524 4241 solis
560 4183 668 4245 llrahei
703 4185 909 4247 instrumentis
943 4189 1104 4249 innotescit
1120 4185 1156 4260 ⁶).
1213 4190 1256 4249 At
1290 4189 1337 4250 uhi
1370 4189 1508 4252 Braheus
1542 4191 1599 4254 hoc
1631 4205 1711 4272 pacto

362 4270 472 4346 gradus
497 4272 646 4332 coelestes
671 4277 733 4340 (cel
759 4277 849 4335 etiarn
875 4297 930 4356 ego
961 4297 1024 4338 rnen
1055 4277 1180 4337 artificio
1212 4278 1311 4356 optico
1335 4277 1439 4340 Lunae
1468 4281 1664 4346 diametrum)
1684 4283 1710 4341 in

362 4359 444 4417 eceb
477 4360 618 4420 l'ueriurus
653 4363 793 4430 dimensi,
824 4367 888 4442 jaru
922 4367 1135 4445 superveniens
1167 4375 1248 4427 ιιιιιιιι
1280 4365 1418 4428 Galilaee
1450 4372 1655 4449 perspicillum
1684 4385 1711 4430 tt

362 4449 562 4525 quantitatem
593 4449 674 4510 illurn
699 4475 717 4512 a
746 4455 865 4515 liraheo
901 4464 933 4516 et
964 4478 982 4515 a
1011 4475 1057 4515 me
1088 4455 1235 4534 proditam
1269 4457 1489 4535 complectens,
1523 4459 1710 4522 subtilissime

362 4535 442 4595 illaru
469 4537 495 4596 in
523 4537 634 4599 rnirurta
660 4552 687 4599 et
719 4545 896 4604 miuutorurn
928 4553 1030 4623 partes
1064 4537 1243 4626 subdividitl,
1277 4565 1403 4625 seseque
1432 4548 1544 4610 Brahei
1579 4549 1710 4610 rrrethodu

361 4624 539 4686 ‹ilrservaruli
564 4629 790 4693 eleuantissimo
816 4635 951 4711 conjugio
976 4634 1119 4706 associat,
1147 4645 1178 4693 ut
1202 4644 1233 4694 et
1257 4635 1394 4697 llraheus
1419 4637 1484 4716 ipse
1509 4641 1634 4710 habeat.
1659 4655 1710 4720 quo

362 4724 414 4772 tua
448 4715 667 4777 observationis
703 4722 841 4780 irrethoolo
875 4724 1006 4786 assideat.
1039 4733 1070 4782 et
1104 4733 1135 4782 tu
1167 4731 1248 4784 tuam
1280 4744 1316 4784 ex
1348 4726 1510 4788 Braheana
1546 4727 1710 4792 necessario

361 4801 501 4862 instruas.
542 4804 598 4862 ti.-
619 4807 715 4867 elicaru
736 4811 812 4887 ιμιιιιι
834 4812 953 4871 sentin?
980 4811 1060 4891 Opto
1076 4803 1249 4890 urilriftuunt
1270 4814 1499 4876 instrumentum
1519 4817 1549 4878 in
1569 4819 1710 4898 eclipseos

362 4890 489 4949 larnaria·
520 4898 792 4973 etorrternplatione:
824 4919 975 4976 sperarem
1001 4921 1036 4959 er
1062 4895 1393 4982 eosspraestantissima
1420 4906 1577 4982 praesidia
1599 4907 1638 4970 ad
1659 4925 1709 4968 cr·

359 4979 544 5054 poliendum,
575 4997 621 5042 est
648 4985 696 5045 ubi
721 4997 752 5044 et
782 4989 1000 5048 retbrmandunr
1029 4998 1125 5050 totum
1148 4989 1352 5070 llipparchum
1376 5009 1488 5070 meum,
1512 5015 1567 5057 seu
1590 4999 1708 5060 deuou-
