3692 5842
833 482 914 548 capa
932 483 1004 534 vat
1537 477 1602 546 639

244 655 363 720 acturis
385 675 439 719 sau
464 658 661 720 facultatibus
686 678 782 720 rerum
806 660 1011 740 sublunarium
1028 658 1167 738 imprimi,
1192 659 1285 720 ethis
1302 659 1432 738 objectis
1447 660 1601 739 illasper-

244 746 368 812 moveri.
384 765 450 808 cum
465 747 502 807 ad
520 747 704 808 formandum
721 757 782 808 turu
794 750 830 809 ad
851 749 1027 809 movendum
1049 767 1167 827 corpus,
1190 748 1236 810 cui
1252 749 1397 810 movendo
1416 749 1601 826 praesident.

333 834 391 896 Hic
415 853 452 896 uc
476 835 543 914 quis
558 836 619 897 isto
639 855 686 896 me
705 837 888 915 praejudicio
904 846 1020 915 gravet,
1047 838 1131 916 quasi
1151 838 1290 917 quaesita
1308 836 1477 898 subtilitate
1494 837 1602 899 utiser·

242 922 330 1005 isque
363 923 490 1002 argutiis
523 924 698 1004 deploratae
727 928 848 1004 jamque
881 926 1019 1004 perditae
1050 927 1269 1004 astrologorum
1297 945 1409 987 causae
1440 926 1601 988 remedium

243 1029 388 1092 quaeram
412 1013 529 1073 anxius.
575 1014 642 1074 h'on
668 1014 745 1074 tanti
771 1015 847 1075 lacio
872 1015 1078 1094 astrologiam,
1104 1034 1302 1094 necunquam
1319 1014 1602 1092 refugiastrologos

244 1099 382 1164 infensos
405 1100 526 1163 habere.
574 1100 635 1163 Sed
670 1123 716 1163 me
746 1103 996 1164 constantissima
1026 1107 1183 1182 (quantum
1213 1103 1242 1162 iu
1274 1104 1462 1164 naturalibus
1486 1105 1601 1182 sperari

242 1191 365 1270 potest)
389 1190 576 1268 experientia
600 1191 636 1251 de
660 1193 857 1252 commotione
882 1192 1085 1253 sublunariuur
1101 1189 1274 1253 naturarum
1295 1192 1350 1253 sub
1374 1192 1600 1268 conjunctiones

243 1287 277 1340 et
301 1289 443 1357 aspectus
468 1298 604 1340 erronum
629 1281 749 1341 edocuit
773 1291 803 1340 et
827 1281 1024 1341 reluctantem
1050 1280 1132 1342 uicit.
1179 1283 1224 1341 At
1239 1281 1316 1342 forte
1332 1282 1387 1342 huc
1408 1281 1478 1341 milri
1498 1282 1602 1344 obstat

244 1367 285 1428 ad
309 1367 398 1429 tidem
424 1368 607 1440 faciendam,
637 1370 713 1447 quod
738 1389 823 1429 nemo
848 1370 1066 1446 astrologorum
1092 1370 1167 1428 hauc
1192 1370 1295 1431 attulit
1326 1371 1489 1442 ratiouenr;
1520 1373 1602 1429 sulus

244 1474 302 1536 ego
327 1457 376 1528 (at
399 1456 464 1532 quis
489 1456 590 1528 homo,
616 1458 693 1517 unde
715 1459 871 1536 prodiens,
897 1459 1015 1537 quando
1040 1459 1166 1529 natael)
1190 1460 1359 1536 astrologos
1384 1457 1601 1537 philosophiam

243 1544 362 1620 doceo?
407 1543 474 1623 Ego
498 1565 568 1606 reru
594 1547 713 1626 appello
737 1547 932 1626 philosophos
956 1555 987 1606 et
1011 1566 1121 1624 aequos
1143 1565 1238 1606 rerum
1259 1548 1479 1620 aestimatores,
1506 1560 1602 1608 utrum

243 1651 304 1696 nou
329 1632 430 1693 omnia
453 1635 615 1694 recentium
647 1636 784 1709 inreuta,
818 1655 921 1695 omnes
953 1636 980 1694 iu
1011 1635 1117 1695 melius
1149 1636 1398 1696 commutationes
1428 1635 1483 1696 hoc
1511 1649 1602 1715 pacto

244 1721 332 1802 quasi
361 1722 481 1801 pessulo
506 1723 609 1783 obdito
634 1745 650 1784 e
674 1723 864 1804 philosophia
887 1723 1103 1784 excludantur?
1148 1724 1216 1786 Nou
1249 1743 1324 1802 nego
1350 1724 1435 1798 Pico,
1461 1743 1603 1804 magnam

243 1829 315 1872 esso
341 1809 504 1870 uanitatem
529 1813 731 1890 experientiae
756 1816 794 1873 ab
819 1812 980 1890 astrologis
1001 1812 1138 1888 jactatae
1154 1813 1244 1874 etiam
1260 1814 1339 1874 circa
1363 1814 1419 1874 hoc
1437 1821 1543 1892 eaput;
1571 1823 1604 1874 at

244 1916 305 1960 nou
329 1899 396 1959 ideo
421 1901 566 1974 concedo,
593 1902 702 1960 nullam
728 1903 819 1963 luisse
843 1901 1069 1981 experientiam.

334 1985 404 2048 Jatn
429 1987 544 2066 itaque,
576 2001 608 2049 ut
633 1992 712 2050 solet
741 1991 768 2050 iu
799 1992 886 2051 rubus
918 1990 1069 2064 obscuris,
1095 1988 1196 2066 magni
1220 1989 1402 2050 exstiterunt
1425 2007 1542 2050 errores
1567 2009 1603 2050 ex

244 2075 396 2138 serietate
430 2076 615 2153 ingeniorum
649 2079 685 2138 de
719 2080 818 2139 causis
852 2079 1059 2158 cogitantium.
1106 2078 1252 2156 Exemplo
1282 2079 1323 2137 sit
1353 2079 1439 2138 nubis
1467 2078 1603 2157 quaestio

242 2165 375 2226 onmium
400 2165 543 2227 maxima:
578 2165 654 2235 Quis
683 2168 739 2228 nisi
768 2170 857 2245 plaue
888 2169 1011 2229 insanus
1042 2177 1072 2226 et
1103 2167 1131 2226 in
1155 2165 1278 2244 Epicuri
1310 2167 1416 2226 schola
1445 2179 1603 2245 corruptus

244 2253 372 2333 negabit
396 2273 463 2315 esse
478 2254 596 2315 Deum?
621 2275 695 2328 eutn,
720 2265 755 2316 ut
779 2258 815 2317 l).
836 2257 921 2316 Pauli
946 2254 1046 2315 verbis
1070 2265 1146 2329 utar,
1173 2271 1307 2320 attrectet
1327 2284 1390 2320 eum
1412 2285 1490 2320 omae
1513 2281 1604 2337 genus

243 2353 393 2408 homiuum.
429 2341 470 2404 Et
496 2352 595 2404 tamen
621 2345 688 2404 huic
712 2346 915 2423 enpurientiac
941 2353 1012 2422 (quot
1036 2344 1114 2404 salsa
1137 2345 1269 2424 quotidie
1285 2367 1317 2404 se
1332 2346 1510 2419 immiscent,
1535 2346 1604 2405 dum

245 2431 375 2510 quilibet
397 2430 494 2492 Deum
519 2432 577 2493 sibi
603 2433 690 2506 lecit,
725 2435 802 2494 trude
837 2434 955 2512 aliquod
987 2433 1084 2492 sensit
1115 2434 1272 2493 levamen?
1318 2435 1395 2494 Hinc
1420 2444 1465 2493 tot
1488 2432 1605 2512 species

246 2518 423 2597 impietatis.
471 2523 516 2582 At
540 2541 596 2581 riou
621 2522 703 2594 ideo,
736 2524 805 2601 quia
837 2524 982 2600 deceptae
1013 2532 1083 2581 suut
1106 2521 1239 2582 inlinitae
1263 2523 1415 2602 myriades
1438 2522 1604 2600 gentilium,

244 2607 340 2669 etiam
373 2609 561 2688 decipiuntur
595 2609 682 2670 hodie
707 2609 888 2678 Christiani,
920 2612 1050 2683 Tureae,
1076 2609 1199 2684 Judaei,
1224 2610 1320 2672 Deum
1354 2631 1441 2672 unum
1474 2612 1609 2672 colentes

244 2715 373 2776 eumque
396 2700 595 2776 ψηλαφυπες.

335 2785 445 2847 Potest
469 2787 559 2866 igitur
583 2788 610 2847 in
637 2807 667 2846 ro
693 2795 754 2846 tam
780 2788 924 2867 perplexa
948 2788 1028 2861 fieri,
1057 2796 1090 2847 ut
1119 2806 1221 2848 omnes
1245 2786 1275 2847 in
1300 2797 1386 2866 parte
1411 2787 1606 2866 decipiantur,

246 2875 275 2936 in
300 2893 410 2953 genere
436 2885 534 2937 tamen
561 2895 660 2936 verrant
687 2875 797 2954 aliquid
823 2877 1024 2954 experiantur.
1071 2875 1117 2935 De
1137 2875 1208 2937 Sole
1233 2876 1310 2937 alius
1334 2877 1438 2950 credit,
1464 2876 1542 2937 diem
1567 2876 1605 2935 ab

246 2981 282 3024 eo
307 2981 362 3024 ceu
388 2963 527 3024 amictum
554 2965 700 3025 latissime
724 2974 894 3041 porrectum
919 2964 1121 3037 circumferri3
1146 2964 1222 3025 alius
1246 2984 1341 3044 aquas
1365 2967 1403 3025 ab
1427 2985 1462 3026 eo
1486 2964 1603 3025 extrahi

245 3075 262 3114 e
288 3060 385 3126 terra,
417 3053 493 3113 alius
525 3073 598 3113 uvas
623 3051 715 3130 ipsius
741 3053 941 3114 illustratione
966 3053 1103 3125 colorari,
1129 3054 1205 3114 alius
1231 3055 1382 3115 fecundari
1407 3063 1543 3116 naturam
1567 3055 1605 3113 ah

246 3141 343 3222 ipsius
366 3141 504 3220 ingressu
518 3142 547 3201 in
563 3142 709 3212 Arietem,
736 3142 812 3200 nlius
837 3143 945 3216 stellas
965 3162 999 3202 eu
1017 3143 1200 3202 adventante
1225 3142 1307 3203 coelo
1332 3144 1451 3222 expelli.
1499 3142 1603 3203 Philo-

245 3230 362 3310 sophus
386 3230 494 3310 aliquis
518 3230 637 3308 singula
660 3231 849 3309 perpendens
874 3230 997 3303 invenit,
1022 3230 1116 3291 errari
1140 3231 1306 3310 asingulis,
1332 3232 1408 3310 quud
1434 3233 1508 3292 haec
1531 3231 1605 3310 p'ar-

246 3318 388 3382 ticularia
411 3319 530 3392 attinet,
557 3338 650 3397 neque
675 3320 810 3378 sullicerc
831 3317 932 3379 Solem
956 3319 994 3378 ad
1019 3318 1093 3378 ista:
1119 3317 1182 3396 ipsc
1206 3338 1276 3379 vcro
1300 3338 1332 3379 re
1356 3339 1515 3398 perpensa,
1539 3339 1606 3380 cunr

245 3407 350 3470 videat
373 3406 447 3468 haec
470 3408 569 3467 ontuia
592 3426 658 3467 cum
683 3407 763 3468 Solis
789 3426 910 3468 accessu
935 3407 1014 3480 lieri,
1044 3425 1109 3467 cum
1139 3426 1259 3468 recessu
1290 3408 1429 3482 diminui,
1461 3409 1603 3486 generale

248 3496 401 3576 quippiam
427 3495 493 3555 inde
518 3496 648 3574 colligit,
682 3507 833 3556 auctorem
866 3515 934 3557 esse
962 3515 1016 3574 per
1046 3514 1113 3554 sese
1138 3495 1231 3555 solius
1253 3496 1331 3556 lucis
1355 3505 1386 3556 et
1410 3496 1535 3558 caloris:
1568 3515 1605 3556 ex

252 3585 361 3666 quibus
385 3584 500 3644 duabus
524 3585 621 3655 rebus,
646 3586 808 3644 accedente
833 3596 942 3646 natura
965 3603 1062 3645 terum
1085 3583 1299 3650 sublunarium
1324 3585 1533 3645 consecutione
1548 3604 1604 3643 na-

248 3674 340 3736 turali
362 3674 446 3751 sequi
463 3673 578 3750 reliqua
593 3674 702 3746 outuia,
723 3685 752 3732 et
773 3674 928 3734 deficiente
949 3672 1049 3752 aliqua
1069 3691 1161 3731 causa
1180 3672 1235 3732 sub
1250 3673 1337 3734 Luna
1352 3672 1489 3751 impediri
1504 3690 1604 3751 posse.

337 3760 389 3824 Sic
413 3762 483 3822 olim
507 3781 573 3822 cunr
598 3772 769 3840 magnete
794 3782 842 3822 rus
867 3762 986 3834 habuit,
1018 3781 1083 3821 cum
1115 3761 1234 3839 quidam
1257 3762 1391 3823 Jacobus
1414 3763 1439 3822 F
1442 3761 1606 3822 lorentiuus

247 3850 518 3912 animadvertisset
541 3851 569 3909 in
595 3870 629 3908 eo
654 3850 763 3929 polum,
789 3850 837 3928 qui
854 3852 892 3910 ad
908 3851 1007 3927 polum
1024 3849 1123 3909 muudi
1143 3851 1348 3925 contenderet,
1374 3851 1481 3928 quique
1497 3851 1604 3910 ferrum

246 3939 428 4009 attraheret,
452 3939 592 4017 opposita
607 3948 693 4017 parte
709 3939 817 4000 ferrum
834 3940 998 4019 repellente
1005 3957 1013 4011 ;
1038 3938 1142 3998 statim
1158 3939 1348 4012 exstiterunt,
1366 3939 1414 4017 qui
1428 3938 1606 4000 mirabilium

192 4085 196 4102 ,
246 4027 441 4090 artificiorum
467 4046 550 4105 spem
576 4028 727 4098 lacerent;
759 4037 858 4087 motus
892 4027 1028 4106 perpetui
1056 4045 1110 4105 per
1137 4027 1300 4088 claviculos
1329 4027 1358 4088 iu
1387 4037 1455 4088 rota
1483 4029 1607 4100 ferreus,

247 4116 399 4198 sphaerae
423 4134 489 4177 curu
514 4117 597 4175 coelo
621 4115 739 4176 mobilis
764 4116 827 4176 sino
852 4117 959 4177 rotulis
983 4116 1028 4175 vel
1053 4115 1243 4194 ponderibus,
1269 4116 1434 4194 alphabeti,
1460 4135 1516 4195 quo
1541 4115 1607 4194 quis
1679 4155 1683 4162 ·

246 4203 337 4266 alteri
366 4205 405 4264 ad
436 4203 630 4265 coustitutum
663 4213 780 4282 tempus
813 4206 892 4265 ultra
920 4214 1038 4265 centum
1063 4203 1232 4265 milliarium
1256 4205 1386 4282 spatium
1415 4224 1491 4283 quac
1514 4205 1609 4264 uellet

246 4293 448 4374 significaret:
483 4312 559 4370 quae
588 4312 626 4352 en
654 4301 786 4354 tractatu
811 4294 951 4373 Magistri
975 4293 1096 4354 Henrici
1127 4293 1162 4352 de
1191 4293 1305 4354 Hassia
1337 4303 1496 4371 excerpta,
1528 4291 1606 4372 quod

247 4382 384 4444 ostendit
408 4380 541 4453 libellus,
578 4392 648 4442 ante
673 4378 738 4442 200
767 4385 827 4443 t'ere
857 4401 951 4443 annos
981 4380 1216 4460 manuscriptus,
1249 4401 1335 4462 quem
1366 4381 1479 4455 habeo,
1504 4380 1553 4442 ubi
1577 4380 1607 4440 iu

247 4469 408 4532 Taisnietii
430 4469 579 4530 llannouii
602 4489 706 4530 manus
723 4482 876 4545 venerunt,
902 4472 998 4530 denuo
1023 4471 1077 4530 sub
1102 4489 1197 4531 norae
1221 4469 1401 4531 inventionis
1426 4471 1514 4530 titulo
1538 4475 1608 4528 suut
1668 4539 1672 4546 Ι

247 4559 286 4621 ab
311 4577 347 4620 eo
371 4558 526 4637 publicata
549 4559 649 4618 verbis
678 4569 711 4619 ut
739 4559 895 4636 plurimum
926 4560 1044 4635 iisdem,
1074 4559 1277 4620 schematibus
1306 4578 1376 4618 veru
1406 4545 1448 4618 ad
1479 4577 1607 4636 unguem

247 4639 446 4728 expressis.⁸)

338 4736 390 4796 Ad
414 4735 538 4795 eundem
564 4734 681 4794 modum
706 4733 771 4794 ilico
796 4733 989 4794 obsera-atum
1013 4753 1081 4795 esse
1105 4756 1124 4794 a
1148 4735 1299 4797 ueteribus
1328 4744 1358 4793 et
1383 4732 1469 4794 hodie
1498 4733 1607 4793 obser-

248 4824 313 4886 vari
340 4824 501 4885 maximam
526 4823 584 4883 uim
608 4822 847 4900 conjunctionum
872 4823 1059 4901 planetarum
1089 4823 1116 4883 in
1147 4824 1260 4884 ciendis
1291 4822 1486 4883 facultatibus
1510 4840 1607 4882 rerum

249 4912 468 4976 sublunarium:
494 4921 527 4972 at
559 4930 625 4971 cum
659 4930 696 4970 ex
729 4912 783 4970 hoc
812 4910 974 4971 universali
1002 4911 1148 4990 principio
1179 4913 1256 4973 alius
1285 4911 1347 4972 alia
1369 4919 1528 4972 conaretur
1551 4929 1606 4969 ert-

249 5011 382 5075 struere,
413 5019 515 5060 otuues
545 5019 616 5060 vero
647 5002 684 5060 ad
715 4998 915 5077 particulares
949 5000 1169 5078 praedictiones
1203 5001 1432 5073 contenderent,
1466 4998 1607 5078 aphoris-
