3692 5842
751 495 834 560 θην*
851 495 882 545 ¹·
1382 492 1389 497 ’
1431 491 1496 562 337

228 670 332 734 Canu
359 672 503 755 epieycli,
534 691 602 746 sen,
619 671 698 752 apud
722 669 920 751 Goperuicurn
945 689 1039 733 causa
1062 672 1205 735 circuitus
1228 672 1340 735 Terrae
1369 677 1402 733 et
1429 692 1496 735 cunr

136 781 176 824 ea
198 762 294 834 risus,
317 761 460 842 planetae
483 761 570 824 nobis
589 779 647 822 non
667 777 786 840 semper
804 760 955 841 progredi,
981 760 1034 822 sed
1058 761 1207 823 interdum
1231 769 1323 835 stare,
1349 760 1498 823 interdum

137 858 172 911 et
199 851 393 913 retrocedere
421 851 570 913 videntur.
618 848 723 923 Stare,
758 868 824 911 eum
857 850 960 912 multis
989 850 1127 913 noctibus
1159 851 1239 929 apud
1267 850 1393 911 easdem
1421 850 1498 911 lixas

136 940 264 1002 haerere
292 939 572 1019 deprehenduntur:
606 937 812 1013 retrocedere,
843 958 910 999 cnm
940 939 1024 1000 initio
1056 939 1136 1020 apud
1168 940 1245 1001 lixas
1278 937 1496 1010 orientalieres,

136 1036 211 1109 post
235 1028 301 1089 dies
325 1028 441 1109 aliquot
465 1028 542 1108 apud
567 1026 817 1089 occidentaliores
847 1034 1025 1101 cemnutnr3
1058 1029 1102 1089 nti
1134 1047 1149 1088 e
1178 1027 1329 1090 centrario
1363 1028 1497 1107 progedi,

137 1135 207 1179 cunr
230 1118 266 1180 bt
288 1117 481 1179 eontrarium.
528 1115 599 1194 Sed,
625 1124 659 1178 nt
682 1115 759 1190 dixi,
785 1117 866 1197 apud
888 1116 1095 1178 Ptolemaeum
1119 1136 1189 1179 vere
1213 1116 1407 1179 retrocedunt
1428 1116 1498 1196 pla-

137 1214 230 1268 netae
254 1205 284 1268 in
308 1206 370 1268 suis
394 1206 547 1287 epicyclis,
573 1206 643 1266 dum
667 1212 831 1284 peragrant
853 1205 1024 1267 inferiorem
1044 1225 1146 1268 eorum
1161 1206 1398 1268 semicirculum:
1423 1223 1499 1280 curn,

140 1303 175 1357 nt
199 1295 290 1357 docet
312 1295 343 1356 in
367 1295 555 1357 Mechnnicis
578 1294 778 1369 Aristoteles,
808 1294 937 1358 circulus
961 1293 990 1356 in
1014 1303 1118 1376 partes
1143 1295 1311 1357 contrarias
1343 1301 1501 1356 moveatur

140 1401 201 1445 nno
223 1383 390 1465 eodemque
413 1393 509 1458 metu,
535 1384 588 1445 sed
613 1382 741 1443 diversis
764 1383 914 1460 partibus,
941 1392 972 1444 et
996 1385 1043 1445 hic
1066 1383 1196 1464 partium
1220 1392 1320 1447 motus
1343 1390 1498 1463 retrogra-

140 1473 197 1534 dus
219 1471 379 1534 celeritate
404 1481 525 1553 superet
547 1489 741 1552 progressum
771 1472 866 1533 centri
890 1471 1063 1534 tardiorem.
1111 1474 1195 1535 ldem
1225 1473 1305 1554 apud
1328 1471 1499 1555 Tycbonem

140 1563 195 1635 tt,
217 1561 345 1642 planeta
368 1562 487 1642 quidem
514 1561 543 1622 in
569 1560 737 1622 eccentrice
765 1561 898 1622 nonnihil
929 1562 1157 1642 progrediente,
1191 1563 1244 1623 sed
1269 1582 1288 1623 a
1311 1560 1393 1624 Solis
1418 1568 1500 1622 motu

141 1652 209 1731 ipse
231 1669 293 1713 nnn
315 1669 383 1713 cnm
415 1658 481 1712 toto
505 1668 559 1711 suo
584 1649 750 1711 eccentrieo
783 1657 967 1725 retroactus,
991 1652 1021 1711 in
1045 1658 1162 1730 partem
1196 1651 1378 1713 contrariam
1412 1652 1499 1729 louge

143 1739 277 1801 velocius
306 1739 431 1819 rapitur.
479 1738 555 1801 Cum
578 1757 650 1800 sero
673 1755 728 1816 per
750 1732 779 1800 4.
806 1739 905 1818 quarti
929 1740 1105 1802 Vitelliouis
1137 1740 1217 1802 linea
1251 1748 1335 1802 recta
1362 1739 1502 1801 videatur

143 1836 300 1909 punctum,
334 1847 400 1890 cum
424 1837 472 1890 est
495 1829 608 1889 directe
633 1848 651 1887 a
674 1828 739 1887 visu
763 1836 890 1889 extensa
913 1829 1052 1904 ulterius,
1078 1829 1158 1890 idern
1181 1829 1239 1890 erit
1261 1847 1337 1908 pene
1357 1829 1500 1909 judicium

146 1918 237 1979 etde
261 1918 388 1999 epieycli
411 1917 514 1979 circuli
542 1915 697 1998 opsidibus
728 1935 780 1977 seu
809 1918 928 1995 punctis
961 1925 1135 1993 contaetus,
1170 1918 1220 1995 qui
1244 1937 1332 1979 arcus
1356 1940 1375 1979 a
1398 1924 1501 1978 nostro

148 2007 212 2068 risu
236 2006 352 2068 directe
375 2025 452 2086 pene
476 2025 592 2067 sursum
621 2012 781 2084 vergentes
809 2006 839 2066 iu
868 2006 944 2067 coeli
977 2007 1225 2086 profunditatem,
1259 2008 1284 2068 si
1308 2025 1365 2067 non
1389 2004 1502 2085 puncti,

149 2095 289 2157 minimae
322 2106 404 2157 certe
434 2093 615 2176 quantitatis
648 2093 747 2175 specie
779 2104 940 2175 apparent,
973 2115 1063 2176 qnare
1089 2104 1120 2156 et
1142 2095 1307 2157 tardissimi
1340 2096 1420 2156 circa
1450 2113 1503 2157 eas

149 2192 253 2265 partes
276 2192 457 2246 cernuntur:
491 2184 594 2264 itaque
617 2184 679 2245 fieri
703 2190 819 2262 potest,
852 2184 987 2264 quamvis
1011 2184 1160 2247 velociore
1186 2184 1321 2267 epicycle
1345 2202 1432 2264 quam
1457 2192 1506 2245 est

149 2273 350 2343 eccentricns‚
374 2282 408 2335 ut
430 2273 621 2334 nihilominus
644 2280 744 2333 motus
768 2274 927 2334 eeeentrici
952 2273 981 2335 in
1006 2274 1164 2355 sequentia
1192 2283 1223 2335 et
1247 2283 1346 2336 motus
1378 2272 1506 2354 epicycli

149 2363 176 2425 in
199 2362 386 2426 centrarium
419 2362 456 2423 ad
491 2381 612 2423 sensum
645 2363 720 2422 fiunt
749 2362 909 2442 aequales;
944 2362 1045 2444 itaque
1069 2362 1188 2425 sublato
1213 2363 1309 2425 altero
1334 2362 1373 2423 ab
1397 2362 1504 2437 altere,

148 2452 272 2533 planeta
301 2459 384 2513 stare
416 2451 556 2514 videatur
582 2451 672 2531 inque
696 2452 780 2512 coelo
803 2452 870 2531 ipso
898 2461 1038 2532 respectu
1061 2451 1208 2532 sphaerae
1232 2453 1358 2514 lixarum
1381 2452 1508 2512 haereat

149 2542 253 2603 eedem
277 2540 344 2602 loco
368 2539 580 2620 longitudinis:
605 2539 741 2619 quamvis
765 2539 885 2601 interim
909 2540 938 2601 in
962 2541 1042 2602 linea
1063 2560 1140 2623 pene
1165 2546 1250 2602 recta
1271 2542 1320 2602 vel
1344 2561 1363 2601 a
1385 2540 1453 2601 visu
1478 2540 1509 2601 in

149 2630 304 2692 aetherem
342 2647 500 2691 ascensum
537 2629 679 2691 moliatur
711 2627 762 2689 vel
795 2647 832 2689 ex
865 2630 1012 2709 profunde
1050 2629 1173 2692 aethere
1206 2630 1244 2692 ad
1279 2629 1403 2692 Terram
1440 2643 1509 2691 sese

149 2718 300 2782 hurane

234 2814 326 2887 Quod
353 2834 425 2877 vere
449 2813 647 2895 Goperuicom
680 2815 804 2892 attinet,
840 2824 907 2878 tota
930 2816 1004 2879 haee
1035 2816 1202 2879 stationum
1225 2827 1257 2879 et
1281 2817 1508 2898 repedationem

150 2925 300 2984 pnneom
322 2904 520 2985 pulcherrime
544 2923 582 2964 ex
605 2906 714 2985 opticis
738 2907 970 2968 demonstratur.
1005 2906 1052 2968 Ac
1077 2905 1214 2986 quamvis
1236 2907 1347 2969 rectius
1373 2906 1447 2968 haec
1471 2923 1509 2968 ex

151 2997 212 3076 ipso
238 2993 397 3057 discuntur
420 3001 560 3068 anctore,
585 3013 622 3055 ne
641 3004 742 3056 tamen
762 2993 810 3055 hic
829 2995 911 3061 nihil¹
923 2997 1037 3057 dictum
1057 2995 1099 3057 sit
1120 2995 1198 3076 qnod
1218 2995 1362 3057 lectorem
1382 2993 1507 3069 afficiat,

151 3092 287 3165 repetam
320 3083 517 3145 fundamenta
546 3082 641 3144 tribus
676 3082 775 3144 verbis
809 3103 846 3143 ex
877 3085 942 3165 ipso
966 3083 1103 3145 Euclide.
1150 3084 1297 3165 Equidem
1321 3084 1364 3146 sic
1389 3102 1510 3158 censeo,

153 3174 206 3235 nisi
232 3173 296 3235 alia
319 3171 528 3233 habuissemus
552 3181 739 3251 argumenta,
765 3173 871 3252 quibus
891 3174 980 3252 hujus
996 3171 1223 3255 Goperuicannc
1248 3174 1416 3235 sententiae
1435 3192 1509 3255 pre-

152 3263 239 3325 batnr
267 3260 447 3340 antiquitas,
480 3261 529 3322 vel
560 3261 656 3323 solum
689 3262 766 3323 bunc
795 3261 892 3323 locum
917 3262 1053 3323 sufficere
1076 3262 1211 3342 potuisse
1246 3264 1284 3324 ad
1309 3260 1509 3342 Goperuicom

151 3351 345 3434 Pythagorae
368 3368 407 3411 ex
430 3350 525 3412 solido
549 3349 769 3412 vindicandum.
816 3350 950 3412 Primum
978 3358 1103 3412 constat
1130 3371 1197 3412 cum
1226 3369 1281 3432 per
1313 3370 1345 3412 se
1378 3360 1442 3413 tum
1473 3369 1510 3412 ex

154 3440 259 3503 Proclo
283 3439 458 3518 interprete,
482 3446 579 3500 totam
594 3439 729 3501 Euclidis
748 3440 947 3519 geometriam
971 3458 1038 3500 esse
1053 3439 1287 3519 Pythagoricam
1312 3447 1343 3501 et
1362 3440 1511 3501 directam

152 3530 180 3590 in
204 3528 335 3610 quinque
359 3527 545 3589 schematum
569 3529 759 3607 regularium,
785 3546 860 3606 qnae
884 3529 1036 3590 mundana
1060 3527 1170 3602 dixere,
1197 3528 1418 3609 cognitionem:
1442 3528 1508 3589 Eu-

152 3618 245 3680 clides
269 3616 362 3695 igitnr
384 3616 612 3699 Pythagoraeus
637 3618 702 3679 fnit.
745 3616 861 3678 Deinde
885 3618 954 3678 vide
978 3616 1049 3678 mibi
1074 3616 1248 3678 fasciculum
1272 3616 1510 3698 propositionum

152 3706 363 3770 Euclidenrum
386 3705 415 3767 in
440 3704 559 3785 Optieis
583 3705 658 3784 ejus,
684 3724 790 3786 nempe
816 3704 868 3768 53.
895 3702 947 3769 54.
974 3702 1026 3768 55.
1053 3700 1106 3768 56.
1131 3701 1184 3768 57.
1210 3703 1261 3780 53,
1287 3724 1361 3787 quas
1383 3705 1511 3767 Vitellio

154 3795 312 3858 transtulit
334 3793 364 3856 in
388 3814 474 3857 suum
498 3794 604 3857 librom
628 3796 685 3858 IV.
710 3796 931 3875 propositiones
959 3791 1122 3859 134135.
1143 3789 1306 3858 136.128.
1335 3792 1409 3859 132.
1437 3789 1511 3858 133.

156 3882 234 3960 tre,
265 3882 372 3965 quibus
400 3883 519 3963 quidem
553 3884 808 3963 propositionibus
840 3882 983 3947 Euclides
1016 3903 1123 3965 puram
1157 3890 1262 3965 putam
1295 3883 1514 3948 astronomiam

153 3971 391 4055 Gopemicanam
415 3973 551 4035 tradidit.

240 4079 285 4143 Et
307 4078 474 4160 propositio
498 4078 617 4159 quidem
636 4075 687 4142 53.
713 4077 832 4140 videtur
855 4079 1024 4159 exemplum
1047 4097 1145 4141 rerum
1169 4079 1345 4142 coelestium
1369 4098 1512 4161 quaerere

153 4168 182 4231 in
204 4167 297 4232 rebus
321 4168 508 4249 propinquis,
532 4167 622 4248 idque
646 4168 676 4230 in
700 4167 972 4229 considerationem
999 4186 1119 4231 vocare.
1166 4168 1265 4230 Decet
1288 4169 1375 4245 euim,
1408 4197 1510 4245 eornm,

155 4274 224 4329 qnae
246 4258 360 4329 aequali
392 4258 538 4312 celeritate
560 4258 701 4323 feruntur,
732 4258 814 4329 inque
835 4260 932 4312 eadem
954 4264 1032 4313 recta
1057 4258 1196 4322 existunt,
1227 4258 1254 4311 id
1275 4261 1347 4329 quod
1368 4266 1412 4313 est
1433 4260 1512 4313 oculo

154 4339 317 4409 proximum,
339 4339 426 4393 rideri
440 4338 526 4410 sequi,
550 4341 621 4408 qued
642 4337 851 4392 remotissimum
871 4340 1057 4409 praecedere:
1079 4339 1126 4392 uhi
1141 4355 1206 4392 rere
1221 4338 1296 4392 linea
1316 4357 1407 4393 rerum
1427 4339 1513 4394 mobi-

154 4418 219 4475 lium
240 4418 410 4474 concesserit
430 4435 449 4473 a
469 4422 570 4473 dextra
597 4419 671 4472 risus
694 4420 729 4472 nd
750 4418 902 4481 sinistram,
931 4420 1002 4489 qnod
1022 4423 1217 4489 praecesserat
1242 4426 1339 4483 antea,
1367 4418 1426 4488 jam
1448 4420 1513 4474 sub-

156 4509 241 4581 seqni,
264 4509 336 4580 qnod
358 4509 540 4579 sequebatur,
561 4509 729 4577 praecedere
749 4506 844 4561 rideri.
905 4496 1036 4558 Videtur
1073 4498 1111 4558 ad
1149 4516 1265 4558 currum
1304 4505 1374 4559 ante
1412 4497 1514 4559 oculos

156 4591 363 4650 transeuntem
386 4586 557 4668 respicere:
584 4594 618 4649 ut
642 4585 793 4656 ostendat,
818 4586 847 4646 in
869 4584 952 4646 coelo
968 4605 1027 4647 non
1050 4585 1170 4667 quidem
1188 4584 1303 4661 eadem,
1328 4586 1381 4648 sed
1402 4586 1514 4648 similia

156 4675 201 4739 rel
223 4675 315 4757 hujus
339 4674 458 4756 generis
482 4676 577 4738 multa
600 4675 774 4754 contingere
798 4693 857 4735 non
882 4692 951 4735 esse
976 4674 1145 4737 absurdum.
1191 4675 1299 4736 Potest
1326 4682 1427 4737 tamen
1451 4673 1512 4736 ali·

157 4764 219 4847 quis
242 4764 301 4828 hec
324 4763 383 4828 sihi
405 4783 562 4845 usurpare,
586 4772 621 4827 nt
644 4764 844 4836 demonstret,
869 4762 928 4824 etsi
953 4760 1093 4837 Saturne,
1117 4762 1189 4825 Jovi
1213 4769 1245 4824 et
1267 4762 1363 4825 Marti
1387 4761 1514 4846 epicycli

158 4852 422 4918 accommodentur
435 4854 571 4933 ejusdem
585 4853 675 4933 plane
698 4850 915 4930 magnitudinis
930 4852 1050 4931 (qnod
1042 4872 1068 4914 rs
1089 4852 1203 4926 iecerit,
1229 4871 1279 4932 qur
1271 4851 1515 4915 'Ptolemaicnm

160 4944 283 5007 lerneam
304 4960 344 5005 ex
366 4940 548 5023 Tyebenicis
574 4939 836 5004 observationibus
868 4940 1063 5016 correxerit),
1097 4939 1286 5004 nihilominus
1309 4940 1421 5006 Martis
1443 4940 1513 5050 epi·

160 5031 273 5113 cyclum
295 5030 394 5093 vinnm
415 5028 452 5094 iri
475 5030 629 5113 majorem,
655 5027 782 5093 Saturni
803 5027 948 5091 minorem
970 5026 1071 5092 levio.

208 5131 388 5186 ΙΜΟΜ
407 5130 436 5178 ll·
1265 5128 1301 5184 22
