3692 5842
679 490 810 556 Appendtx
829 491 862 542 ad
884 491 967 556 Caput
981 491 1004 560 l.
1252 549 1255 556 ,
1461 490 1522 558 itii)

159 676 256 726 adrem
276 667 447 723 illustrabit:
468 667 537 722 risio
558 676 650 723 umen
665 687 719 723 non
741 679 872 740 sequetur
893 671 1016 739 quamvis
1038 672 1117 724 oculo
1132 672 1159 725 iu
1181 673 1254 727 aeris
1275 673 1409 728 illustrati
1431 673 1523 743 spatio

159 749 322 804 oomtituto.
358 748 531 804 Contrarium
551 748 643 818 potius
664 755 787 804 testatur
808 750 1001 819 experientia:
1024 758 1055 803 ιιι
1076 769 1129 821 quo
1151 753 1249 807 fortius
1271 753 1428 807 illustratur
1449 756 1525 809 color

159 828 271 901 aliquis,
294 829 348 883 boc
367 836 497 883 cernatur
517 826 558 896 (id
580 837 624 883 est
643 828 780 890 reluceat)
809 830 962 883 evidentius
989 831 1069 900 idquc
1098 832 1235 886 continue.
1277 834 1355 904 Ergo
1375 833 1422 887 ubi
1445 835 1524 889 nulla

160 908 262 964 coloris
283 908 443 972 illustratio,
466 910 545 963 nulla
565 909 650 963 etiam
675 910 737 979 ejus
759 910 838 973 risio,
870 910 996 980 quicquid
1017 912 1067 964 fiat
1093 913 1248 981 perspicuo.
1291 914 1336 967 lta
1356 920 1385 967 et
1406 914 1438 965 de
1460 931 1522 984 per-

160 990 257 1061 spicuo
283 996 407 1044 testatur
436 989 625 1059 experientia,
659 1006 711 1060 quo
742 991 831 1060 magis
859 990 885 1043 in
911 990 970 1059 ipso
997 992 1047 1043 lux
1077 992 1318 1055 animadvertitur,
1351 994 1402 1046 hoc
1432 993 1522 1065 magis

160 1069 286 1140 impediri
309 1069 430 1123 colorum
459 1069 591 1123 visionem
612 1072 657 1139 qui
680 1078 756 1124 trans
782 1071 849 1123 illud
881 1077 958 1133 sunt,
991 1072 1057 1140 quia
1086 1072 1209 1125 inhaesio
1240 1074 1308 1126 lucis
1330 1073 1356 1126 in
1377 1074 1522 1143 perspicuo

160 1149 283 1204 destruit
303 1149 488 1204 definitionem
507 1150 655 1219 perspicui.

253 1230 332 1291 Quod
352 1229 375 1283 si
403 1246 520 1298 quaeras
541 1248 578 1283 cx
598 1232 766 1291 Aristotele,
799 1248 851 1299 quo
872 1251 908 1285 ex
931 1250 1035 1301 genere
1062 1239 1152 1285 motus
1179 1233 1227 1295 sit,
1255 1250 1314 1286 eum
1337 1233 1412 1286 color
1432 1242 1522 1288 movet

162 1318 229 1365 actu
251 1309 427 1379 perspicuum
448 1318 478 1363 et
502 1328 561 1363 cum
582 1311 634 1363 hoo
661 1317 753 1364 movet
781 1312 900 1374 oculum,
933 1314 1004 1364 dicct
1035 1313 1131 1381 opinor
1162 1313 1357 1366 alterationem
1381 1307 1456 1382 (cap.
1480 1308 1521 1380 5).

160 1391 192 1446 Si
213 1406 333 1460 quaeras
354 1392 502 1444 secundum
528 1407 607 1460 quam
635 1390 812 1461 qualitatem,
843 1394 989 1445 seeundum
1016 1394 1135 1446 colorent
1162 1400 1274 1461 oportet
1295 1399 1326 1445 ut-
1346 1395 1521 1462 respondeat.

160 1472 240 1542 Ergo
261 1470 436 1541 perspicuum
457 1486 475 1523 a
496 1488 549 1523 uon
570 1472 662 1525 colore
684 1472 712 1524 in
733 1472 851 1523 colorem
873 1480 902 1525 et·
922 1489 1029 1525 rursum
1051 1489 1069 1526 a
1090 1472 1167 1525 viridi
1191 1473 1217 1525 iu
1243 1474 1359 1528 rubeum
1380 1479 1410 1526 et
1430 1481 1521 1527 atrum

162 1550 329 1605 traducitur.
362 1552 436 1605 Idem
457 1549 543 1621 igitur
564 1552 739 1621 perspicuum
761 1553 856 1604 eadem
876 1553 916 1605 sui
940 1558 1021 1621 parte
1043 1554 1166 1606 omuibus
1188 1553 1295 1606 omnino
1317 1553 1454 1606 coloribus
1469 1552 1523 1607 erit

162 1632 300 1684 imbutum
320 1636 351 1683 et
371 1639 463 1684 tamen
485 1630 606 1684 movebit
626 1631 748 1685 diuersos
770 1632 843 1684 visus
865 1650 920 1686 non
941 1632 991 1685 illa
1014 1634 1134 1686 colorum
1156 1632 1327 1695 confusione,
1349 1639 1382 1686 ut
1403 1634 1522 1686 colorum

161 1710 351 1764 coufissionem
372 1711 486 1765 videant
506 1713 622 1764 eandem
636 1730 738 1775 omnes,
761 1714 808 1764 sed
824 1715 893 1781 quod
911 1713 1087 1781 experientia
1109 1720 1231 1766 testatur
1244 1712 1317 1765 huno
1331 1713 1416 1766 saciet
1430 1713 1522 1768 videre

162 1790 259 1852 viride,
282 1790 367 1843 alium
388 1790 504 1861 nigrum,
529 1790 640 1844 tertium
660 1793 784 1845 rubeum.
829 1793 938 1853 Quaeso
961 1800 1053 1845 autem
1076 1808 1130 1862 qua
1150 1793 1258 1845 ratione
1284 1793 1450 1861 pellucidum
1471 1793 1524 1846 hoc

163 1877 312 1941 praestare
339 1871 463 1939 poterit?
494 1872 532 1924 Et
557 1873 690 1941 quomodo
711 1872 739 1924 in
766 1882 903 1926 momento
931 1880 1013 1926 tanta
1047 1872 1119 1925 acris
1146 1872 1317 1940 profundit-as
1345 1872 1521 1936 alterabitur,

160 1952 216 2004 imo
237 1952 371 2020 quomodo
386 1957 429 2003 tot
450 1951 555 2003 colores
576 1951 726 2005 sustinebit
746 1954 842 2005 eadem
857 1961 937 2021 parto
953 1952 994 2005 sui
1006 1959 1016 2004 t
1039 1953 1135 2021 ltaque
1158 1968 1217 2004 cum
1234 1970 1286 2004 nou
1306 1953 1343 2005 sit
1365 1954 1524 2022 adaequata

161 2032 234 2085 haec
256 2030 443 2084 commentitia
465 2047 550 2084 causa
570 2031 680 2084 effectui
701 2050 790 2101 neque
811 2033 958 2085 secundmu
980 2033 1146 2085 varietatem
1167 2031 1301 2084 visionum
1316 2049 1369 2085 uno
1384 2039 1414 2084 et
1428 2033 1523 2086 eodem

161 2116 301 2165 momento
328 2110 421 2163 varios
444 2120 474 2164 et
499 2110 561 2179 ipsa
586 2113 679 2166 modos
708 2112 841 2180 accipiat,
874 2130 923 2181 pro
946 2113 1025 2165 nullu
1052 2112 1180 2166 habetur.
1223 2112 1429 2180 Amplectamur
1454 2127 1531 2182 ergo.

161 2207 258 2245 veram
279 2191 447 2244 sententiam
467 2191 519 2243 hoc
540 2191 632 2260 capite
653 2192 818 2261 descriptam
840 2204 870 2245 et
893 2192 1111 2246 irreftrtabilibus
1140 2192 1337 2261 experimentis
1359 2190 1522 2253 stabilitam,

162 2288 181 2325 a
201 2270 268 2324 Sole
293 2269 400 2324 scilicet
420 2279 450 2325 et
470 2287 488 2323 a
513 2271 649 2325 coloribus
672 2272 736 2325 Sole
764 2271 910 2325 illustratis
943 2274 1061 2325 defluere
1092 2273 1198 2341 species
1224 2271 1376 2325 consimiles
1407 2271 1522 2341 ipsoque

162 2352 242 2405 fluxu
264 2351 414 2413 attenuari,
437 2353 523 2404 donec
544 2351 570 2403 in
591 2351 708 2405 medium
730 2369 892 2421 quacunque
914 2354 1021 2405 ratione
1050 2368 1165 2421 opacum
1188 2351 1306 2404 incidant
1331 2350 1423 2421 ibique
1445 2366 1523 2404 suum

161 2432 268 2485 sonum
289 2429 462 2501 depingant:
482 2431 596 2501 fierique
617 2431 749 2485 visionem
772 2431 854 2501 (quod
876 2434 949 2485 infra
968 2449 1027 2501 cap.
1048 2432 1073 2486 5.
1097 2429 1223 2495 dicetur),
1246 2449 1305 2485 cum
1328 2447 1429 2500 opacus
1451 2430 1523 2485 oculi

160 2511 256 2581 paries
278 2512 331 2564 hoc
352 2512 430 2564 modo
451 2511 584 2582 pingitur,
607 2512 756 2574 conhrsam,
780 2529 838 2566 cum
861 2513 1063 2566 confunduntur
1085 2513 1122 2565 ibi
1143 2512 1268 2582 picturae
1289 2512 1428 2565 variorum
1448 2510 1522 2565 colo·

160 2607 229 2654 rum,
253 2591 420 2653 distinctam,
443 2609 503 2645 cum
523 2610 577 2644 non
599 2593 810 2646 confunduntur.

251 2670 312 2725 Nisi
334 2670 405 2725 euim
427 2672 492 2725 talis
515 2672 640 2725 defluxus
662 2673 819 2742 specieique
837 2673 981 2725 defluentis
1004 2671 1161 2725 attenuatio
1183 2672 1361 2730 adsciscatur,
1383 2683 1523 2742 nunquam

160 2750 350 2805 Aristotelicis
372 2751 512 2821 principiis
527 2752 670 2815 efficietur,
693 2760 725 2805 ut
740 2753 834 2805 oculus
850 2752 934 2805 aliter
955 2753 1093 2806 afficiatur
1113 2751 1218 2804 risione
1239 2756 1362 2804 remotae
1377 2750 1417 2802 rei
1439 2750 1523 2805 aliter

161 2830 344 2902 propinquae,
367 2831 524 2901 quantitate
546 2832 606 2885 visa
627 2840 656 2884 ct
677 2832 768 2885 colore
789 2833 848 2885 uiso
870 2832 897 2885 in
918 2833 978 2900 pari
1000 2834 1089 2903 gradu
1111 2848 1162 2901 por
1186 2830 1438 2900 compensationem
1458 2847 1521 2884 con·

162 2911 279 2966 stitutis.
323 2911 392 2963 Vide
413 2913 446 2964 de
468 2911 520 2964 hoc
541 2902 625 2965 etiam
646 2928 706 2980 cap.
731 2912 756 2966 3.

242 2990 392 3045 Sententia
415 2991 459 3045 13.
482 3009 576 3045 verum
598 2993 649 3044 hoc
679 2993 779 3053 habet,
811 2994 916 3045 colores
939 3010 993 3045 non
1015 2990 1066 3044 nisi
1089 2990 1116 3043 iu
1138 2991 1198 3043 luce
1224 2989 1322 3052 videri,
1355 2996 1385 3043 at
1411 3006 1523 3045 causam

161 3071 294 3142 assignat
315 3070 424 3134 falsam,
447 3074 509 3124 dum
530 3073 617 3126 lucem
638 3073 776 3142 perspicui
798 3089 884 3125 causa
905 3070 1061 3133 introducit,
1084 3087 1163 3139 quae,
1187 3081 1219 3124 ut
1239 3070 1304 3133 dixi,
1327 3077 1408 3124 nocet
1427 3070 1520 3139 potius

162 3150 321 3221 perspicuo.
349 3152 413 3205 Lux
435 3159 527 3205 autem
549 3152 609 3206 ideo
630 3153 780 3224 requiritur
795 3155 829 3205 ad
845 3153 949 3205 colores
972 3152 1109 3213 videndos,
1133 3151 1196 3220 quia
1217 3151 1322 3203 colores
1338 3167 1391 3203 non
1412 3150 1523 3205 radiant

161 3239 212 3285 aut
233 3231 354 3300 speciem
383 3232 513 3286 emittunt
533 3232 560 3286 in
581 3234 821 3303 hemisphaerium,
845 3233 895 3285 nisi
917 3233 1091 3286 illustrentur
1112 3232 1172 3283 lucc
1194 3230 1265 3284 Solis
1286 3237 1336 3283 aut
1357 3231 1520 3286 facularum.

242 3328 288 3383 Ito
318 3317 458 3383 sententia
481 3332 525 3383 14.
555 3332 638 3400 plane
668 3334 852 3400 pervertenda
878 3339 930 3386 est.
973 3333 1033 3393 Quo
1059 3332 1121 3399 plus
1143 3330 1238 3382 oculus
1265 3329 1372 3398 patitur
1398 3328 1521 3396 (visionis

89 3413 90 3420 ’
161 3405 261 3472 causa)
283 3409 320 3462 ab
340 3409 515 3472 intermedio,
547 3412 599 3464 hoc
624 3413 712 3464 minus
742 3419 818 3465 recte
844 3420 874 3464 et
899 3412 1044 3480 perspicue
1065 3428 1109 3463 res
1141 3418 1218 3462 trans
1249 3408 1316 3461 illud
1346 3409 1520 3463 videbuntur.

163 3491 241 3543 Tunc
263 3489 360 3558 itaque
381 3488 584 3558 perfectissima
604 3494 635 3545 lit
655 3492 736 3555 visio,
760 3510 820 3545 cum
841 3494 936 3545 oculus
959 3493 1042 3560 plane
1064 3490 1131 3542 nihil
1154 3491 1189 3541 ab
1218 3488 1378 3541 intermedio
1404 3490 1521 3557 patitur.

253 3570 293 3622 Et
316 3569 367 3622 15:
389 3570 473 3639 plane
495 3572 590 3625 oculus
612 3588 629 3625 a
651 3573 749 3625 coloris
771 3573 864 3641 specie
884 3588 935 3641 per
956 3588 1053 3640 corpus
1079 3570 1244 3639 pellucidum
1267 3575 1429 3622 transeunte
1450 3570 1521 3622 alte·

163 3656 246 3705 ratur
267 3649 328 3703 sine
349 3666 401 3719 ope
422 3650 563 3719 pellucidi.

253 3730 294 3783 Et
317 3731 368 3783 16:
390 3730 413 3783 si
433 3731 517 3799 plane
538 3748 628 3785 vacua
649 3740 725 3785 esset
745 3732 824 3802 regio
845 3733 952 3785 coelum
972 3738 1002 3784 et
1022 3732 1135 3783 Terram
1153 3728 1237 3791 inter,
1265 3727 1381 3781 omnium
1410 3743 1523 3782 accura-

165 3811 275 3865 tissima
296 3811 377 3863 fieret
397 3809 465 3863 visio
487 3829 589 3874 eorum,
612 3812 725 3881 quaein
746 3814 823 3865 coelo
841 3812 901 3880 jam
923 3812 1051 3864 videntur
1072 3803 1254 3876 (nontamen,
1278 3809 1349 3878 quod
1363 3808 1411 3861 ille
1431 3807 1521 3877 philo·

163 3891 271 3961 sophus
293 3890 412 3953 dicebat,
435 3891 566 3946 formicae
587 3892 615 3945 in
637 3893 722 3954 coelo,
746 3892 910 3961 impediente
933 3893 984 3944 hoc
1006 3889 1196 3944 imbecillitate
1217 3884 1413 3953 instrumenti).
1428 3882 1463 3946 ¹²)

254 3989 354 4058 Itaque
383 3988 497 4042 videant
523 3989 571 4042 alii
597 3990 660 4060 quid
689 3991 721 4042 de
752 3990 886 4060 analogia
914 4005 1042 4042 sensuum
1069 3985 1208 4039 sententia
1236 3988 1280 4042 ll.
1303 3987 1460 4040 introducta
1487 3985 1525 4040 sit

163 4069 348 4124 sentiendum.
379 4069 448 4130 Quid
470 4070 493 4121 si
514 4070 585 4123 enim
606 4070 740 4140 analogia
761 4070 799 4122 sic
820 4069 913 4138 potius
935 4070 1075 4130 formetur,
1096 4073 1129 4119 ut
1149 4072 1295 4135 postquam
1317 4068 1394 4119 uobis
1410 4069 1443 4119 de
1463 4065 1523 4119 visu

163 4155 277 4205 constat
294 4148 355 4217 jam
377 4151 412 4202 ad
433 4148 493 4217 ejus
516 4166 636 4203 normam
657 4152 740 4203 etde
762 4151 856 4203 auditu
879 4152 966 4220 deque
989 4150 1105 4202 odoratu
1127 4147 1304 4215 disputemus.
1345 4148 1383 4199 Et
1403 4148 1436 4198 de
1459 4147 1522 4199 odo·

163 4238 229 4286 ratu
252 4229 360 4301 quidem
381 4247 460 4283 nemo
480 4230 597 4300 negabit
618 4230 730 4283 effluere
752 4230 891 4299 quippiam
913 4230 1002 4282 odoris
1017 4247 1054 4281 ex
1068 4227 1131 4295 ipsa
1151 4228 1309 4280 substantia
1323 4225 1362 4278 rei
1383 4224 1523 4295 recipique

164 4311 192 4365 in
212 4326 313 4372 nares,
345 4310 425 4380 idque
446 4316 525 4363 tanto
547 4310 642 4363 sentiri
664 4309 763 4363 fortius
795 4317 898 4379 quanto
924 4310 1041 4377 medium
1062 4313 1091 4359 ct
1116 4305 1250 4362 distantia
1276 4305 1422 4359 minuitur:
1454 4305 1523 4358 adeo

163 4391 235 4446 nihil
257 4392 293 4445 ad
314 4388 513 4443 informandum
535 4406 644 4443 sensum
666 4392 772 4443 confert
792 4390 836 4443 hic
857 4390 981 4443 medium.
1015 4386 1140 4450 Quinimo
1161 4393 1284 4455 tempore
1305 4384 1413 4438 sistitur
1432 4385 1523 4438 fluxus

163 4472 227 4533 iste,
250 4470 411 4525 substantia
431 4477 552 4524 vacuata
572 4476 602 4523 et
623 4478 765 4523 arescente
793 4472 878 4524 fonte.
922 4472 1053 4539 Quodque
1080 4468 1182 4520 attinet
1209 4465 1413 4535 proportionem
1440 4463 1523 4533 hujus

164 4550 269 4605 efflurii
292 4551 327 4603 ad
348 4550 480 4612 medium,
503 4551 609 4603 scilicet
630 4553 664 4604 ad
690 4556 796 4612 aerem,
827 4553 893 4604 odor
920 4551 992 4621 ignis
1019 4548 1153 4601 rationem
1186 4547 1272 4599 habet
1299 4560 1460 4614 sursumque
1487 4544 1523 4597 ab

94 4693 101 4706 ,
163 4630 240 4687 aeris
262 4629 434 4685 foeculentia
454 4630 615 4699 expellitur.
646 4632 674 4683 ld
696 4648 754 4684 cum
777 4632 843 4684 alibi
866 4641 922 4685 turn
944 4628 1146 4683 evidentissime
1162 4627 1188 4679 in
1204 4625 1365 4680 carinthiae
1385 4623 1524 4677 montibus

163 4710 364 4768 excelsissimis
385 4718 416 4764 et
434 4711 518 4780 plane
539 4711 625 4764 calvis
648 4711 866 4765 animadversum
888 4718 940 4766 est.
978 4711 1051 4763 Vero
1072 4724 1188 4777 namque
1209 4723 1259 4775 per
1280 4723 1326 4759 eos
1349 4705 1524 4762 ambulantes

164 4791 347 4848 maritumas
369 4791 478 4862 quidam
492 4797 522 4846 et
535 4792 619 4861 plane
642 4791 793 4845 ambrosius
810 4794 876 4845 odor
889 4811 927 4845 ex
942 4789 1074 4858 subjectis
1092 4787 1252 4840 florentibus
1273 4786 1394 4839 vallibus
1409 4782 1523 4853 excipit.

247 4880 331 4937 Circa
352 4881 474 4935 auditum
496 4882 656 4952 perplexior
677 4881 783 4951 quidem
798 4888 842 4935 est
862 4882 936 4935 ratio
957 4877 1112 4933 emanantis
1127 4876 1229 4947 speciei
1244 4876 1313 4928 ictus
1329 4889 1411 4946 quam
1424 4872 1523 4936 odoris,

164 4962 277 5020 melior
297 4968 393 5017 umen
412 4978 494 5032 quam
515 4962 622 5017 coloris.
651 4961 732 5015 Lucis
754 4961 825 5015 euim
846 4970 935 5016 motus
957 4961 985 5014 in
1006 4965 1141 5013 momento
1157 4964 1208 5010 est.
1237 4958 1310 5010 lctus
1331 4971 1397 5008 vero
1418 4952 1524 5024 species

163 5053 293 5116 mpure
314 5041 454 5099 dimmt:
475 5043 538 5114 plus
560 5043 646 5115 igitur
665 5059 696 5096 se
718 5043 753 5097 ad
773 5042 908 5097 maasiae
933 5041 1056 5097 rationes
1082 5039 1277 5095 accommodat.
1318 5036 1357 5090 Et
1376 5035 1449 5107 quod
1468 5050 1524 5089 me·
