3692 5842
727 493 996 548 cxxxi-cmm.
1473 495 1538 564 565

271 666 377 747 ltaque
401 674 546 746 qnantum
569 677 743 732 attenuatur
767 672 842 745 lcns,
866 680 985 733 tantum
1008 672 1166 751 elongatur
1190 691 1350 736 concursus
1375 675 1448 737 iere.
1542 750 1545 756 .

274 753 437 818 CXXXII.
485 758 711 838 Propositio.
762 759 797 822 si
829 761 947 822 cavitas
977 779 1016 822 ex
1048 761 1155 823 minori
1187 761 1297 824 circulo
1331 764 1421 826 luerit
1453 784 1541 845 quarn

224 843 374 920 avexitas,
408 845 484 907 radii
509 848 594 909 nnius
623 850 726 928 puncti
754 849 902 910 diametro
926 857 996 929 post
1020 868 1184 912 convexum
1207 849 1348 913 collocati
1380 852 1539 932 divergnnt

224 932 313 1012 rplius
346 935 476 996 transita
504 936 595 998 lente.
644 936 704 999 Seu
732 938 908 999 convexitas
942 938 1066 1017 majoris
1098 938 1201 1001 circuli
1233 940 1382 1021 derogans
1415 941 1542 1003 caritati

224 1021 316 1097 noris,
340 1032 480 1102 praestat
503 1026 641 1087 effectum
665 1026 807 1088 navitatis
831 1027 935 1089 circuli
959 1027 1048 1088 valde
1072 1029 1183 1106 magni.

273 1109 367 1173 Radii
400 1114 478 1176 eninr
504 1111 572 1188 ΟΕ,
597 1115 652 1175 DF
680 1117 761 1176 intra
791 1135 898 1194 corpus
934 1137 952 1177 a
984 1123 1095 1196 puncto
1126 1115 1154 1177 G
1188 1116 1353 1192 venientes,
1391 1117 1446 1182 Fia-
1465 1113 1511 1167 ³5·

230 1199 262 1261 id
286 1199 434 1262 diametro
454 1198 550 1265 dist'at
564 1224 582 1265 a
596 1221 739 1279 convexo,
763 1204 901 1283 paralleli
921 1214 992 1266 sunt
1014 1223 1069 1284 per
1081 1204 1216 1266 XXXV.
1249 1203 1351 1275 Quare
1496 1231 1500 1239 ·

224 1295 290 1350 tant
311 1287 365 1350 EF
393 1308 555 1354 concavam
583 1292 731 1373 obliquius
760 1311 849 1372 quam
879 1312 1045 1355 convexam
1078 1292 1150 1367 CD;
1185 1301 1288 1354 cetera
1317 1303 1351 1354 nt

224 1375 330 1441 IXIX.
364 1377 465 1442 SiuG
487 1381 609 1461 propius
634 1381 743 1443 luerit:
769 1381 821 1445 cn
841 1389 873 1443 et
891 1383 947 1443 DF
969 1383 1048 1444 intra
1063 1400 1171 1461 corpus
1195 1382 1353 1461 divergent

224 1465 364 1618 mqchF
386 1485 440 1546 per
462 1469 642 1545 xxxvn,
667 1471 764 1549 magis
788 1479 888 1532 autern
911 1471 983 1540 ΕΗ,
1007 1472 1058 1534 FB
1082 1471 1204 1533 refracti
1227 1472 1256 1532 iu
1281 1477 1352 1533 altre

224 1573 236 1616 r
319 1555 361 1618 11.

273 1641 454 1707 CXXXIII.
477 1674 479 1677 ·
501 1645 725 1725 Propositio.
778 1646 812 1709 Si
840 1648 959 1711 cavitas
989 1648 1079 1710 lentis
1108 1667 1169 1709 nna
1196 1647 1351 1726 superficie

224 1750 336 1794 uvexae
360 1740 494 1795 centrum
523 1754 606 1796 snum
639 1736 779 1798 habuerit
810 1737 936 1798 interius
960 1746 1063 1798 centro
1096 1737 1242 1798 convexi:
1276 1735 1352 1799 radii

224 1823 286 1888 ntti
316 1822 408 1884 etiam
440 1823 594 1903 longinqui
618 1844 672 1904 per
701 1826 811 1887 lentem
844 1826 1013 1887 efficiuntur
1045 1827 1248 1906 divergentes.
1295 1824 1354 1886 Illa
1394 1862 1413 1902 3
1495 1864 1514 1905 ι

224 1909 369 1992 qnipollet
392 1911 466 1973 lenti
489 1930 563 1990 pnre
587 1933 680 1975 cavae
705 1915 815 1976 circulo
840 1916 927 1975 valde
952 1933 1071 1994 magno.

270 1999 351 2062 Nam
374 2000 416 2062 sit
439 1999 467 2061 G
492 2010 633 2080 punctum
666 2003 871 2082 longinquum,
907 2022 977 2082 ergo
1007 2003 1069 2082 ejus
1098 2002 1175 2064 radii
1200 1999 1267 2070 GC,
1293 1996 1352 2061 GD

224 2087 321 2169 ralleli
344 2098 415 2151 sunt
437 2107 492 2167 per
505 2089 624 2152 XXIII.
662 2091 744 2171 Ergo
769 2091 832 2161 CF,
858 2092 912 2152 DF
936 2092 1015 2152 intra
1038 2109 1146 2171 corpus
1169 2096 1353 2167 convergent

224 2175 405 2252 rXXXIV,
431 2196 466 2239 ac
487 2178 513 2239 si
532 2197 730 2242 concursuras
752 2188 855 2241 essent
878 2179 1127 2260 sesquidiametro
1151 2179 1352 2240 convexitatis

235 2265 306 2328 IIII.
345 2264 461 2336 Quodsi
494 2275 597 2329 centro
620 2269 797 2331 Bcircnlns
828 2268 924 2330 minor
948 2287 1002 2348 per
1024 2267 1050 2328 F
1075 2267 1265 2341 scriberetur,
1290 2273 1352 2328 turn

224 2356 247 2432 l,
286 2355 338 2417 FB
369 2355 586 2435 interciperent
614 2357 780 2437 portionem
812 2357 876 2436 ejus
906 2358 1070 2436 majorem,
1103 2376 1191 2438 qnam
1220 2363 1269 2416 est
1298 2352 1353 2416 CD

224 2450 324 2524 epectn
352 2445 398 2507 sni
429 2444 541 2506 circuli.
590 2447 697 2521 Patet3
730 2464 796 2507 cnm
821 2446 899 2508 enim
924 2444 978 2508 cn
1011 2446 1117 2507 tendat
1149 2464 1255 2505 versus
1276 2443 1353 2517 ΗΗ;

224 2540 325 2595 netum
348 2533 375 2593 Ε
398 2532 522 2595 inferius
551 2542 600 2596 est
627 2535 707 2595 linea
731 2532 794 2596 CB.
842 2532 895 2596 CB
919 2553 990 2596 vero
1014 2536 1061 2607 (et
1088 2553 1146 2594 non
1171 2531 1272 2605 CHH)
1295 2532 1352 2593 ab·

224 2620 339 2684 luderet
362 2623 482 2683 demum
504 2623 658 2706 portiones
682 2623 805 2685 similes.
844 2623 942 2684 Multo
965 2623 1062 2702 magis
1085 2623 1176 2702 igitnr
1199 2630 1269 2682 tnnc
1292 2620 1345 2680 EF
1368 2619 1466 2700 major
1489 2616 1548 2680 erit

224 2709 292 2773 cnli
323 2711 369 2772 sui
401 2711 517 2791 portio,
550 2731 617 2773 curn
650 2713 716 2791 ejus
749 2723 884 2773 centrum
908 2720 957 2774 est
988 2731 1080 2792 snpra
1101 2712 1141 2784 Β,
1167 2720 1201 2772 ut
1228 2711 1257 2772 in
1280 2709 1320 2771 A.
1368 2706 1449 2778 Quia
1473 2723 1544 2785 ergo

224 2799 285 2880 qjor
307 2807 355 2861 est
378 2799 477 2879 portio
501 2798 557 2861 EF
580 2819 669 2880 quam
685 2798 749 2873 CD,
774 2801 868 2880 major
892 2809 941 2862 est
964 2801 1056 2862 etiam
1079 2798 1233 2861 inclinatio
1250 2796 1303 2860 ΟΕ
1322 2797 1362 2858 ad
1378 2796 1433 2858 EF
1456 2813 1546 2876 qnam

250 2885 317 2950 CD.
365 2889 464 2968 Major
487 2887 578 2967 lgitnr
602 2888 744 2952 retractio
767 2888 797 2949 in
820 2889 847 2950 E
871 2898 1050 2963 extrorsum,
1074 2907 1127 2968 per
1151 2888 1190 2951 ll.
1215 2905 1304 2968 qnam
1327 2886 1359 2946 in
1383 2883 1407 2947 C
1431 2884 1545 2946 intror-

224 2997 262 3051 m,
288 2995 394 3038 versus
417 2975 515 3040 BDG.
553 2979 621 3039 Non
646 2986 717 3040 sunt
740 2976 831 3054 igitur
853 2980 1017 3058 parallelae
1043 2975 1110 3051 GC,
1134 2976 1201 3039 ΕΗ.
1238 2977 1368 3038 Etcum
1394 2971 1461 3047 GC,
1487 2968 1547 3032 Gn

226 3075 336 3128 uantur
359 3066 535 3145 parallelae,
559 3067 624 3141 DB,
649 3068 706 3128 ΕΗ
733 3085 834 3128 earum
866 3069 1016 3130 retractae
1040 3068 1070 3128 in
1094 3065 1131 3138 Β,
1156 3067 1181 3127 F
1204 3083 1278 3126 cavo
1307 3063 1434 3126 termino
1459 3058 1546 3122 densi

224 3154 321 3234 rporis
346 3156 513 3234 divergent.
1227 3179 1230 3184 ·

277 3241 455 3305 CXXXIV.
488 3243 716 3323 Propositio.
765 3243 885 3305 Diversi
909 3243 1028 3323 generis
1053 3243 1150 3303 lentes
1174 3261 1276 3320 purae,
1301 3239 1473 3303 associatae
1498 3237 1546 3296 iu-

224 3351 343 3412 cemqne
368 3332 527 3411 contiguae
552 3331 757 3411 aeanpollent
782 3333 854 3394 lenti
879 3333 965 3393 minti
989 3332 1117 3410 generis,
1143 3338 1175 3390 et
1200 3330 1320 3391 taudem
1345 3327 1418 3390 lenti
1441 3343 1544 3404 purae.

275 3421 512 3482 Demonstratnr
545 3421 606 3481 lere
641 3430 674 3482 nt
697 3418 829 3483 CXXV.
876 3420 927 3482 Sit
957 3421 1034 3482 enim
1067 3420 1133 3479 lens
1165 3436 1301 3478 convexa
1324 3415 1378 3479 ΟΡ
1409 3422 1441 3475 et
1470 3430 1547 3474 cava

224 3508 314 3585 rtet
337 3511 493 3588 redigatur
524 3508 620 3587 ipsins
648 3507 703 3569 ΟΡ
731 3517 857 3587 ntraqne
890 3527 1025 3569 convena
1055 3507 1227 3586 superficies
1344 3575 1350 3586 ,

244 3618 333 3662 nnam
358 3616 526 3659 convexam
549 3597 600 3659 ST
623 3616 676 3677 per
699 3596 847 3659 LXXIX
1323 3575 1378 3639 ΡΨ·
1396 3569 1440 3621 ³⁸·

278 3688 339 3749 Per
362 3685 511 3749 CXXVI.
543 3706 614 3747 vero
646 3686 737 3747 etiam
766 3685 863 3765 ipsius
888 3683 946 3756 ΟΒ
980 3685 1130 3746 cavitates
1153 3684 1235 3744 redi·
1293 3693 1497 3747 (νοτ

224 3785 300 3839 ntur
330 3777 361 3838 iu
395 3794 485 3838 nnam
510 3774 573 3836 VX
605 3776 716 3854 fiatque
748 3774 833 3836 mixti
863 3774 983 3853 generis
1016 3775 1080 3835 lens
1109 3771 1232 3847 S'IXV,
1311 3773 1480 3859 p><1q

229 3866 298 3928 odsi
330 3865 501 3944 praepollet
531 3862 649 3925 cavitas
680 3861 756 3936 VX,
787 3863 842 3923 hoc
873 3871 921 3925 est
953 3863 980 3924 si
1010 3863 1074 3942 ejus
1105 3861 1233 3922 circnlns
1419 3890 1424 3898 ·

224 3955 359 4028 tminor,
387 3954 452 4014 lens
471 3947 573 4014 mixta*
583 3952 767 4032 aequipollet
785 3969 858 4030 pure
874 3972 968 4013 cavae
983 3970 1038 4031 per
1053 3948 1231 4012 CXXXIII.
1292 3985 1306 4032 g

224 4042 387 4124 aproinde
413 4040 476 4117 ΟΡ,
502 4039 562 4112 QR
585 4040 698 4102 diversi
726 4040 846 4119 generis
874 4041 998 4118 junctae
1032 4039 1236 4118 aequipollent
1305 3990 1332 4133 z
1465 3992 1490 4120 i

224 4149 263 4192 re
285 4149 380 4194 cavae
405 4129 508 4192 circuli
539 4129 628 4190 valde
652 4128 762 4207 magni.
811 4126 864 4189 Sin
898 4138 999 4190 antem
1030 4127 1231 4208 praepolleret

224 4222 364 4282 uvsxitas
379 4218 439 4293 ST,
460 4225 585 4297 propter
598 4218 742 4278 minorem
757 4217 908 4291 circulum,
927 4227 961 4278 nt
975 4218 1003 4278 in
1020 4217 1174 4278 schemate
1190 4213 1243 4278 34.
1260 4217 1290 4277 iu
1305 4219 1446 4295 menisco,
1463 4219 1547 4283 ABC

224 4309 369 4371 unexitas
391 4306 497 4386 major,
512 4303 599 4367 ADC
620 4305 737 4367 cavitas
757 4303 861 4378 minor,
884 4316 956 4368 tnnc
977 4307 1041 4367 lens
1063 4305 1159 4365 mixta
1172 4305 1237 4380 SX,
1262 4325 1297 4366 ao
1317 4307 1441 4383 proinde
1456 4309 1549 4372 etiarn

224 4413 269 4458 aa
282 4397 411 4460 invicem
425 4395 561 4457 sociatae
578 4393 640 4469 ΟΡ,
657 4392 717 4464 QR
726 4395 850 4473 junctae
866 4395 1070 4474 aequipollent
1084 4412 1156 4473 pnre
1174 4412 1336 4467 convexae,
1349 4413 1403 4473 per
1419 4394 1549 4460 CXXX.

280 4484 444 4550 CXXXV.
491 4482 696 4544 Problema.
743 4484 978 4545 Instrumentnm
1006 4501 1113 4562 parare
1141 4482 1245 4563 magni
1274 4482 1376 4545 circuli
1403 4504 1548 4559 convexo,

225 4573 271 4636 od
291 4573 414 4636 brevius
439 4572 480 4633 sit
503 4571 642 4651 opinione
666 4571 794 4645 illorum,
819 4572 869 4652 qui
892 4571 1059 4634 communia
1083 4570 1243 4634 fabricant.

278 4663 328 4725 Fit
360 4660 516 4743 geminato
549 4678 682 4721 convexo
716 4660 818 4734 unico,
857 4661 955 4722 altero
987 4661 1069 4722 intns
1100 4660 1231 4736 latente,
1267 4661 1346 4740 qnod
1377 4663 1549 4742 speculator

224 4761 315 4827 noret,
341 4769 397 4830 per
422 4748 554 4813 CXXV.

278 4838 463 4904 CXXXVI.
511 4836 712 4899 Problema.
760 4837 995 4899 Instrumentum
1022 4857 1130 4918 parare
1154 4839 1255 4919 magni
1278 4835 1381 4900 circuli
1404 4855 1479 4898 cavo
1502 4839 1551 4912 (et

225 4915 356 4992 ianam
379 4934 504 5008 superet
526 4924 667 4988 circulum
691 4924 830 4999 convexi)
855 4926 933 5005 qnod
956 4925 1088 4988 visibilia
1110 4933 1320 5007 repraesentet
1343 4925 1457 5004 majora
1479 4925 1548 5006 opi·

224 5017 277 5076 ins
292 5034 415 5092 aarum,
439 5014 490 5097 qni
513 5011 680 5078 communia
703 5012 902 5075 instrumenta
926 5013 1085 5077 fabricant.
