3692 5842
322 474 385 546 138
785 475 1018 550 bonomensis
1037 484 1203 538 visuram.

320 661 449 740 longum,
475 668 508 722 ut
530 660 560 721 in
585 667 690 740 partes
708 661 767 723 BH
789 664 874 735 (nam
894 671 1032 744 respectu
1056 663 1142 744 hujus
1165 665 1259 727 solius
1283 665 1380 727 lineae
1400 662 1531 727 maximo
1554 660 1679 742 obliqua

320 749 429 811 estad
453 750 549 829 ipsam
573 750 662 822 AB),
698 759 730 812 et
753 750 847 812 fertur
870 752 934 813 sive
967 760 1142 815 attenuatur
1166 754 1216 815 lux
1240 774 1296 816 non
1330 773 1434 816 versus
1467 761 1587 834 partem
1613 748 1678 821 BC,

319 838 374 901 sed
397 855 504 899 versus
529 838 596 899 BH.
644 838 725 916 Ergo
750 841 922 921 superficies
947 861 984 903 ex
1007 850 1093 922 parte
1116 843 1174 903 ΒΗ
1197 844 1315 906 resistit
1337 843 1405 905 buic
1430 842 1525 903 motui
1549 840 1677 902 existit-

319 945 377 1010 que
399 925 468 989 hinc
492 926 578 1006 quasi
603 929 750 1007 quaedam
775 930 897 991 reflexio
921 931 978 992 AB
1003 931 1032 991 in
1056 930 1125 1006 BG,
1150 933 1239 1013 plane
1267 932 1372 994 similis
1397 931 1471 1005 illis,
1501 949 1581 1011 quae
1604 929 1678 991 flunt

319 1016 349 1079 in
373 1016 548 1097 corporibus
572 1017 759 1078 naturalibus
782 1019 937 1097 projectis.
1438 1058 1445 1070 .

408 1105 546 1166 Tentabo
577 1105 701 1166 eandem
735 1107 991 1187 comparationem
1020 1115 1119 1170 motus
1148 1108 1267 1189 physici
1295 1128 1361 1170 cunr
1390 1117 1471 1169 motu
1507 1107 1584 1170 lucis
1608 1106 1680 1168 aliis

318 1203 352 1256 et
374 1194 577 1274 pressioribus
601 1195 797 1273 argumentis.
845 1196 933 1266 Quod
957 1197 1035 1258 enim
1059 1205 1108 1258 est
1130 1198 1159 1259 in
1184 1207 1264 1260 motu
1289 1197 1413 1278 physico
1442 1196 1574 1260 medinm
1599 1196 1679 1257 deu-

319 1283 398 1357 sius,
432 1283 543 1344 cedens
573 1291 694 1355 tamen,
724 1292 758 1345 ut
780 1286 896 1366 pondus
921 1306 954 1348 se
979 1286 1044 1366 ipso
1079 1286 1250 1366 quiescens,
1280 1287 1388 1348 mobile
1412 1295 1515 1348 tamen
1549 1285 1680 1365 impulsu

319 1372 462 1445 alterius,
489 1372 543 1433 hoc
568 1372 668 1433 estin
696 1372 751 1434 lroc
777 1375 898 1453 negotio
922 1375 1095 1455 superficies
1119 1376 1248 1449 densior,
1274 1376 1328 1438 sed
1352 1394 1427 1456 quae
1452 1385 1555 1436 tamen
1580 1375 1680 1436 lucem

319 1461 510 1524 transmittat
533 1469 565 1521 et
589 1461 807 1541 quodammodo
832 1463 973 1525 transitui
997 1465 1095 1525 cedat.

407 1550 487 1612 Nam
504 1559 537 1610 ut
558 1550 587 1612 in
607 1560 689 1611 motu
713 1550 837 1632 physico
863 1553 954 1614 telum
979 1554 1127 1614 interdum
1147 1571 1213 1614 curn
1229 1572 1260 1614 re
1277 1553 1315 1612 ad
1336 1572 1424 1631 quam
1447 1548 1681 1612 collimabamns

321 1639 485 1712 colliditur,
519 1638 827 1720 adhaerescentiaque
850 1648 952 1702 mutuo
984 1649 1113 1721 pergunt
1137 1642 1261 1703 eandem
1295 1641 1374 1703 riam
1403 1659 1461 1702 uno
1494 1649 1599 1701 motu:
1634 1635 1682 1696 ita

320 1727 398 1790 idem
421 1729 469 1789 uic
489 1728 523 1788 fit
541 1747 608 1789 cum
633 1728 698 1789 luce
722 1739 752 1788 et
775 1731 930 1808 superficie
955 1731 1102 1799 densiore,
1127 1748 1214 1810 quarn
1236 1729 1285 1790 lux
1307 1737 1459 1810 penetrat,
1484 1728 1551 1789 sine
1575 1735 1681 1788 tameo

321 1817 450 1879 materia
473 1826 527 1877 aut
549 1816 715 1879 soliditatis
740 1818 933 1881 dimensione.

408 1904 471 1968 Sed
495 1906 583 1967 uideo
607 1905 680 1967 illud
705 1908 741 1968 de
765 1917 847 1969 motu
870 1908 995 1990 physico
1019 1909 1048 1971 in
1073 1907 1149 1968 banc
1172 1924 1265 1985 usque
1290 1905 1369 1966 diem
1394 1924 1451 1966 non
1477 1904 1556 1967 satis
1579 1901 1683 1981 expli·

319 2002 436 2070 catum,
461 2014 514 2057 cur
537 1995 566 2055 in
590 1994 646 2057 hoc
670 2014 787 2075 quoque
817 1996 960 2058 retractio
985 1998 1105 2058 accidat
1127 2014 1179 2056 seu
1208 1995 1309 2074 potins
1332 1994 1462 2056 deflexio
1487 1991 1584 2074 (quod
1608 2009 1683 2052 cer·

319 2085 388 2146 bum
412 2084 443 2145 in
467 2083 592 2165 physico
616 2092 696 2144 motu
721 2084 818 2163 magis
842 2095 890 2146 est
913 2086 1079 2165 proprium)
1104 2105 1122 2145 a
1145 2084 1261 2145 directa
1290 2083 1368 2145 linea
1401 2090 1501 2145 motus
1537 2081 1577 2143 ad
1602 2098 1683 2147 earn.

319 2192 396 2254 quae
420 2172 677 2254 perpendicularis
701 2182 750 2233 est
772 2174 939 2253 superficiei
964 2175 1115 2254 objectae,
1140 2172 1272 2252 quoties,
1297 2172 1375 2251 quod
1405 2172 1569 2252 impulsum
1595 2167 1684 2238 facit,

319 2262 439 2341 oblique
468 2262 497 2323 in
527 2261 603 2321 hanc
636 2261 751 2322 incidit.
798 2263 839 2323 Et
866 2263 936 2342 quia
969 2263 1118 2341 negotium
1152 2269 1246 2323 totum
1280 2260 1375 2323 librae
1408 2261 1528 2323 ratione
1562 2258 1683 2328 nititur,

319 2350 526 2413 deducendum
550 2359 600 2411 est
622 2370 641 2410 a
663 2369 717 2410 sno
742 2351 835 2411 fonte.
881 2352 947 2413 Nec
970 2351 1047 2413 enim
1070 2358 1144 2430 puto
1167 2350 1237 2411 mihi
1268 2350 1372 2411 datum
1397 2349 1431 2410 iri
1457 2351 1572 2422 locum,
1603 2348 1685 2409 hanc

320 2439 609 2502 demonstrationem
634 2438 705 2500 alibi
730 2440 913 2501 commodius
938 2440 1125 2520 expediendi.

412 2526 541 2599 Quaerit
564 2529 593 2589 in
610 2528 796 2590 Machanicis
815 2529 1009 2602 Aristoteles,
1035 2548 1112 2608 quae
1135 2546 1228 2587 causa
1251 2526 1292 2587 sit
1311 2545 1372 2600 cur,
1397 2527 1423 2587 si
1446 2526 1564 2588 trutina
1587 2541 1686 2605 supe·

322 2617 401 2682 tiore
427 2618 493 2679 loco
518 2618 559 2679 sit
582 2635 672 2696 qnam
698 2617 774 2678 libra
797 2629 829 2679 et
855 2629 1056 2680 exonerentur
1086 2618 1201 2689 lances,
1227 2615 1353 2693 virgula,
1383 2633 1460 2694 quae
1484 2618 1569 2693 prius
1593 2613 1686 2676 incli-

321 2706 427 2780 nabat,
451 2707 512 2787 jam
535 2706 716 2768 restituatur
735 2707 773 2767 ad
797 2705 1025 2786 aequilibrium:
1051 2706 1096 2765 sin
1117 2712 1217 2766 autem
1237 2704 1351 2765 trutina
1370 2702 1413 2764 sit
1437 2703 1525 2777 infra,
1550 2702 1685 2782 virgula.

320 2803 426 2859 otest
451 2815 470 2855 a
492 2795 674 2874 ponderibus
702 2794 861 2867 inclinata,
887 2802 1009 2855 maneat
1038 2813 1091 2855 nec
1120 2793 1226 2854 redeat
1253 2799 1429 2852 exonerata.
1476 2792 1687 2854 Demonstra-

321 2885 433 2948 tionem
447 2883 625 2946 Aristotelis
649 2901 744 2962 neque
765 2881 919 2944 Jordanos
939 2882 1061 2962 repetiit
1083 2901 1177 2961 neque
1193 2878 1351 2942 Cardenus
1373 2880 1424 2942 lib.
1446 2880 1484 2941 de
1500 2880 1689 2943 Subtilitate

321 2972 521 3053 approbavit:
552 2989 610 3031 non
640 2970 717 3031 enim
749 2971 959 3034 substituisset
983 2971 1093 3032 aliam:
1124 2971 1224 3031 forsan
1254 2969 1324 3048 quia
1353 2969 1483 3031 obscura
1513 2981 1573 3034 est.
1623 2967 1688 3031 Sed

322 3059 482 3123 Gardanus
502 3079 560 3119 non
585 3058 678 3119 multo
698 3060 815 3131 clarior,
841 3060 1035 3121 Guidubaldo
1055 3060 1131 3120 adeo
1151 3058 1314 3137 displicuit,
1341 3067 1373 3119 ut
1391 3059 1482 3137 pleno
1499 3059 1576 3120 libro
1597 3077 1688 3138 quem

322 3149 360 3211 de
385 3149 478 3209 Libra
510 3146 633 3226 scripsit
662 3148 690 3208 in
720 3167 787 3209 eum
821 3145 1063 3217 inveheretur-⁰)
1109 3146 1210 3209 Causa
1235 3147 1470 3208 concertationis
1503 3147 1578 3209 mibi
1610 3147 1689 3208 haec

321 3237 451 3310 ridetur,
476 3237 555 3318 quod
579 3237 707 3297 alterum
731 3238 920 3299 Aristotelici
955 3236 1150 3317 problematis
1183 3235 1344 3297 membrum
1370 3236 1532 3299 absurdum
1566 3236 1689 3298 videtur

323 3335 356 3389 et
378 3325 561 3387 contrarium
585 3325 699 3386 sensui.
738 3324 839 3396 Quare
860 3325 1061 3387 dissimulavit
1075 3326 1236 3398 Jordanns,
1263 3322 1422 3385 Cardenus
1442 3345 1500 3387 non
1522 3325 1687 3387 admodum

322 3415 451 3480 candide
484 3415 578 3476 etiam
611 3414 818 3476 demonstrare
852 3432 1015 3493 aggressus
1048 3423 1097 3475 est
1129 3414 1206 3474 falso
1242 3421 1420 3491 acceptum;
1459 3415 1540 3493 quod
1575 3423 1689 3476 notans

323 3502 536 3567 Guidubaldus
568 3522 718 3582 sensuque
751 3504 923 3564 convellens
948 3504 1038 3564 etiam
1061 3522 1128 3563 eam
1162 3512 1295 3582 partem,
1330 3520 1408 3580 qnae
1438 3522 1512 3563 vera
1536 3512 1586 3564 est
1611 3503 1690 3564 citra

321 3591 561 3656 controuersiam
577 3593 671 3672 (quod
687 3593 820 3663 mirum),
844 3592 927 3652 risus
946 3603 992 3653 est
1016 3610 1137 3671 negare,
1163 3592 1280 3668 culpam
1295 3609 1348 3651 cur
1363 3591 1551 3653 Aristoteles
1575 3592 1689 3673 aliique

323 3683 508 3763 experiundo
532 3680 701 3744 erraverint
723 3682 753 3742 in
778 3680 922 3741 materiae
947 3680 1146 3741 lubricitatem
1169 3680 1338 3741 conferens.

413 3771 541 3833 Trotina
564 3779 667 3832 erecta
691 3769 733 3830 sit
757 3769 823 3840 AB,
849 3767 968 3847 virgula
991 3767 1066 3829 CD:
1098 3787 1192 3847 aeque
1216 3768 1385 3848 ponderent
1414 3765 1484 3830 CA.
1515 3768 1597 3830 AD:
1623 3767 1691 3829 dico

324 3878 383 3921 nou
416 3858 593 3938 antiquitati
626 3867 744 3920 tanturn
777 3857 830 3919 sed
864 3876 961 3917 return
990 3867 1130 3928 naturae,
1165 3858 1218 3917 sed
1250 3856 1375 3917 utilitati
1409 3857 1530 3934 generis
1565 3855 1691 3919 humani

324 3947 436 4009 bellurn
467 3946 617 4013 indicere.
651 3947 700 4025 qui
732 3955 823 4025 negat
852 3946 1013 4007 redituram
1038 3943 1093 4005 Cl)
1117 3946 1155 4004 ad
1189 3944 1353 4007 horizontis
1387 3945 1613 4024 aequilibrium,
1638 3965 1690 4006 seu

323 4035 363 4097 ad
387 4036 515 4115 angulos
538 4055 604 4097 cum
632 4035 688 4095 ΒΑ
713 4044 823 4096 rectos.
