3692 5842
343 524 345 528 .
374 463 440 529 220
843 466 1033 532 enatasset·
1050 467 1076 515 u
1094 463 1263 517 vuaratonem.

373 730 537 793 trinitatem
561 731 718 806 invenerit,
744 750 832 811 quam
856 732 944 792 hodie
968 732 1070 813 Tycho
1094 740 1126 793 et
1149 739 1219 793 ante
1243 731 1433 812 octingentos
1457 750 1552 793 annos
1572 730 1727 810 Albateg·

371 819 458 881 nins:
496 819 689 882 Ptolemaeus
723 839 793 880 vero
826 820 854 881 in
890 840 921 882 re
952 829 1014 882 tam
1047 821 1150 883 subtili
1186 841 1257 882 suas
1296 819 1525 882 observationes
1557 817 1728 899 Hipparchi

371 908 677 970 demonstrationibus
701 910 791 988 (quas
815 908 904 988 plane
929 910 1066 983 retinuit)
1090 909 1189 971 studio
1214 909 1508 972 accommodaverit?
1553 907 1588 971 Si
1612 909 1650 970 de
1675 906 1727 970 illo

370 1005 499 1067 constet,
524 1005 623 1059 actum
647 998 739 1058 etde
763 997 819 1057 hoc
844 1007 909 1058 est:
940 1006 1043 1060 tantus
1072 998 1150 1060 enim
1179 1007 1228 1061 est
1260 998 1337 1060 inter
1364 1005 1521 1078 utrumqne
1546 998 1576 1060 in
1599 1015 1727 1058 enume-

371 1086 466 1147 randa
488 1086 674 1165 longitndine
699 1086 897 1165 quadrantem
921 1088 991 1148 anni
1015 1106 1190 1161 consensus,
1215 1096 1357 1168 qnantum
1382 1084 1591 1149 instrumentis
1613 1085 1727 1165 depra-

370 1174 459 1237 hendi
483 1174 675 1236 Ptolemaicis
700 1174 747 1235 vel
773 1174 985 1255 Hipparchicis
1010 1176 1194 1255 impossibile
1227 1177 1315 1257 plane
1345 1175 1409 1237 tuit.
1456 1175 1554 1253 lgitnr
1584 1182 1618 1235 nt
1649 1174 1728 1236 hanc

370 1263 406 1324 de
432 1262 603 1341 Hipparcho
627 1263 826 1342 suspicionem
850 1283 996 1337 moveam,
1031 1285 1124 1327 causa
1147 1265 1222 1326 haec
1246 1273 1305 1326 est.
1352 1262 1464 1326 Notum
1488 1283 1525 1323 ex
1550 1262 1727 1324 Ptolemaeo

370 1360 402 1412 et
425 1352 533 1413 Proeto
553 1352 718 1427 Diadocho,
742 1351 947 1431 Hipparchum
971 1362 1002 1414 et
1026 1354 1102 1416 alios
1118 1353 1284 1435 clepsydris
1308 1352 1408 1413 metiri
1432 1351 1539 1414 solitos
1559 1351 1727 1414 diametros

370 1439 566 1502 luminarium.
615 1440 740 1502 Oriente
764 1440 842 1502 enim
868 1461 981 1503 summo
1006 1440 1088 1504 Solis
1113 1444 1246 1523 margine
1270 1442 1383 1503 fluebat
1406 1446 1524 1520 aquae
1547 1440 1726 1521 clepsydrae

371 1529 514 1590 toramine
539 1538 644 1610 aperto
669 1530 697 1590 in
722 1529 873 1591 vasculum
898 1538 1092 1610 separatum:
1120 1532 1184 1610 jam
1216 1541 1280 1592 toto
1305 1530 1376 1591 Sole
1409 1536 1549 1591 exstante
1573 1528 1726 1591 residuam

369 1636 465 1699 aquae
489 1619 705 1698 excerpebatur
728 1637 799 1679 vase
825 1618 893 1693 alio,
919 1639 972 1699 per
996 1621 1074 1682 diem
1098 1628 1274 1700 noctemque
1290 1618 1471 1693 continuam,
1496 1619 1592 1680 donec
1607 1636 1725 1680 rursum

369 1707 473 1768 eodem
503 1707 567 1768 loco
601 1706 682 1770 Solis
710 1726 813 1787 margo
846 1717 1019 1770 cerneretur
1047 1709 1125 1771 oriri.
1180 1708 1254 1771 Cum
1292 1709 1348 1770 hac
1385 1706 1567 1769 observandi
1604 1705 1725 1768 ratione

370 1795 479 1857 tuerint
502 1796 546 1857 usi
570 1795 599 1857 in
616 1795 798 1858 dimetienda
812 1794 893 1858 Solis
918 1797 1075 1871 diametro,
1100 1798 1169 1878 quid
1194 1797 1291 1877 magis
1313 1796 1448 1876 proclive
1472 1797 1511 1857 ad
1530 1795 1725 1866 credendum,

370 1903 458 1964 (lnam
483 1884 548 1960 hoc,
573 1904 638 1946 enm
663 1884 851 1964 aequinoctio
883 1886 961 1948 diem
985 1887 1190 1967 praefinivisse
1214 1884 1430 1966 Hipparchum,
1463 1903 1521 1966 quo
1545 1884 1594 1945 die
1614 1881 1671 1946 Sol
1694 1882 1724 1944 in

370 1972 523 2034 horizonte
549 1973 658 2036 risibili
683 1973 793 2035 binae
818 1973 965 2037 diametro
989 1976 1129 2054 opposita
1152 1975 1249 2055 signa,
1283 1976 1410 2035 atterum
1435 1973 1557 2035 oriendo
1591 1972 1721 2035 altemm

368 2059 530 2123 occidendo
555 2062 738 2143 attingeret:
763 2082 857 2142 eaque
882 2063 970 2143 signa
993 2065 1086 2126 semel
1109 2065 1275 2126 constituta
1299 2082 1351 2143 per
1380 2062 1623 2124 observationem
1654 2069 1725 2143 post

368 2149 597 2230 inperpetuum
621 2170 676 2231 pro
700 2152 788 2214 metis
812 2152 1065 2231 aequinoctiomm
1089 2153 1241 2227 habuisse,
1267 2153 1292 2214 si
1316 2152 1345 2213 in
1370 2150 1474 2212 eodem
1494 2150 1560 2211 loco
1575 2158 1722 2213 maneret.

321 2253 327 2268 ·
369 2238 402 2301 Si
426 2249 508 2300 recte
532 2240 580 2301 hic
603 2241 726 2320 conjeci,
752 2260 810 2302 non
834 2241 996 2303 dittionlter
1025 2242 1193 2322 impetrabo
1217 2250 1327 2303 cetera.
1373 2240 1453 2301 Nam
1482 2239 1581 2321 quoad
1605 2237 1662 2302 Sol
1693 2238 1722 2301 in

368 2326 554 2390 meridionali
591 2330 705 2390 zodiaci
739 2328 926 2391 semicirculo
956 2338 1012 2405 est,
1046 2351 1103 2392 non
1134 2339 1246 2412 potest,
1281 2329 1358 2411 quod
1385 2329 1452 2409 jam
1480 2335 1655 2409 spectatum
1684 2327 1722 2389 ab

367 2416 541 2497 Hipparcho
574 2417 711 2494 diximus,
749 2427 915 2497 praestare,
953 2429 986 2481 ut
1023 2420 1122 2481 oriens
1159 2419 1341 2482 contrarium
1379 2417 1542 2479 horizontis
1579 2424 1722 2497 punctum

367 2504 501 2585 attingat
523 2525 539 2566 e
563 2506 710 2569 diametro
739 2508 766 2568 ei
796 2507 874 2586 qnod
898 2509 1039 2570 occidens
1062 2509 1202 2587 attingit:
1228 2516 1385 2587 utrumqne
1409 2506 1488 2568 enim
1511 2504 1611 2586 vergit
1625 2506 1722 2567 adhuc

292 2609 295 2615 “
368 2594 397 2656 in
422 2593 593 2657 meridiem:
617 2596 709 2675 igitur
733 2595 761 2656 ia
785 2594 950 2669 horizonte,
976 2597 1005 2658 in
1030 2618 1087 2678 qno
1103 2597 1370 2677 praesupponimns
1390 2594 1634 2658 observationem
1648 2594 1721 2670 tieri,

368 2683 422 2745 Sol
446 2683 537 2745 altior
554 2684 638 2763 justo
662 2704 810 2764 apparens
834 2684 870 2745 ob
895 2684 1102 2760 retractiones,
1128 2706 1197 2748 rere
1216 2686 1302 2765 justo
1326 2685 1414 2747 citius
1438 2683 1591 2764 ingressus
1606 2702 1720 2764 aequa·

368 2779 472 2845 torem,
498 2779 640 2835 automno
663 2774 759 2835 serius
778 2774 862 2852 justo
887 2774 916 2835 in
942 2793 1007 2836 eum
1032 2776 1189 2837 devolutus
1214 2774 1374 2837 videbitur.
1417 2772 1596 2835 Productius
1621 2771 1721 2853 itaque

367 2859 518 2921 videbitur
541 2868 659 2941 tempos
683 2863 793 2924 aestivi
817 2863 1007 2935 semicirculi,
1032 2864 1150 2944 prolato
1175 2872 1299 2943 utroque
1325 2862 1472 2924 termino:
1507 2861 1607 2940 major
1630 2859 1722 2941 igiter

367 2948 578 3010 eccentricitas
599 2949 693 3028 justa.
741 2952 849 3030 ltaque
874 2952 923 3031 qui
947 2971 1041 3031 aequo
1066 2954 1165 3014 animo
1194 2953 1316 3015 credere
1340 2951 1413 3024 vult,
1448 2951 1574 3013 candem
1598 2969 1668 3012 ease
1692 2958 1723 3010 et

367 3037 437 3098 olim
462 3045 492 3097 et
517 3036 605 3099 hodie
630 3036 712 3101 Solis
740 3040 1008 3114 eccentricitatem,
1039 3042 1132 3103 habet
1160 3041 1184 3102 is
1213 3042 1337 3103 evidens
1365 3048 1575 3119 argumentum
1604 3039 1720 3101 retrac-

366 3125 481 3187 tionnm
505 3126 543 3187 ab
567 3126 739 3208 Hipparcho
763 3128 1000 3192 observatarum.

454 3216 520 3276 llnc
544 3236 601 3278 non
626 3218 762 3297 equidem
786 3218 874 3298 plane
898 3219 1021 3281 ridicule
1045 3220 1159 3280 reteras
1183 3227 1215 3280 et
1238 3219 1320 3291 illud,
1355 3217 1433 3299 qnod
1458 3217 1583 3278 Procius
1608 3215 1722 3297 Lycius

367 3305 396 3367 in
421 3301 560 3384 Sphaera
583 3307 687 3379 tradit,
713 3307 760 3369 ubi
781 3307 967 3370 antarcticus
988 3308 1096 3388 apede
1112 3308 1261 3369 anteriore
1278 3307 1376 3369 Ursae
1392 3306 1513 3384 majoris
1529 3305 1721 3374 describitur.

366 3392 422 3455 hoc
446 3402 503 3465 est,
527 3394 576 3455 ubi
600 3395 691 3457 stella
715 3396 742 3457 in
766 3397 842 3475 pede
866 3397 917 3457 illo
943 3396 1073 3477 quotidie
1098 3397 1270 3476 contingere
1294 3396 1413 3457 videtur
1432 3394 1634 3468 horizontem3
1660 3393 1720 3456 ibi-

367 3483 434 3544 dem
457 3483 607 3545 aestivum
631 3485 777 3564 tropicum
802 3485 839 3546 ab
864 3485 1018 3547 horizonte
1042 3484 1139 3547 secari
1164 3486 1192 3546 iu
1217 3484 1236 3549 5
1261 3493 1293 3546 et
1316 3481 1347 3547 3.
1362 3481 1402 3556 ³³)
1449 3484 1516 3545 Hae
1540 3483 1630 3546 binae
1654 3493 1721 3545 tra·

367 3572 495 3634 ditiones
520 3573 598 3634 inter
621 3594 654 3635 se
679 3593 736 3634 non
761 3574 959 3635 conveniunt:
984 3575 1113 3654 suspicio
1128 3573 1329 3653 plausibiliter
1349 3573 1377 3634 iu
1397 3572 1597 3635 retractiones
1613 3572 1722 3652 conjici

366 3668 477 3741 potest,
506 3661 585 3741 qnod
608 3671 662 3724 ant
684 3682 738 3742 pes
763 3663 859 3724 Ursae
885 3672 1009 3743 tangere
1034 3664 1172 3725 videatur
1201 3662 1395 3736 horizontem,
1435 3681 1521 3741 quem
1554 3674 1656 3724 tamen
1690 3681 1723 3724 re

368 3769 441 3810 vera
463 3749 553 3823 subit,
579 3760 632 3812 ant
655 3752 733 3830 quod
749 3749 802 3813 Sol
826 3751 913 3812 citius
934 3752 1019 3830 justo
1034 3752 1143 3825 oriens,
1168 3752 1263 3812 serius
1274 3752 1357 3830 justo
1373 3750 1523 3820 occidens,
1546 3749 1724 3831 productius

366 3837 396 3898 in
418 3838 579 3918 clepsydra
602 3840 732 3918 spatium
757 3840 893 3901 diurnum
923 3848 1010 3901 notat
1033 3859 1121 3921 qnam
1146 3849 1207 3914 est,
1234 3841 1310 3901 unde
1334 3840 1430 3919 major
1449 3840 1535 3919 justo
1558 3837 1659 3919 portio
1683 3840 1723 3901 de

369 3925 482 4004 tropico
507 3934 611 3988 extare
636 3928 823 4008 altitudoque
847 3929 908 4008 poli
933 3930 1030 4008 major
1048 3930 1131 4009 justo
1155 3929 1318 4008 putabitur.
1347 3926 1427 4000 Scio,
1454 3948 1511 3990 non
1536 3929 1613 3990 adeo
1628 3947 1723 3990 accu-

367 4021 433 4075 rate
457 4015 587 4094 scriptas
611 4016 679 4078 illas
703 4018 882 4079 traditiones
907 4025 938 4078 et
962 4019 1093 4079 crassius
1117 4019 1193 4079 sumi
1217 4037 1316 4097 posse.
1364 4016 1426 4079 Sed
1450 4037 1516 4079 cum
1540 4017 1589 4079 hic
1613 4018 1724 4079 modus

367 4101 556 4165 altitudinem
579 4106 639 4184 poli
665 4106 828 4168 annotandi
852 4107 1011 4168 admodum
1036 4108 1078 4168 sit
1102 4107 1209 4181 tacitis,
1244 4125 1365 4168 monere
1388 4105 1496 4168 doctos
1520 4106 1610 4181 volni,
1643 4106 1723 4187 quod

367 4201 400 4253 et
422 4192 525 4272 Tycho
559 4194 609 4255 tol.
634 4191 686 4258 95.
710 4196 1012 4276 Progymnasmatum
1037 4196 1123 4268 tecit,
1162 4196 1402 4268 considerarent,
1436 4194 1615 4275 quibusnam
1648 4195 1725 4257 locis

366 4281 524 4343 Terramm
547 4282 740 4345 Ptolemaeus
763 4284 952 4346 altitudinem
976 4285 1037 4364 poli
1061 4304 1098 4345 eu
1122 4285 1178 4346 hac
1202 4283 1394 4362 longissimae
1428 4284 1487 4345 diei
1511 4284 1724 4346 observatione

367 4370 568 4431 constituerit.
615 4373 730 4434 Forsan
756 4373 833 4433 enim
858 4373 927 4434 lrinc
951 4383 1007 4444 est,
1032 4374 1109 4453 quod
1133 4381 1203 4434 ante
1234 4371 1295 4436 100
1319 4391 1413 4433 annos
1437 4372 1589 4434 Antonius
1612 4373 1725 4447 Maria,

368 4459 527 4537 Cepernici
543 4460 783 4541 praeceptor‚³“)
807 4462 1003 4535 existimavit,
1031 4462 1207 4524 altitudines
1231 4461 1290 4541 poli
1315 4462 1344 4522 in
1360 4461 1495 4523 omnibns
1514 4461 1623 4524 ltaliae
1647 4463 1724 4526 locis

367 4548 554 4610 decrevisse:
581 4569 686 4630 nempe
711 4551 736 4611 si
761 4570 883 4630 quorum
910 4552 1041 4612 locorum
1058 4551 1250 4612 Ptolemaeus
1275 4550 1346 4610 olim
1371 4560 1452 4611 recte
1478 4550 1630 4613 notaverit
1648 4552 1724 4615 lati·

367 4637 495 4712 tudines‚
521 4657 574 4698 eae
589 4640 805 4717 posterioribus
823 4640 1005 4718 temporibus
1027 4661 1063 4700 ea
1084 4640 1295 4701 aestimatione
1316 4639 1509 4718 longissimae
1525 4639 1585 4703 diei
1599 4649 1725 4722 propter

367 4725 564 4788 retractiones
589 4729 708 4789 modum
737 4728 920 4789 excedentes
950 4728 1040 4790 nimio
1072 4729 1182 4789 tuerint
1215 4736 1341 4789 anctae:
1382 4729 1429 4790 rel
1455 4728 1659 4803 econtrario,
1690 4739 1726 4794 nt

367 4814 561 4877 Ptolemaeus
585 4834 638 4877 eas
662 4817 892 4896 investigaverit
926 4837 962 4877 ex
987 4817 1197 4879 observatione
1227 4816 1422 4878 brevissimae
1446 4817 1516 4891 diei,
1547 4837 1625 4899 quae
1656 4839 1724 4882 cum

368 4903 465 4981 major
485 4906 569 4983 justo
595 4906 634 4967 sit
658 4907 696 4967 ob
720 4905 929 4980 retractiones,
956 4905 1148 4985 phantasiam
1173 4907 1247 4968 tacit
1270 4906 1416 4985 portionis
1441 4907 1564 4986 majoris
1588 4907 1725 4970 extantia

368 5010 460 5073 snpra
484 4993 668 5056 horizontem
692 5002 723 5056 et
746 4993 951 5078 depressionis
975 4995 1134 5076 sphaerae.
1181 4995 1299 5057 Monuit
1326 4995 1401 5057 haec
1429 4995 1536 5059 eadem
1565 4995 1724 5062 Gitonem
