3692 5842
730 486 905 537 monum
922 484 985 535 Pars
1003 481 1103 549 opem

447 693 496 757 10.
534 693 586 756 De
609 694 868 758 illustratione
893 705 1015 759 mutua
1037 696 1162 757 Lunae
1185 703 1222 758 et
1245 696 1388 759 Terrae.

331 835 414 896 Satis
439 836 539 896 estin
565 837 721 909 confesso,
753 837 918 917 principale
943 839 1047 900 Lunae
1075 838 1172 898 lumen
1201 858 1219 898 a
1243 833 1314 899 Sole
1338 853 1427 910 esse,
1452 834 1492 896 de
1517 834 1606 915 cnjus

243 925 338 987 modis
371 932 404 985 et
426 925 627 986 varietatibus
660 926 771 987 dictum
800 936 848 986 est
879 927 1035 989 hactenus.
1084 925 1162 988 Sunt
1193 932 1294 988 antem
1326 925 1375 1006 qui
1408 923 1607 985 nihilominus

244 1016 349 1075 Lunae
384 1014 521 1090 exiguam
559 1014 690 1092 aliquam
727 1015 878 1093 propriam
917 1017 1043 1077 luculam
1081 1014 1285 1077 transcribant
1320 1013 1367 1074 his
1405 1012 1608 1094 argumentis.

243 1104 375 1164 Primum
400 1103 478 1181 quod
502 1102 531 1162 in
556 1102 702 1163 totalibus
734 1104 901 1164 defectibus
922 1105 1027 1166 Lunae
1050 1103 1239 1166 nihilominus
1262 1102 1321 1181 ipsi
1344 1110 1484 1182 superest
1514 1100 1610 1162 rubor

244 1192 365 1272 qnidam
388 1192 465 1252 satis
489 1192 599 1253 clarus.
648 1192 765 1253 Deinde
790 1193 867 1273 quod
891 1194 920 1253 in
944 1194 1090 1255 totalibus
1114 1191 1196 1255 Solis
1228 1190 1399 1253 defectibus
1421 1191 1514 1253 Luna
1536 1208 1608 1251 rur-

242 1300 308 1342 sum
331 1288 399 1341 tota
422 1280 499 1341 facie
522 1281 604 1342 clare
628 1290 776 1342 cernatur.
820 1281 922 1342 Tertio
947 1283 1025 1360 qnod
1048 1282 1076 1343 in
1101 1279 1262 1343 noviluniis
1286 1288 1318 1341 et
1339 1286 1413 1360 post
1435 1279 1491 1341 ills
1514 1277 1609 1341 biduo

243 1370 445 1450 etamplius,
479 1370 614 1450 adeoque
639 1378 671 1431 et
693 1371 721 1430 in
747 1370 938 1449 quadraturis
962 1371 1049 1432 Luna
1072 1390 1130 1431 non
1158 1376 1224 1433 toto
1257 1377 1373 1431 tantum
1402 1368 1517 1431 circulo
1550 1366 1607 1427 sed

243 1461 333 1540 plane
356 1467 424 1520 tota
448 1459 524 1521 facie
548 1460 676 1521 rotunda
699 1459 839 1520 cernitur.
872 1458 985 1520 Verum
1009 1460 1091 1521 nulla
1112 1460 1218 1521 harum
1242 1477 1400 1520 causamn
1424 1456 1523 1539 proba
1546 1464 1608 1517 est.

243 1549 289 1609 De
304 1547 413 1609 lumine
437 1547 466 1608 in
483 1548 602 1609 defectu
618 1548 721 1608 Lunae
741 1548 861 1609 residuo
882 1549 997 1609 dicetur
1020 1549 1098 1610 infra
1112 1567 1179 1628 cap.
1197 1548 1279 1623 vn,
1305 1546 1382 1628 quod
1407 1566 1463 1609 nec
1488 1546 1547 1607 boc
1566 1544 1610 1605 sit

245 1637 350 1698 Lunae
373 1635 535 1716 proprium.
581 1637 628 1698 De
651 1656 747 1698 novae
778 1655 849 1698 vero
877 1647 909 1697 et
934 1635 1035 1699 Solem
1069 1638 1202 1716 tegentis
1230 1636 1340 1698 lumine
1368 1635 1398 1697 in
1430 1633 1611 1716 praesentis

244 1725 411 1788 dicendum.
459 1724 547 1795 Quod
576 1733 675 1787 autern
705 1725 864 1806 aliquando
889 1726 977 1788 Luna
1009 1726 1200 1789 nihilominus
1223 1724 1291 1787 visa
1318 1724 1375 1794 sit,
1409 1743 1478 1788 cnm
1503 1721 1609 1784 Solem

247 1815 425 1877 mortalibus
450 1815 619 1894 eripuisset,
645 1814 817 1877 auctoribus
840 1814 999 1876 Vitellioni
1024 1825 1055 1876 et
1074 1815 1243 1877 Reinholdo
1266 1812 1449 1877 credendum
1473 1821 1532 1886 est,
1559 1811 1609 1891 qni

248 1924 285 1967 ex
309 1924 345 1966 eo
368 1905 574 1983 phaenomeuo
597 1906 625 1964 in
651 1923 760 1965 causas
782 1904 953 1966 reddendas
977 1904 1120 1967 concitati
1144 1905 1243 1965 fuere:
1268 1904 1347 1984 quod
1371 1920 1430 1964 uon
1449 1902 1608 1972 fecissent,

247 1994 304 2056 nisi
329 1993 445 2054 dehac
470 2012 501 2055 re
524 1994 600 2054 certi
624 1992 762 2054 fuissent.
800 1994 974 2055 Attendant
997 1994 1046 2074 qui
1069 1993 1166 2072 Alpes
1180 1992 1330 2055 Rhaetias
1354 1991 1458 2071 etqui
1484 1990 1609 2052 ltaliam

246 2083 380 2145 incolunt
403 2091 436 2142 et
458 2081 682 2143 lncridionalem
707 2081 827 2144 Galliae
851 2090 968 2162 partem
992 2102 1058 2144 cum
1076 2082 1225 2162 Hispania
1247 2081 1405 2154 universa,
1435 2080 1609 2149 attendant,

246 2171 376 2252 inquam,
401 2171 431 2233 iu
456 2170 533 2232 banc
557 2190 619 2231 rem
644 2180 676 2231 et
698 2171 803 2232 Lunae
828 2172 935 2233 faciem
959 2192 1012 2233 sen
1027 2172 1158 2233 colorem
1181 2190 1260 2232 anno
1284 2170 1383 2231 futuro
1403 2164 1499 2233 1605.
1526 2168 1610 2246 cnjus

247 2261 317 2323 anui
342 2262 390 2323 die
414 2254 500 2341 2112.
526 2258 669 2321 Octobris
693 2258 790 2321 indice
815 2261 965 2342 Tychonis
988 2260 1100 2323 Brahei
1124 2259 1240 2322 calculo
1263 2260 1351 2321 Luna
1380 2259 1443 2321 fere
1468 2279 1611 2336 nepqeroe

247 2349 313 2413 Soli
338 2348 516 2411 neutraliter
538 2348 568 2409 in
594 2348 683 2410 dictis
708 2348 880 2427 regionibus
904 2349 1070 2429 objicietur.
1105 2350 1185 2412 Nam
1209 2349 1288 2429 quod
1303 2347 1406 2429 Tycbo
1431 2347 1611 2409 diametrum

246 2439 352 2502 Lunae
384 2439 414 2500 in
444 2435 526 2499 Solis
556 2437 719 2518 eclipsibus
746 2437 889 2500 minorem
918 2458 986 2500 esse
1017 2440 1157 2519 opinatus
1187 2445 1249 2514 est,
1279 2456 1368 2517 quam
1397 2455 1476 2517 quse
1506 2433 1610 2497 Solem

246 2538 344 2591 totum
371 2546 518 2607 occupare
545 2537 665 2607 posset,
701 2526 737 2587 de
766 2546 801 2588 eo
830 2527 942 2589 dictum
970 2527 1103 2589 nonnihil
1137 2535 1184 2589 est
1211 2527 1241 2589 iu
1271 2526 1438 2606 appendice
1472 2524 1513 2587 sd
1544 2523 1610 2604 ejus

246 2619 552 2700 Progymnasmatum
585 2617 712 2696 primum
746 2613 912 2690 tomnm⁵⁵)
945 2626 977 2678 et
1000 2617 1115 2677 dicetur
1137 2615 1216 2677 infra
1243 2614 1386 2695 peculiari
1415 2614 1529 2695 capite.
1577 2612 1612 2674 ld

249 2709 347 2786 ipsum
372 2707 490 2788 quidem
515 2705 552 2765 de
576 2705 681 2766 Lunae
707 2705 771 2765 lnce
795 2704 824 2764 in
850 2702 931 2765 Solis
956 2705 1060 2788 eclipsi
1084 2704 1262 2766 Cleomedes
1287 2723 1325 2766 ex
1347 2702 1505 2765 Posidonii
1538 2720 1610 2763 seu-

249 2796 346 2859 tentia
370 2814 481 2875 negare
505 2794 634 2856 videtur.
683 2791 810 2862 Quaerit
834 2793 928 2868 enim,
954 2812 1020 2855 cum
1045 2801 1164 2855 constet
1186 2794 1291 2855 Lunae
1316 2812 1425 2873 corpus
1449 2811 1520 2854 esse
1544 2791 1610 2852 dis·

247 2886 378 2967 phanum
402 2886 455 2956 (ex
479 2903 535 2945 sua
559 2884 739 2952 sententia),
764 2901 815 2943 cur
839 2882 931 2960 igitur
954 2883 1029 2945 radii
1049 2881 1130 2944 Solis
1153 2901 1208 2962 per
1231 2882 1313 2944 illnm
1329 2882 1452 2962 globum
1475 2882 1506 2943 in
1522 2879 1611 2942 totali

249 2974 331 3038 Solis
356 2972 462 3051 eclipsi
485 2991 542 3033 non
567 2980 735 3044 transeant,
759 2970 803 3031 uti
827 2971 927 3032 solent
950 2991 1002 3051 per
1031 2971 1138 3033 nubem
1171 2971 1303 3033 transire
1327 2989 1454 3052 eamque
1485 2968 1612 3031 reddere

249 3062 442 3141 conspicuam
474 3069 504 3122 et
538 3080 575 3121 ex
608 3080 644 3121 ea
672 3060 844 3121 claritatem
874 3061 1040 3133 effundam
1074 3080 1126 3121 cur
1160 3059 1252 3139 igitur
1282 3060 1369 3123 Luna
1400 3060 1533 3121 obscura
1562 3057 1612 3129 sit,

249 3152 347 3214 visum
380 3150 505 3229 effugiat
535 3158 567 3210 et
599 3150 663 3209 dies
692 3149 719 3210 in
755 3157 872 3209 noctem
902 3150 1115 3211 convertatur?
1159 3149 1202 3210 Et
1238 3149 1396 3229 proposita
1434 3147 1613 3227 quaestione

251 3240 436 3304 ratiunculas
459 3239 573 3318 passim
598 3238 728 3317 colligit,
763 3236 869 3316 quibus
894 3238 1011 3299 efficere
1036 3238 1153 3311 nititur,
1186 3256 1244 3299 nou
1270 3238 1379 3300 debere
1403 3236 1508 3298 radios
1533 3234 1613 3297 Solis

251 3329 370 3411 penitus
394 3329 523 3389 transire
547 3328 663 3388 Lunam
689 3335 741 3387 aut
765 3325 936 3386 claritatem
960 3327 1003 3388 illi
1028 3326 1198 3388 conciliare.
1241 3326 1292 3387 lta
1315 3327 1404 3406 plane
1429 3322 1613 3387 contrarium

251 3418 325 3480 dicit
349 3418 424 3496 ejus,
450 3417 527 3497 quod
551 3416 693 3476 Vitellio:
720 3416 821 3476 forsan
842 3432 879 3473 ex
903 3415 1009 3475 effectu
1034 3415 1099 3494 ipso
1124 3414 1329 3488 ratiocinatur,
1356 3414 1414 3476 diei
1439 3413 1469 3475 in
1495 3421 1614 3475 noctem

251 3506 460 3580 conversione,
495 3525 553 3566 non
582 3523 653 3565 vero
683 3523 719 3564 ex
748 3503 813 3582 ipso
837 3502 941 3563 Lunae
966 3503 1068 3565 Solem
1091 3503 1224 3583 tegentis
1249 3513 1389 3584 aspectu,
1415 3510 1450 3564 ut
1473 3501 1613 3564 Vitellio.

250 3597 330 3660 Nam
355 3596 413 3656 etsi
438 3594 508 3655 milri
532 3592 646 3655 veritas
669 3592 757 3671 hujus
781 3592 822 3653 rei
848 3591 929 3651 nullo
954 3600 1074 3652 constat
1100 3592 1321 3672 experimento:
1354 3592 1429 3654 facit
1457 3600 1560 3653 tamen
1585 3589 1614 3650 id

252 3687 368 3753 lumen,
398 3685 475 3763 quod
500 3683 587 3743 Luna
616 3700 745 3742 nascens
773 3679 940 3759 potioriqne
964 3688 1050 3759 parte
1074 3703 1092 3742 a
1116 3680 1188 3741 Sole
1212 3699 1320 3742 aversa
1343 3680 1480 3742 ostendit
1504 3679 1613 3741 nihilo-

253 3774 350 3835 minus
376 3773 403 3833 iu
429 3782 494 3832 toto
519 3790 659 3850 corpore;
694 3777 727 3831 ut
755 3770 828 3830 nibil
858 3769 949 3847 plane
978 3769 1124 3843 dubitem,
1159 3770 1226 3848 quin
1253 3770 1357 3831 eodem
1383 3769 1494 3831 lumine
1520 3768 1613 3831 multo

254 3861 423 3923 evidentius
452 3861 555 3922 oculos
580 3862 670 3920 feriat
692 3866 776 3931 tunc,
807 3876 874 3919 curn
901 3855 1018 3932 Solem,
1053 3857 1102 3938 qui
1133 3859 1235 3919 oculos
1267 3859 1347 3920 solet
1383 3875 1551 3920 excaecare
1585 3863 1615 3917 et

254 3948 387 4011 visibilia
410 3948 585 4026 opprimere,
611 3946 723 4008 nostris
747 3946 841 4007 oculis
866 3945 984 4025 eripuit.

344 4035 471 4097 Vitellio
495 4036 601 4113 igitur,
627 4044 774 4113 utsupra
798 4035 930 4106 dictum,
955 4043 986 4095 et
1008 4034 1196 4095 Reinholdus
1221 4034 1258 4096 de
1282 4034 1339 4095 hoc
1362 4035 1484 4096 residuo
1509 4035 1615 4097 Lunae

256 4124 365 4188 lumine
390 4123 529 4203 ambigue
558 4123 724 4202 disputant.
771 4122 897 4183 Vitellio
924 4124 1046 4183 transiri
1077 4141 1184 4203 corpus
1212 4122 1316 4184 Lunae
1346 4123 1441 4184 radiis
1472 4122 1558 4185 Solis
1586 4129 1617 4183 et

256 4214 386 4277 transitu
410 4214 491 4275 facto
517 4212 604 4273 valde
628 4212 746 4292 quidem
771 4212 886 4272 debiles
909 4212 963 4272 sed
988 4221 1089 4271 tamen
1113 4210 1290 4290 conspicuos
1315 4230 1383 4273 esse
1407 4211 1494 4273 etin
1515 4212 1617 4273 oculos

256 4304 405 4366 incurrere
442 4301 537 4372 dixit,
575 4308 609 4361 at
645 4319 702 4360 uon
739 4300 800 4361 alia
835 4301 901 4360 vice
938 4320 1025 4381 quam
1063 4318 1129 4361 cum
1166 4300 1253 4361 Luna
1289 4301 1427 4381 proxima
1459 4297 1526 4363 Soli
1560 4309 1616 4361 est.

256 4393 334 4453 Nam
368 4390 539 4469 digrediens
573 4390 617 4449 nti
646 4388 781 4450 umbram
811 4390 854 4449 sic
891 4389 946 4450 lios
976 4395 1167 4450 transeuntes
1195 4388 1297 4451 radios
1328 4410 1347 4451 a
1374 4387 1462 4451 nobis
1492 4388 1616 4451 avertit.

257 4479 443 4540 Reinholdus
467 4497 531 4538 cnm
556 4478 681 4552 rideret,
706 4477 762 4538 hoc
785 4489 875 4560 pacto
900 4477 997 4539 deseri
1022 4478 1059 4538 ab
1082 4478 1140 4538 lrac
1163 4496 1258 4538 causa
1280 4478 1345 4540 dies
1364 4477 1521 4540 novilunio
1545 4497 1617 4560 pro-

258 4568 365 4639 ximos,
391 4568 419 4628 iu
445 4567 550 4645 quibus
575 4566 742 4627 clarissime
766 4567 852 4628 Luna
876 4567 1006 4628 cemitnr
1030 4573 1094 4627 toto
1119 4584 1253 4644 corpore,
1279 4566 1427 4628 diametro
1446 4585 1503 4646 per
1527 4565 1618 4629 lumi·

258 4657 345 4716 narie
377 4656 442 4733 jam
476 4675 494 4713 a
522 4654 635 4714 nostris
668 4655 762 4714 oculis
796 4656 973 4730 aberrante,
1006 4654 1100 4729 dixit,
1133 4654 1238 4715 Lunae
1271 4673 1430 4735 superesse
1462 4656 1617 4735 propriam

258 4742 401 4815 luculam,
436 4761 495 4821 qua
519 4743 584 4803 sola
614 4741 718 4803 diebus
746 4743 895 4803 novilunio
929 4742 1071 4823 proximis
1105 4750 1261 4819 cernatur,
1293 4752 1327 4805 st
1348 4742 1379 4805 in
1403 4744 1512 4824 eclipsi
1537 4742 1619 4807 Solis

260 4829 445 4891 commisceri
467 4829 544 4890 hanc
568 4829 696 4890 luculsm
720 4849 786 4890 cum
809 4830 902 4891 radiis
926 4830 1007 4894 Solis
1030 4831 1134 4892 Lunae
1158 4831 1279 4910 globum
1310 4834 1552 4897 nauseantibus.
1564 4827 1618 4904 ⁸‘).

353 4918 464 4979 Vemm
488 4937 543 4978 nos
557 4919 621 4996 jam
644 4916 732 4978 modo
755 4918 827 4979 Nro.
851 4915 882 4981 9.
907 4920 983 4981 satis
1007 4921 1163 4982 evidenter
1185 4921 1390 4995 ostendimus,
1415 4920 1525 4983 lanso
1548 4939 1618 4984 cor-

261 5020 319 5082 pus
338 5003 519 5083 pellucidum
541 5022 610 5065 esse
638 5023 695 5065 nou
722 5022 822 5085 posse.
870 5006 915 5068 At
946 5007 1025 5087 quod
1055 5024 1111 5071 neo
1144 5007 1245 5070 lncnls
1272 5007 1333 5071 ists
1359 5008 1483 5091 propris
1511 5008 1619 5075 tuns
