3692 5842
721 466 759 516 De
778 465 857 517 Stella
873 465 947 518 Nora
965 465 1118 534 &moram

811 749 932 848 Caput
957 748 1020 822 IV.

349 931 404 992 Aa
426 928 541 990 dioisio
562 925 689 987 zodiaci
711 927 747 987 in
769 926 937 989 duodecim
953 935 1067 1009 portes
1089 924 1238 1007 aequales
1260 928 1304 990 eit
1325 923 1499 990 netamlio.

330 1087 482 1167 Principio
506 1083 603 1145 dicam
628 1085 664 1144 de
689 1103 781 1144 causa
804 1083 961 1147 divisionis
977 1085 1196 1148 duodenariae:
1221 1086 1270 1147 ubi
1287 1106 1349 1148 non
1368 1103 1449 1165 nego
1467 1086 1594 1148 accedo-

243 1201 297 1240 nes
321 1177 481 1238 rionnullas
504 1196 523 1234 a
546 1191 645 1233 rerum
668 1181 776 1233 natura
800 1175 1185 1255 subministratos,-quibus
1201 1175 1390 1237 admonitum
1415 1176 1592 1238 inventorum

241 1267 395 1329 arbitrium
419 1267 496 1326 hano
518 1262 687 1342 praecisam
711 1262 889 1323 divisionem
912 1265 1127 1326 duodenariam
1150 1265 1327 1326 introduxit.
1372 1265 1493 1328 uarum
1514 1284 1593 1326 oeca-

241 1359 357 1418 sionum
378 1352 539 1434 praecipue
563 1359 626 1410 tres
650 1350 778 1411 invenio.

331 1445 433 1504 Prima
457 1438 665 1519 suppeditatur
689 1459 707 1498 a
729 1439 922 1519 proportione
947 1448 1047 1500 motus
1070 1438 1153 1501 Solis
1176 1440 1215 1500 ad
1238 1448 1356 1502 motum
1371 1442 1491 1503 Lunae.
1525 1441 1594 1504 Duru

246 1534 324 1594 enim
348 1531 401 1593 Sol
424 1531 578 1591 zodiacum
603 1529 695 1589 semel
719 1537 878 1607 peragrat,
909 1529 997 1588 Luna
1024 1529 1185 1590 duodecies
1216 1530 1280 1590 fere
1308 1527 1472 1618 reditu-ad
1493 1529 1594 1612 ipsum

245 1623 288 1683 sie
311 1629 413 1680 tamen
436 1626 470 1680 ut
492 1618 531 1677 ad
554 1617 674 1678 tertiam
699 1618 781 1678 Solis
804 1617 1020 1678 revolutionem
1048 1617 1116 1696 ipsa
1145 1616 1329 1680 tricesimam
1357 1619 1522 1698 septimam
1541 1621 1595 1680 ten

244 1710 377 1789 adjiciat.
425 1709 530 1786 Itaque
554 1706 695 1766 zodiacus
722 1702 761 1765 12
784 1704 998 1782 congressibus
1021 1707 1125 1767 Lunae
1157 1726 1221 1768 cum
1245 1707 1320 1768 Sole
1351 1727 1444 1788 quam
1474 1708 1595 1788 proxim

243 1799 273 1861 iu
302 1795 339 1858 12
363 1797 506 1877 aequales
528 1802 633 1874 partes
657 1795 809 1855 dividitur.

332 1887 448 1948 Eadem
471 1903 547 1963 pene
571 1884 690 1944 occasio
715 1884 780 1955 tuit,
806 1881 921 1960 signum
947 1882 1103 1960 quodlibet
1125 1883 1154 1944 in
1170 1882 1296 1962 triginta
1311 1883 1429 1962 gradus
1444 1883 1594 1945 dividendi.

243 1979 327 2037 Inter
351 1974 426 2035 duos
451 1973 528 2033 enim
559 1991 740 2050 congressus
763 1972 868 2032 Lunae
897 1989 964 2030 cum
987 1970 1076 2045 Sole,
1108 1972 1156 2052 qui
1180 1980 1214 2032 ut
1231 1971 1297 2048 jam
1320 1973 1438 2034 dictum
1462 1993 1521 2034 uno
1542 1973 1595 2034 lere

245 2066 329 2142 signo
354 2064 479 2140 distant,
505 2057 548 2122 30
572 2061 634 2121 l'ere
659 2061 723 2121 dies
747 2059 975 2121 interlabantur.

334 2152 408 2214 Cum
433 2151 523 2229 igilur
547 2149 617 2210 olim
640 2157 711 2228 post
734 2147 975 2209 distributionem
990 2148 1110 2224 gesseris
1133 2147 1252 2208 lmmani
1278 2148 1308 2209 in
1325 2149 1432 2212 orbem
1447 2137 1596 2211 Terrarum

242 2242 328 2322 pauci
355 2247 457 2302 essent
480 2238 586 2298 literas
610 2238 701 2311 docti,
725 2238 826 2316 itaque
851 2245 988 2296 carerent
1013 2236 1173 2296 ‹liariornm
1189 2237 1417 2310 commoditate,
1443 2257 1502 2318 qua
1519 2237 1596 2298 huda

243 2330 373 2392 inanime
404 2349 423 2388 a
446 2335 564 2387 centum
595 2328 681 2386 antris
712 2325 804 2386 utitur
833 2325 920 2403 plebs
951 2325 1042 2385 etiam
1073 2325 1187 2386 intima:
1220 2326 1275 2386 sed
1305 2346 1403 2407 neque
1429 2345 1547 2406 semper
1564 2325 1596 2386 dc

245 2429 391 2497 suiggestu
416 2417 619 2478 indicerentur
644 2415 753 2486 leriae,
778 2432 902 2494 quarum
927 2433 1025 2474 annuo
1049 2432 1170 2474 recursu
1195 2415 1232 2474 de
1255 2414 1380 2476 rusticis
1404 2415 1614 2482 admonerem.

243 2517 291 2570 tur
315 2505 455 2586 operibus
486 2504 579 2584 (quod
609 2503 656 2563 liis
687 2502 769 2563 mille
793 2501 880 2562 antris
904 2502 1033 2562 obtinuit
1057 2502 1085 2563 in
1109 2503 1265 2578 ccclesia),
1295 2502 1430 2584 sparsim
1462 2503 1597 2586 siquiden

244 2596 425 2658 habitabant
447 2593 603 2672 rariusque
628 2590 860 2652 conveniebant:
892 2591 939 2651 his
969 2591 1061 2668 igitur
1084 2592 1349 2653 cornuroditatibus
1378 2612 1448 2654 cunt
1471 2605 1597 2654 carerent

243 2685 390 2756 homines,
416 2681 558 2743 credibile
579 2691 624 2740 est
650 2680 788 2740 notitiam
812 2680 923 2738 narrucri
949 2679 1062 2739 dierum
1086 2681 1115 2740 in
1140 2701 1218 2741 anno
1242 2681 1376 2743 naturali
1399 2683 1442 2743 ad
1458 2681 1598 2762 paucissi-

243 2794 309 2836 mos
337 2771 529 2852 pertinuisse.
576 2772 623 2831 Ac
653 2770 711 2830 etsi
743 2769 826 2829 l'ucre
858 2787 976 2846 semper
1006 2779 1038 2829 et
1068 2770 1204 2830 tironibus
1234 2770 1377 2848 pentibus
1408 2790 1486 2832 suae
1516 2769 1598 2830 leriae

243 2872 334 2942 atque
359 2860 568 2932 solennitates,
592 2857 799 2936 utplurimum
823 2864 923 2916 tamen
943 2876 997 2916 eae
1012 2858 1142 2919 mobiles
1157 2870 1254 2932 erant,
1279 2869 1310 2920 ut
1325 2869 1466 2920 nostrum
1481 2858 1599 2930 Pascha,

244 2961 365 3011 etcum
390 2947 594 3010 lunationibus
618 2966 736 3008 rursum
758 2964 954 3025 prorsuruque
978 2946 1261 3025 transponcbantur.
1305 2949 1414 3028 ltaque
1438 2948 1478 3010 ad
1502 2965 1599 3028 operas

243 3039 375 3100 rusticas
406 3058 520 3097 annuas
552 3056 610 3095 non
642 3034 836 3095 sufficiebant.
893 3034 948 3094 llis
978 3035 1016 3094 cle
1046 3036 1146 3095 causis
1177 3036 1331 3114 agricolae
1363 3037 1540 3098 necessario
1566 3035 1598 3096 sd

245 3131 370 3188 lixarum
394 3135 516 3185 emi-tos
540 3124 787 3203 cornemplandos
804 3122 918 3183 redacti
937 3124 1053 3184 luerunt
1070 3125 1307 3203 exalter-umque
1325 3126 1404 3185 inter
1421 3125 1508 3205 ipsos
1522 3125 1599 3204 liujus

245 3215 423 3294 disciplinae
457 3223 618 3292 praecepta
650 3232 703 3292 per·
736 3232 841 3272 uranus
875 3212 1004 3284 tradita,
1039 3214 1127 3291 longe
1161 3214 1245 3292 prius
1277 3233 1368 3292 quarn
1401 3214 1442 3274 ab
1476 3213 1599 3276 llcsiods

243 3306 413 3383 ceterisque
446 3303 630 3363 retenentur·
655 3302 683 3360 in
717 3301 831 3361 literas.
879 3301 927 3360 Ex
960 3301 1016 3360 bac
1052 3303 1211 3380 disciplina
1245 3302 1360 3363 rustica
1398 3323 1461 3383 qua
1494 3304 1598 3364 ratlac

244 3394 372 3453 manarit
403 3410 543 3452 numerus
575 3391 742 3462 simeonem,
775 3388 862 3449 facile
894 3403 941 3448 est
972 3391 1173 3451 considerare.
1221 3391 1293 3451 Sirc
1323 3391 1403 3451 enim
1430 3393 1470 3451 ad
1494 3393 1599 3454 Lunam

244 3484 365 3562 plorum
390 3481 453 3541 sire
478 3480 515 3539 ad
540 3488 713 3539 nascentem
738 3488 788 3537 aut
813 3477 1026 3538 clcnascentenr
1051 3481 1113 3540 sire
1137 3480 1265 3559 denique
1290 3481 1328 3539 ael
1353 3481 1509 3560 quadras.
1531 3477 1599 3560 quod

247 3570 418 3649 inpeditius
443 3577 499 3640 est,
524 3568 727 3646 respexerint,
753 3565 841 3625 laelle
866 3580 931 3625 erat
957 3567 1068 3642 ridere,
1093 3570 1240 3647 quotiaco
1264 3568 1350 3628 initio
1376 3571 1462 3629 lacto
1486 3590 1514 3628 r.
1537 3585 1599 3646 aa

245 3660 383 3719 cornilius
399 3658 523 3726 Arietis,
550 3655 672 3715 secundi
689 3656 800 3714 rnensis
815 3656 929 3733 quadra
949 3658 1028 3733 apud
1045 3677 1155 3717 cornua
1180 3658 1228 3716 rel
1254 3658 1373 3717 nemum
1397 3657 1505 3730 Tauri,
1527 3653 1599 3718 tertii

243 3749 322 3826 apud
341 3747 447 3806 stellas
465 3745 671 3812 tienrinorum,
694 3743 792 3822 eqrrarti
815 3744 892 3821 apud
909 3745 1054 3804 erliscuras
1070 3746 1178 3808 Cancri
1203 3746 1396 3824 reliquaeque
1413 3747 1497 3826 apud
1512 3745 1598 3805 siden

244 3837 358 3913 reliqua
382 3835 531 3898 steterint.
557 3843 646 3911 atque
671 3833 713 3891 ita
737 3841 819 3891 totus
836 3832 950 3891 zodiaci
975 3835 1104 3894 ambitus
1130 3836 1208 3894 intra
1223 3835 1353 3914 spatium
1369 3836 1442 3896 anari
1474 3831 1513 3896 12
1534 3833 1598 3894 locis

245 3924 424 4001 cqirarclrarum
447 3921 618 4000 praesentia
644 3919 731 3980 luerit
756 3920 902 3996 signatus.

336 4015 410 4072 t'urn
442 4030 513 4069 rcro
542 4019 677 4089 pateret,
710 4009 765 4068 lroc
789 4009 968 4088 qrradrannn
1000 4029 1121 4070 recursu
1151 4031 1209 4071 uem
1232 4010 1372 4088 praecise
1396 4008 1542 4072 constitui
1567 4001 1598 4067 12

244 4111 356 4180 partes,
382 4099 433 4158 sed
458 4100 633 4158 resolvente
658 4117 735 4158 arina
752 4098 813 4157 alia
832 4098 894 4158 lieri
915 4097 1095 4176 ‹paraclrarunr
1112 4099 1189 4170 loca,
1214 4099 1373 4158 divisionis
1390 4120 1490 4160 norae
1505 4099 1596 4170 siama:

244 4201 360 4250 retenta
392 4196 492 4247 tamen
524 4188 580 4247 l'uit
611 4187 749 4265 praecisa
781 4185 888 4246 divisio
913 4187 1096 4247 duodenaria
1121 4188 1245 4267 ejusque
1268 4187 1452 4267 principium
1477 4187 1552 4248 idem
1573 4191 1597 4242 tl

244 4289 385 4338 constans
408 4287 564 4354 perpetuo.
1261 4277 1274 4306 ·

333 4365 465 4424 t'arrsarn
489 4364 576 4441 liujus
601 4363 673 4423 lacti
698 4364 773 4423 lianc
798 4375 955 4421 recensent
975 4363 1161 4428 Allrauanns
1186 4375 1214 4424 et
1231 4363 1416 4438 ,llcaliitius
1442 4383 1531 4444 qoam
1552 4379 1597 4444 pro

244 4454 376 4511 secunda
400 4471 607 4532 restituentem.
640 4452 704 4522 sol,
730 4451 877 4530 inquiunt,
902 4452 1045 4511 ambitum
1070 4452 1184 4512 zodiaci
1209 4452 1368 4522 ‹listinuuit
1394 4453 1423 4514 in
1449 4451 1471 4515 l
1495 4467 1596 4532 partes.

178 4581 183 4591 ·
245 4541 371 4599 totidem
395 4540 514 4618 punctis
540 4560 591 4599 seu
617 4539 798 4600 notabilibus
830 4538 966 4598 terminis
998 4555 1028 4599 et
1058 4552 1203 4618 perpetuo
1234 4541 1355 4620 quidem
1386 4543 1504 4603 iisdem.
1549 4541 1594 4601 l‘st

244 4628 323 4687 eninr
347 4639 488 4705 punctum
513 4628 685 4698 solstitiale,
712 4628 740 4687 in
764 4628 886 4706 ‹qiiosol
912 4631 942 4686 lit
968 4628 1148 4694 altissinms:
1174 4645 1222 4688 est
1245 4630 1394 4704 bnrutale,
1419 4631 1450 4691 in
1475 4652 1532 4712 quo
1547 4629 1594 4688 bu·

244 4714 402 4786 millimus;
434 4727 501 4774 sunt
531 4716 589 4774 dno
614 4716 859 4794 aemiliamtialia,
892 4715 919 4773 in
951 4716 1057 4794 quon<
1086 4719 1201 4778 reiculius
1225 4723 1257 4778 lit
1282 4719 1361 4778 inter
1384 4721 1475 4798 perles
1497 4714 1593 4780 morali.

244 4801 312 4862 lllie
335 4803 400 4862 alies
424 4802 616 4877 longissimos
642 4804 688 4863 rel
713 4804 922 4874 brevissimos,
954 4805 1002 4864 laic
1034 4807 1172 4866 metibus
1200 4808 1345 4886 aequales
1371 4809 1455 4867 lacit.
1503 4809 1533 4868 ln
1556 4803 1594 4862 lii-⁸

244 4881 266 4948 4
289 4890 408 4968 punctis
434 4886 539 4949 larnai
564 4891 743 4950 decumanos
768 4901 966 4970 tempestates
990 4895 1119 4954 reclncit:
1146 4915 1213 4960 rer.
1237 4908 1399 4968 aestatem,
1425 4911 1593 4957 aurtirnmunr.

244 4971 389 5048 hiemem
413 4994 489 5055 quae
514 4978 611 5034 ruitaria
637 4979 784 5039 naturalia
810 4993 889 5044 sumt.
913 5002 971 5042 aron
997 4983 1158 5061 pendentia
1182 4985 1220 5043 al·
1245 4985 1377 5046 bominis
1402 4985 1535 5047 arbitrio.
