3692 5842
328 472 394 542 826
738 474 769 526 In
786 474 873 526 librum
892 474 923 524 de
942 473 1022 538 Stella
1041 484 1107 524 nora
1124 470 1274 538 Serpentarii

328 654 475 719 revolutio,
498 653 653 707 dividuntur
667 652 824 706 sententiae
846 659 1070 710 astronomorum.
1099 653 1215 714 Quidam
1228 654 1424 710 Terrastante
1439 654 1546 708 coelun
1560 652 1687 706 ultimum

330 737 409 791 aiunt
428 736 468 788 ire
490 737 525 788 ab
548 741 609 786 ortu
631 734 658 786 in
680 749 806 787 occasum
828 742 858 786 et
882 751 981 804 rapere
1003 736 1133 805 planetas
1161 734 1304 788 inferiores
1326 752 1429 799 omnes,
1451 751 1557 806 eosque
1578 732 1689 786 interim

328 816 447 887 propriis
468 815 586 870 motibus
608 814 647 866 ire
668 813 695 866 in
716 815 896 868 contrarium:
923 816 1023 886 reliqui
1044 815 1190 878 dixerunt,
1212 822 1243 869 et
1262 817 1368 870 coelum
1389 815 1538 869 stellatum
1559 822 1639 868 stare
1661 821 1689 865 et

331 899 461 968 planetas
492 913 583 949 omnes
605 910 623 946 a
644 894 740 972 diurno
767 901 842 949 motu
869 912 930 948 esse
961 896 1107 957 immunes,
1137 895 1225 950 solam
1252 912 1318 950 vero
1344 898 1460 950 Terram
1486 896 1585 949 diurno
1615 901 1689 947 motu

333 978 458 1032 conserti
478 977 514 1029 ab
536 989 635 1029 occasu
656 975 685 1028 iu
706 982 810 1039 omum,
833 977 931 1031 ceteris
953 977 1074 1047 planetis
1102 993 1166 1031 suos
1192 982 1282 1031 motus
1305 978 1332 1029 in
1353 980 1469 1031 eandem
1490 976 1611 1047 plagam
1633 974 1690 1027 sine

332 1056 544 1130 perturbatione
565 1055 626 1108 ulla
646 1056 860 1124 perficientibus.

421 1138 489 1199 Quid
511 1135 556 1189 hic
575 1136 763 1189 Laurentius?
787 1136 921 1207 Utrosque
944 1137 985 1190 ait
1004 1135 1107 1190 dixisse
1129 1136 1238 1201 falsum,
1261 1144 1391 1193 naturam
1410 1144 1508 1191 auum
1528 1134 1692 1190 coelestium

331 1226 454 1280 motuum
473 1218 513 1271 sic
533 1233 595 1269 esse
617 1224 818 1285 comparatam,
846 1218 888 1270 uti
909 1235 959 1271 nes
985 1218 1062 1272 illam
1083 1218 1119 1272 ab
1139 1217 1219 1272 initio
1239 1235 1258 1272 a
1278 1218 1338 1272 rudi
1364 1217 1545 1287 experientis
1571 1216 1692 1284 descrip-

334 1299 427 1352 simus.
457 1298 614 1350 Ostultam
635 1297 856 1365 philosophiam!
879 1299 917 1351 Ut
935 1298 1058 1352 ordinem
1078 1297 1205 1354 maximis
1226 1298 1370 1353 laboribus
1389 1298 1535 1353 inventum
1555 1316 1573 1349 e
1596 1296 1693 1350 mun&

333 1379 442 1449 ejiciat,
471 1376 708 1446 perturbationem
736 1377 880 1445 pristinam
908 1378 1064 1434 introducit.
1104 1379 1143 1432 Et
1162 1378 1291 1449 quidnam
1311 1378 1376 1432 nori
1397 1395 1428 1432 se
1448 1379 1574 1433 delirare
1601 1377 1694 1446 jactat

332 1451 518 1515 Laurentius?
539 1460 584 1510 An
604 1474 658 1510 non
672 1459 768 1510 eadem
789 1459 944 1528 nuperrime
965 1458 1096 1512 deliravit
1108 1459 1267 1516 Patricius?
1287 1459 1400 1513 Scilicet
1420 1460 1571 1528 praefatus
1594 1466 1642 1511 est
1661 1474 1694 1508 ex

335 1539 504 1601 Aristotele,
533 1539 643 1591 easdem
674 1538 817 1607 opiniones
846 1540 937 1592 redire
964 1539 1037 1614 inter
1063 1540 1196 1594 homines.
1237 1540 1323 1610 Atqui
1353 1541 1472 1594 nondum
1504 1547 1628 1594 exactus
1654 1549 1694 1589 est

334 1636 422 1674 annus
435 1618 594 1672 Platonicus
616 1634 634 1670 a
648 1619 743 1672 delirio
763 1619 885 1684 Patricii,
907 1619 1012 1673 nullum
1033 1618 1190 1675 intercessit
1210 1611 1348 1683 diluiuum,
1370 1621 1464 1674 nullus
1487 1621 1574 1674 ardor
1596 1618 1693 1676 mundi,

334 1700 413 1755 nulla
432 1698 543 1770 generis
562 1698 673 1752 hnmani
695 1699 853 1765 internecio,
876 1716 947 1771 quae
962 1699 1149 1755 Patricianam
1170 1700 1305 1756 insaniam
1325 1700 1368 1754 ita
1381 1700 1499 1764 deleret,
1523 1707 1556 1755 ut
1570 1700 1692 1753 Laurea·

334 1782 390 1837 tius
412 1780 530 1832 baberet
551 1780 621 1849 quod
640 1778 821 1843 instauraret,
843 1783 891 1834 sed
912 1798 964 1833 nec
985 1782 1072 1851 longa
1092 1782 1187 1853 aliqua
1214 1789 1351 1835 terrarum
1372 1781 1467 1852 spatia
1497 1781 1693 1838 interveniunt,

334 1861 423 1918 Italus
450 1860 515 1914 Itali
540 1866 708 1914 coaetaneus
743 1862 832 1914 adhuc
859 1861 982 1914 calentia
1007 1862 1133 1933 magistri
1160 1862 1309 1933 discipulus
1336 1862 1459 1933 vestigia
1486 1857 1583 1915 caleat
1611 1870 1641 1914 et
1666 1878 1692 1912 se

334 1959 433 1997 norum
455 1940 518 2011 quid
539 1941 628 1993 dicere
650 1940 776 1995 somniat.

426 2019 525 2101 Itaque
560 2030 679 2082 lectores
712 2046 746 2082 ne
777 2030 991 2099 perturbentur:
1032 2038 1062 2084 et
1091 2031 1164 2086 ratio
1189 2039 1218 2084 et
1247 2027 1324 2085 3000
1354 2049 1489 2086 annorum
1520 2031 1694 2103 experientia

339 2117 468 2175 testatur,
491 2109 591 2163 l'alsurn
613 2110 716 2162 dixisse
738 2110 927 2173 Laurentium,
949 2111 1175 2182 opinatoremque
1196 2111 1330 2182 supinum,
1353 2114 1528 2175 oscitantem,
1551 2112 1608 2166 imo
1629 2119 1693 2165 ster·

341 2201 448 2250 tentem
475 2197 504 2243 et
529 2190 665 2244 rhonchos
686 2192 843 2255 ducentem,
866 2190 934 2243 nibil
957 2208 1049 2244 eorum
1079 2208 1150 2262 quae
1181 2192 1247 2246 dicit
1275 2192 1452 2264 intelligere:
1484 2201 1586 2246 contra
1615 2193 1694 2263 plane

340 2272 527 2330 necessarium
547 2288 625 2334 esse,
655 2277 685 2324 ut
706 2272 845 2324 alterutra
873 2272 1070 2325 sententiarum
1099 2272 1342 2326 astronomicarum
1363 2290 1432 2326 vera
1453 2274 1500 2329 sit.
1547 2277 1608 2327 Aut
1628 2273 1695 2326 enim

338 2353 426 2410 Terra
446 2358 539 2406 stante
561 2352 667 2403 coelum
688 2352 806 2405 fixarum
827 2351 948 2405 volvitur
969 2352 1064 2405 diurno
1086 2353 1201 2407 circuitu
1223 2356 1259 2408 ab
1281 2361 1343 2407 ortu
1365 2355 1391 2408 in
1414 2372 1544 2409 oceasum
1567 2353 1695 2424 sehitque

339 2449 431 2490 secum
460 2433 591 2503 planetas
621 2431 792 2485 reluctantes
814 2442 844 2484 et
871 2432 997 2486 aviantes
1024 2434 1094 2487 alios
1124 2434 1224 2488 aliter:
1257 2440 1308 2487 aut
1338 2436 1416 2489 coelo
1446 2436 1569 2489 lixanum
1596 2443 1695 2493 stante,

337 2514 460 2588 planetis
486 2512 573 2565 libere
599 2513 772 2579 currentibus
795 2520 824 2565 et
843 2513 1030 2566 revolutiones
1053 2514 1215 2583 aequabiles
1242 2515 1304 2569 aliis
1327 2516 1398 2569 alias
1423 2515 1608 2577 iacientibus,
1639 2515 1696 2568 sels

340 2597 427 2651 Terra
452 2593 574 2647 volvitur
595 2594 630 2646 ab
659 2609 759 2646 occasu
780 2593 926 2648 inertum.
967 2593 1086 2648 Medium
1117 2602 1192 2650 certo
1223 2595 1327 2649 nullum
1349 2604 1405 2659 est,
1438 2597 1552 2651 tertium
1584 2596 1696 2650 nullum.

340 2680 400 2732 Aut
419 2675 442 2727 si
462 2674 516 2727 hoc
542 2681 598 2737 est,
629 2676 699 2743 quod
728 2674 893 2727 Laurentius
924 2673 1012 2727 dixit:
1043 2681 1091 2727 eat
1120 2675 1206 2747 igitur
1231 2682 1260 2729 et
1287 2678 1321 2729 ad
1352 2694 1479 2730 numeros
1510 2685 1596 2731 rocet
1623 2691 1698 2730 suam

342 2756 504 2832 opinionem,
520 2756 619 2808 doceat
633 2773 669 2808 ex
680 2771 715 2808 ea
724 2754 883 2824 praedicere
897 2762 987 2809 motus
997 2755 1113 2820 futuros,
1129 2755 1255 2811 evincere
1270 2765 1418 2811 annotatos
1433 2758 1616 2827 praeteritos.
1643 2757 1699 2811 noe

343 2837 365 2893 si
381 2836 540 2900 tentaverit,
556 2836 678 2905 seposito
693 2834 849 2906 opinionum
865 2852 933 2905 quas
948 2833 1039 2904 rejicit
1053 2835 1224 2900 adminiculo,
1241 2838 1343 2892 sentiet
1357 2845 1489 2909 quantum
1506 2854 1603 2892 arero
1619 2839 1699 2892 absit.

431 2928 493 2981 Jam
516 2942 586 2996 quae
608 2924 704 2994 objicit
717 2923 821 2994 primae
837 2925 994 2980 sententiae
1016 2924 1164 2981 rideamus.
1192 2928 1262 2982 Nam
1276 2927 1330 2981 etsi
1351 2928 1499 2981 alterum
1519 2944 1579 2999 ego
1594 2945 1702 2999 sequor,

344 3024 457 3064 omnes
484 3014 576 3060 tamen
607 3012 821 3059 astronomorum
853 3005 1026 3076 quantumvis
1056 3003 1216 3078 pugnantes
1247 3007 1387 3076 opiniones
1417 3016 1515 3061 contra
1548 3009 1701 3080 imperitos.

345 3094 549 3161 ageometretos
578 3095 608 3140 et
641 3086 732 3138 varios
765 3085 919 3154 hujusmodi
949 3086 1114 3156 opiniastros
1141 3096 1170 3140 et
1195 3088 1393 3159 logodaedalos
1421 3088 1611 3143 defendendas
1638 3089 1702 3142 mihi

344 3178 420 3242 puto,
444 3175 474 3221 ut
496 3168 607 3220 rideant
628 3166 773 3228 discentes,
795 3184 850 3230 eos,
874 3168 919 3236 qui
940 3167 1015 3220 intra
1036 3167 1136 3222 limites
1158 3169 1341 3222 astronomiae
1364 3161 1501 3241 pugnant,
1524 3187 1701 3241 nequaquam

346 3253 414 3305 adeo
435 3248 547 3301 lubricis
568 3247 619 3300 niti
641 3247 811 3301 ratiunculis.

438 3326 467 3397 l)
489 3329 546 3391 Ait,
569 3328 660 3380 coelos
682 3344 743 3380 esse
766 3328 859 3379 laeves
875 3335 906 3379 ut
924 3328 1045 3396 specula,
1068 3347 1117 3381 nee
1133 3329 1241 3381 concedi
1263 3346 1353 3398 posse,
1376 3336 1408 3382 ut
1421 3330 1542 3383 alterum
1559 3332 1701 3384 abaltero

345 3412 410 3466 vehi
431 3411 545 3464 dicatur.
573 3410 649 3478 Ergo
671 3408 783 3476 planum
799 3410 943 3477 speculare
958 3409 1043 3477 plano
1059 3409 1197 3478 speculari
1220 3410 1336 3462 innitens
1360 3410 1502 3463 transvehi
1517 3429 1575 3464 nou
1590 3421 1700 3480 potest·

345 3492 534 3561 Aliquousqne
561 3499 634 3542 certe
660 3498 790 3558 sequetur
812 3491 881 3557 quod
908 3489 1053 3550 incumbit,
1075 3489 1098 3542 si
1121 3491 1249 3542 trahatur
1271 3492 1340 3560 quod
1362 3492 1490 3545 sustinet.
1537 3491 1617 3552 Quod
1641 3510 1701 3544 sero

347 3576 458 3628 tandem
480 3572 550 3641 quod
570 3570 703 3623 incumbit
722 3569 894 3637 relinquitur,
916 3586 1002 3622 causa
1016 3578 1060 3623 est
1074 3571 1207 3623 materiae
1222 3572 1358 3642 gravitas.
1383 3573 1468 3624 Dicas
1483 3589 1563 3642 ergo,
1579 3573 1701 3626 Lauren·

347 3656 413 3717 tine,
436 3653 516 3705 orbes
538 3652 673 3703 coelestes
694 3667 805 3719 graves,
829 3652 875 3701 sed
891 3666 1003 3702 causam
1020 3652 1102 3713 dicas,
1120 3668 1213 3720 quare,
1229 3661 1311 3705 eunte
1333 3668 1460 3720 supremo
1477 3655 1551 3721 qnod
1573 3654 1647 3706 inira
1668 3655 1702 3705 ab

347 3735 396 3789 illo
418 3732 545 3802 tangitur
567 3732 693 3800 undique,
715 3731 754 3782 ire
776 3749 829 3783 uon
845 3732 955 3783 debeat.

438 3810 467 3877 2)
489 3812 693 3881 Intelligeutias
716 3812 826 3863 beatam
848 3829 934 3881 agere
957 3811 1054 3870 vitam,
1077 3829 1130 3864 non
1152 3812 1237 3881 igitur
1257 3813 1317 3881 pati
1344 3814 1517 3881 raptationes
1548 3814 1702 3883 hujusmodi

348 3895 494 3949 violentas.
536 3893 641 3953 Stulte,
669 3909 722 3943 non
744 3893 845 3944 attinet
872 3892 1084 3961 intelligentiam
1106 3894 1174 3945 haec
1195 3901 1320 3951 rectura,
1348 3896 1396 3946 sed
1417 3911 1515 3963 corpus
1539 3913 1590 3946 seu
1612 3896 1702 3947 orbem

353 3976 422 4045 ejus.
466 3974 634 4025 Omiserum
655 3972 815 4025 Laurentini
838 3973 969 4034 animum,
996 3990 1074 4042 quem
1096 3991 1190 4026 currus
1212 3990 1261 4041 per
1281 3973 1391 4042 plateas
1413 3974 1503 4044 rapit,
1526 3992 1609 4044 quem
1632 3987 1703 4027 renu

349 4074 400 4128 per
420 4071 495 4108 mare
526 4054 652 4123 agitant,
685 4069 763 4121 quem
784 4069 877 4121 equus,
906 4071 984 4122 quem
1006 4054 1100 4117 asina,
1123 4072 1201 4124 quem
1223 4055 1311 4107 mulus
1337 4056 1427 4108 vehit:
1460 4057 1572 4124 quaudo
1598 4056 1703 4108 desinet

350 4136 485 4191 dominum
507 4152 584 4187 suuni
605 4137 775 4198 dementare,
805 4133 909 4186 scilicet
932 4142 962 4186 ut
984 4135 1026 4186 vel
1054 4138 1163 4189 tandem
1188 4134 1400 4203 irrequietudinc
1422 4144 1452 4189 et
1473 4136 1632 4189 mobilitate
1655 4137 1704 4188 hae

347 4219 497 4273 liberetur!

442 4295 471 4362 3)
503 4297 648 4349 Remorum
678 4294 800 4363 patietur
831 4293 918 4363 prima
954 4296 1089 4364 sphaera,
1128 4297 1149 4348 si
1179 4307 1308 4348 oneretur
1347 4296 1487 4350 vectandis
1519 4298 1703 4353 inferioribus.

352 4378 483 4450 Equidem
498 4377 664 4430 Laurentiue
687 4376 770 4442 sapis,
793 4376 815 4427 si
830 4393 936 4428 currum
958 4385 1083 4428 onustum
1105 4376 1239 4429 difficilius
1260 4384 1344 4446 putas
1367 4379 1449 4440 trahi,
1474 4395 1558 4447 quarn
1581 4397 1695 4433 saeuum

352 4465 392 4515 At
412 4461 456 4530 qui
477 4459 550 4511 hanc
569 4458 683 4526 primaru
709 4456 830 4507 defendit
855 4457 1035 4519 seutentiam,
1063 4457 1135 4510 dicet
1162 4458 1226 4520 tibi,
1254 4458 1392 4510 matricem
1422 4460 1588 4513 facultatem
1611 4464 1703 4513 datam

353 4541 467 4597 ultimae
489 4539 624 4607 sphaerae
645 4554 740 4606 parem
755 4537 830 4589 oneri
852 4534 960 4606 (placet
979 4538 1049 4590 enim
1065 4538 1113 4589 tibi
1136 4538 1203 4589 coeli
1226 4538 1351 4607 gravitas
1374 4549 1402 4590 et
1416 4541 1533 4607 pondus,
1559 4551 1589 4594 ut
1606 4545 1704 4600 videm,

354 4631 383 4676 et
404 4621 511 4674 ournino
534 4618 670 4670 breviores
693 4618 748 4670 dies
771 4618 886 4680 futuros,
909 4619 931 4670 si
952 4627 980 4670 tu
1003 4618 1090 4687 possis
1113 4618 1187 4671 illam
1209 4619 1259 4671 hec
1280 4636 1371 4683 onere,
1394 4621 1465 4689 quod
1487 4622 1581 4674 serbis
1605 4637 1703 4680 muta«.

354 4721 384 4758 re
405 4703 468 4771 ipsa
488 4701 615 4754 liberare.

445 4778 476 4850 l)
498 4782 651 4833 Absurdum
673 4786 769 4849 putat,
797 4778 940 4831 inferiores
967 4779 1032 4831 ferri
1058 4779 1162 4831 latione
1191 4778 1371 4847 superiorum,
1399 4798 1458 4833 eum
1487 4799 1543 4835 non
1567 4795 1704 4854 putarer:

356 4865 516 4926 absurdum,
539 4861 653 4930 primum
674 4868 788 4921 motum,
814 4860 859 4927 qui
882 4860 1093 4913 connnunicntur
1119 4859 1303 4920 inferioribus,
1332 4861 1462 4931 frangere
1485 4877 1512 4913 et
1537 4866 1704 4932 potissimus„

356 4943 417 5013 ejus
439 4944 589 5014 portionem
612 4942 732 4993 tribuere
756 4940 875 4992 inferiori
896 4959 945 5009 pro
967 4955 1041 4993 runnu
1063 4958 1111 4992 suo
1133 4941 1236 5000 diurno,
1260 4940 1311 4992 ime
1332 4951 1359 4992 et
1383 4951 1469 4993 totum
1492 4943 1572 4997 illum
1595 4947 1705 5014 primun:

357 5035 459 5081 motum
480 5024 607 5093 planetis,
631 5040 689 5076 cum
711 5030 774 5075 suut
795 5022 959 5092 retrogradi,
981 5024 1046 5074 dare
1070 5023 1095 5073 in
1116 5031 1224 5089 purtem
1245 5038 1336 5074 eorum
1358 5032 1446 5074 motus
1468 5024 1569 5079 diurni.
