3692 5842
738 494 770 545 ra
787 494 855 546 Jove
873 493 1034 546 stanneus.
1503 493 1564 563 511

224 681 339 749 tentes,
365 680 397 735 et
420 670 553 750 quintam
575 673 665 754 paulo
689 672 818 752 lougius,
843 681 874 734 et
897 681 1015 735 sextam
1029 673 1162 752 proxime
1187 674 1285 753 ipsum
1301 675 1394 736 luisse
1418 676 1570 739 docebant

224 765 277 827 lies
301 766 473 842 sequentes.
521 758 598 822 Cum
621 761 713 840 igitur
736 761 870 823 misisset
895 760 1054 823 Galilaeus
1078 762 1135 822 huo
1159 764 1304 841 quasdam
1336 764 1440 825 literas
1464 773 1569 826 trans-

224 853 347 924 mittes,
386 867 508 910 numero
533 846 595 925 37,
633 850 739 930 quibus
777 852 821 912 ait
857 851 1005 912 contineri
1037 871 1146 912 novam
1180 850 1436 928 observationem,
1471 855 1570 933 priore

224 947 340 1022 quatuor
357 936 444 1000 Jovis
468 937 633 1000 satellitum
658 940 891 1014 mirabiliorem:
918 959 993 1018 quas
1017 958 1073 1018 ego
1097 939 1202 1002 literas
1231 942 1389 1002 memoriae
1410 963 1513 1017 causa,
1537 951 1572 1005 nt

224 1029 304 1103 otoni,
328 1028 358 1090 iu
383 1027 460 1088 huno
484 1028 722 1090 semibarbarum
746 1047 866 1090 versum
890 1029 1084 1108 redegeram:

478 1114 571 1177 Salve
593 1117 805 1178 umbistioeum
830 1118 1012 1194 geminatum
1036 1118 1151 1178 Martia
1173 1118 1282 1195 proles,

224 1206 306 1270 uultu
320 1224 375 1267 nos
393 1204 521 1266 incessit
539 1206 695 1284 cogitatio,
719 1207 745 1268 si
770 1207 871 1267 forsan
896 1215 927 1266 et
950 1202 1032 1267 circa
1045 1207 1177 1267 Martem
1201 1205 1318 1284 aliquas
1343 1206 1421 1267 tales
1437 1206 1571 1268 Luonlas

224 1295 378 1358 ideamus.
417 1293 478 1354 Sed
494 1296 681 1373 sequentium
702 1296 814 1356 dierum
838 1296 1011 1356 observatio
1037 1295 1148 1368 docuit,
1168 1295 1301 1355 Martem
1325 1295 1459 1374 quamvis
1484 1296 1570 1357 tardo

224 1392 295 1447 notu
310 1383 410 1445 exisse
430 1402 446 1443 e
466 1391 553 1462 septo
568 1384 672 1445 harum
689 1384 878 1444 stellularum
897 1403 1003 1445 versus
1023 1384 1168 1444 orientem
1189 1391 1221 1443 et
1239 1384 1422 1445 denudatum
1441 1385 1570 1463 penitus.

227 1481 320 1553 taque
345 1471 423 1532 fixae
447 1479 546 1544 erant,
570 1473 606 1533 de
632 1474 737 1551 quibus
761 1474 829 1534 ideo
853 1473 966 1534 nullam
988 1492 1077 1553 porro
1101 1472 1210 1533 faciam
1234 1472 1427 1535 mentionem.

243 1579 245 1584 ·
303 1559 411 1622 Jovem
444 1568 615 1638 surgentem
658 1562 853 1641 contemplati
886 1562 1012 1642 primam
1045 1561 1246 1622 indubitatam
1277 1569 1309 1622 et
1340 1562 1571 1640 pulcherrimam

224 1647 318 1729 dopti
352 1667 454 1709 sumus
492 1648 735 1711 observationem
758 1650 973 1712 Mediceorum.
1029 1649 1194 1711 Rationem
1225 1650 1303 1713 hauc
1336 1651 1501 1724 tenuimus,
1539 1660 1573 1710 ut

224 1738 283 1821 [uid
307 1736 436 1817 quilibet
458 1736 670 1812 observasset,
703 1740 733 1800 id
767 1740 878 1801 tacitus
907 1749 992 1801 creta
1013 1739 1153 1818 pingeret
1180 1738 1209 1800 in
1232 1739 1349 1818 pariete
1379 1739 1505 1800 seorsim
1534 1738 1572 1799 ab

224 1826 339 1892 uterina
372 1836 552 1906 conspectu:
590 1836 700 1906 postea
731 1830 809 1889 alter
842 1829 881 1889 ad
913 1828 1039 1890 alterius
1067 1828 1215 1906 picturam
1243 1828 1331 1888 simol
1362 1826 1571 1902 transiremus,

224 1915 401 1997 mploraturi
425 1933 613 1979 consensum.
659 1917 697 1979 Id
728 1917 865 1996 intellige
898 1926 930 1979 et
962 1920 999 1979 de
1032 1916 1234 1997 sequentibus.
1282 1914 1367 1978 Certi
1400 1935 1501 1976 sumus
1535 1916 1571 1976 de

224 2006 318 2080 ribus,
344 2006 380 2065 de
396 2013 502 2085 quarto
518 2005 654 2079 obscuro,
674 2025 763 2086 quum
777 2006 847 2068 Jovi
862 2006 984 2086 propior
999 2015 1074 2079 erat,
1095 2005 1308 2077 dubitavimus,
1332 2004 1429 2084 magis
1442 2004 1572 2066 Ursinus

224 2113 302 2175 ruam
325 2112 392 2173 ego.
432 2092 609 2155 Clarissima
633 2094 690 2155 visi
711 2105 781 2156 suot
801 2094 859 2154 duo
883 2095 1087 2157 occidentales
1112 2093 1258 2173 usquein
1282 2094 1409 2157 multam
1433 2112 1571 2155 auroram

224 2202 289 2246 reue
312 2181 464 2261 contigui;
498 2190 569 2244 tunc
593 2183 719 2262 denique
748 2185 839 2263 plane
863 2185 940 2260 duo,
970 2203 1029 2245 non
1052 2190 1116 2243 tres
1144 2182 1333 2244 videbantur.
1380 2181 1480 2262 Duplo
1505 2183 1572 2261 plus

224 2271 350 2336 listabat
376 2271 531 2332 orientalis
555 2293 573 2331 a
595 2272 688 2344 Jove,
712 2292 800 2351 quarn
824 2273 1114 2334 occidentalissimus
1139 2271 1178 2333 ab
1206 2273 1312 2334 eodem
1336 2280 1367 2332 et
1389 2273 1458 2351 plos
1484 2290 1573 2350 quam

224 2368 288 2424 rute
312 2359 432 2421 biduum
457 2361 571 2422 distare
595 2369 773 2440 putaveram
795 2362 879 2422 illum
908 2362 1083 2424 orientalem
1111 2361 1300 2423 haesitanter
1321 2362 1428 2422 visum.
1476 2360 1573 2421 Linea

224 2449 345 2514 omnium
369 2458 464 2522 recta,
488 2451 668 2529 praesertim
693 2451 922 2512 occidentalium
955 2458 1026 2526 (cum
1057 2462 1175 2515 haberet
1204 2461 1314 2532 radios,
1346 2460 1453 2531 species
1480 2461 1574 2513 lineae

225 2546 275 2596 nt
289 2539 370 2611 quasi
383 2539 465 2594 unius
479 2541 548 2594 radii
563 2541 658 2594 nodosi
673 2541 850 2613 longiusculi,
873 2550 924 2596 aut
937 2543 1075 2596 mehercle
1097 2541 1192 2610 capilli
1213 2542 1300 2595 tribus
1316 2542 1374 2594 ovis
1395 2540 1573 2611 pediculariis

224 2625 347 2694 onerati)
377 2637 453 2698 quae
490 2619 586 2680 instar
622 2622 727 2681 nodosi
765 2621 841 2681 radii
880 2631 955 2681 erat.
1002 2621 1082 2683 Nam
1120 2628 1163 2681 et·
1187 2620 1273 2681 nohis
1296 2620 1434 2698 Jupiter,
1472 2627 1506 2679 ut
1542 2626 1574 2678 et

224 2709 297 2770 tare
320 2714 353 2768 et
379 2726 467 2768 mane
491 2707 657 2770 Mercurius
681 2717 713 2770 et
741 2708 837 2770 Sirius
871 2719 1074 2789 apparuerunt
1105 2709 1310 2789 quadranguli.
1356 2708 1467 2770 Altera
1494 2707 1573 2768 enim

224 2796 426 2860 liametrorum
462 2798 675 2875 angulosarum
706 2799 846 2858 caerulea
873 2807 954 2874 erat,
986 2800 1084 2860 altera
1115 2797 1258 2877 punicea,
1291 2796 1442 2858 inmedio
1466 2813 1574 2874 corpus

224 2887 323 2950 levum
343 2884 458 2964 fulgore
478 2886 657 2948 admirabili.
695 2888 760 2947 Hoc
780 2897 875 2949 totum
900 2888 1012 2949 accidit
1035 2886 1241 2949 imbecillitate
1266 2887 1360 2960 visus,
1385 2884 1574 2946 conniventis

224 2975 255 3039 sd
280 2984 344 3036 tam
368 2975 535 3035 confertam
569 2975 683 3050 lucem,
716 2976 759 3036 uti
788 2995 856 3037 eam
889 2977 1059 3038 accumulat
1090 2976 1332 3037 instrumentum.
1379 2975 1457 3036 Nam
1482 2973 1574 3034 etde

224 3064 262 3129 lio
286 3063 497 3143 spectantibus
520 3083 575 3145 per
597 3065 654 3125 hoc
679 3064 908 3126 instrumentum
932 3075 1054 3145 propter
1076 3064 1198 3126 nimiam
1221 3064 1296 3125 lucis
1316 3064 1432 3142 copiam
1456 3062 1575 3124 colores

224 3151 299 3216 ridis
333 3152 477 3215 oriuntur.
534 3151 680 3215 Omnibus
713 3153 796 3215 hisce
830 3154 936 3215 diebus
969 3162 1001 3214 et
1034 3154 1170 3232 pauculis
1201 3161 1293 3227 ante,
1328 3161 1397 3230 post
1430 3151 1575 3231 quadram

224 3240 335 3306 seilicet
348 3241 463 3313 Lunae,
487 3240 515 3302 in
538 3242 603 3320 ejus
618 3261 742 3322 corpore
766 3243 849 3304 visus
870 3252 918 3305 est
941 3242 1126 3304 clarissimus
1146 3242 1233 3303 umbo
1258 3242 1344 3321 quasi
1368 3241 1575 3319 triangularis,

224 3348 319 3394 'ersus
342 3337 459 3408 partem
484 3332 667 3409 superiorem
690 3351 834 3411 vergens,
866 3340 898 3393 et
921 3332 951 3392 in
976 3331 1121 3392 orientem
1150 3331 1236 3409 quasi
1260 3329 1406 3391 dodrante
1435 3328 1575 3408 paralleli

224 3418 260 3481 rui
284 3419 326 3480 ad
350 3418 547 3480 bisectiouem
571 3419 655 3481 recti.
703 3422 733 3482 Is
756 3421 854 3500 primo
878 3421 985 3481 stabat
1007 3427 1077 3480 ante
1101 3420 1260 3480 terminum
1282 3419 1398 3497 justum
1422 3417 1577 3479 illumina-

224 3507 316 3582 iouis,
335 3507 400 3587 jam
424 3507 619 3581 illuminatus,
643 3517 714 3588 post
728 3510 865 3571 conditus
880 3510 960 3570 intra
975 3509 1050 3570 lucis
1074 3508 1272 3569 radiatiouem
1297 3525 1415 3587 semper
1433 3505 1576 3567 claritate

224 3597 346 3660 emicuit.
393 3596 518 3658 Diceres
550 3597 641 3658 animi
675 3599 777 3677 gratia
809 3598 906 3659 nivem
939 3598 968 3657 in
1002 3597 1216 3661 excelsissimis
1244 3596 1385 3674 Alpibus.
1431 3594 1498 3656 Hoc
1528 3594 1575 3654 die

224 3692 374 3767 spectator
397 3694 429 3747 et
451 3685 541 3747 testis
565 3687 636 3748 mihi
662 3687 719 3748 fuit
743 3688 880 3749 oculatus
902 3687 1031 3750 Ursinus
1057 3686 1259 3767 supradictus.

309 3782 368 3845 Die
391 3779 424 3845 4.
440 3782 630 3863 Septembris
654 3804 742 3846 mane
761 3786 882 3865 Jupiter
895 3803 950 3864 per
973 3785 1075 3846 nubila
1095 3804 1160 3845 cum
1186 3783 1300 3846 duobus
1324 3782 1507 3843 satellitibus
1531 3790 1580 3842 est

224 3873 314 3946 risus,
344 3871 426 3933 claro
451 3873 642 3948 occidentali,
671 3874 769 3937 minus
794 3876 875 3937 claro
905 3875 1061 3944 orientali,
1086 3874 1178 3952 dupla
1201 3874 1348 3935 distantia
1380 3871 1578 3933 occidentalis

224 3962 254 4024 td
277 3960 459 4022 distantiam
483 3962 656 4036 orientalis,
688 3965 769 4025 linea
791 3973 876 4025 recta
900 3972 933 4025 et
956 3964 1065 4037 ardua,
1100 3963 1186 4043 quasi
1210 3964 1278 4042 plus
1307 3979 1396 4041 quam
1427 3961 1576 4041 ecliptica.

224 4048 427 4114 tocidenratis
451 4051 513 4112 sere
538 4052 684 4127 distabat,
709 4062 743 4113 ut
765 4052 1057 4115 occidentalissimus
1077 4053 1125 4114 die
1145 4051 1172 4114 1.
1188 4051 1387 4132 Septembris.
1412 4051 1490 4112 Erat
1504 4052 1579 4111 haec

224 4138 365 4202 listantia
391 4138 583 4202 instrumenti
610 4160 682 4220 pars
714 4161 825 4221 parva,
857 4143 935 4203 forte
968 4142 1072 4222 quinta
1095 4149 1148 4202 out
1171 4151 1269 4202 sexta.
1315 4141 1444 4201 Praesto
1468 4139 1580 4200 fuerint

224 4228 324 4309 reliqui
350 4228 409 4289 duo
433 4247 471 4290 su
496 4248 556 4291 uon
579 4230 661 4291 haud
684 4240 816 4294 constat.
854 4230 968 4293 Nubila
991 4231 1069 4292 enim
1093 4230 1274 4292 creberrima
1297 4229 1457 4290 turbaru‘ut
1479 4226 1578 4308 iuqui-

224 4317 368 4380 titionem

304 4406 363 4469 Die
388 4404 418 4469 5.
442 4404 632 4486 Septembris
655 4427 743 4468 mane
768 4427 843 4470 unus
867 4409 967 4470 clarus
995 4408 1121 4469 satelles
1143 4406 1231 4468 Jovis
1254 4406 1294 4466 ad
1318 4406 1464 4466 orientem
1486 4404 1580 4464 tertia

224 4503 303 4575 parte
326 4496 529 4570 instrumenti,
554 4496 626 4557 nulli
642 4507 810 4575 praeterea,
831 4498 914 4558 coelo
939 4497 1104 4559 clarissimo
1125 4497 1178 4557 sed
1197 4497 1263 4576 jam
1280 4496 1408 4556 multum
1426 4493 1578 4554 albicante

224 4585 254 4647 ob
288 4602 427 4646 auroram
457 4593 490 4644 et
520 4586 618 4646 lumen
642 4587 758 4648 Lunae.
807 4587 894 4647 Vidit
918 4594 949 4647 et
977 4586 1108 4647 Thomas
1138 4585 1290 4664 Segethus
1319 4583 1501 4658 Britannus,
1532 4582 1580 4644 vir

224 4673 277 4750 im
299 4672 463 4735 celebrium
486 4674 617 4736 virorum
647 4675 733 4736 libris
757 4684 789 4736 et
812 4675 908 4736 literis
939 4683 1045 4750 notus,
1070 4675 1116 4736 cni
1141 4694 1197 4734 sua
1220 4674 1287 4735 ideo
1316 4673 1445 4734 nominis
1469 4669 1579 4733 existi-

224 4762 311 4841 matio
335 4763 418 4823 cordi
442 4769 501 4824 est.

304 4852 373 4914 Nou
397 4869 521 4929 possum
543 4852 711 4932 praeterire.
728 4852 798 4932 quin
819 4852 907 4913 animi
929 4853 1030 4931 gratia
1045 4851 1193 4931 explicem
1212 4858 1244 4911 et
1263 4849 1478 4929 spectaculum,
1499 4849 1578 4928 quod

224 4940 305 5003 nobis
330 4941 418 5002 Luna
441 4941 621 5002 decrescens
645 4940 790 5001 exhibuit.

303 5030 365 5092 Est
383 5029 413 5091 iu
433 5030 538 5091 Lunae
560 5031 637 5092 lucie
661 5050 753 5110 supra
777 5030 894 5093 oculum
913 5031 977 5110 ejus
1001 5030 1157 5092 sinistrum
1176 5049 1193 5091 s
1215 5028 1336 5108 regione
1360 5027 1456 5091 nostri
1480 5026 1579 5088 dextri
