3692 5842
275 462 341 531 806
776 464 968 518 Phemomenon
993 465 1117 534 singulare

277 639 493 705 observandam
521 648 605 701 retus
633 659 690 702 non
723 634 812 703 ualde
842 646 960 708 curavit
988 643 1212 724 impressionem
1238 649 1302 703 tam
1332 656 1455 720 parvae
1487 637 1625 706 mlta

277 749 364 813 quam
386 729 505 809 putavit
528 747 595 790 esse
619 730 700 791 visus
724 730 891 794 defectum:
916 752 1010 815 neque
1033 733 1070 794 de
1093 740 1199 794 nostra
1224 729 1450 792 observatione
1480 727 1575 808 deque
1596 745 1625 786 ra

278 821 346 901 ipsa
370 818 468 891 scivit,
494 828 528 879 ιιι
551 818 722 898 diligentins
754 813 1000 903 circumspiceret
1027 818 1331 901 circumstantissque
1356 826 1392 881 et
1420 818 1547 897 plagam
1567 834 1626 877 mr·

276 909 373 972 moria
396 907 548 969 retineret.

366 998 522 1059 Hactenus
555 995 647 1075 igitur
680 996 861 1059 observatio.
906 999 998 1062 Addo
1027 1005 1127 1060 autem
1155 996 1211 1059 hes
1242 992 1493 1058 notatiuncula.
1538 991 1629 1054 erim

279 1086 356 1168 quod
379 1086 409 1146 in
433 1084 596 1163 majoribus
621 1084 824 1148 schematibus
847 1086 944 1149 diluta
963 1088 1019 1150 fuit
1042 1086 1169 1159 macule,
1192 1104 1316 1147 censam
1337 1083 1442 1146 fnisse
1466 1091 1542 1162 puto
1564 1098 1629 1141 enn-

278 1176 486 1237 formationem
518 1173 684 1247 foraminis,
720 1194 775 1254 per
807 1176 885 1255 quod
915 1176 970 1239 Sol
1003 1176 1167 1239 irradiavit.
1220 1173 1401 1236 Scaudulae
1437 1170 1521 1232 enim
1549 1169 1629 1231 riu

277 1265 423 1342 oblongas
447 1273 550 1341 agunt.
588 1264 693 1344 Itaque
718 1263 846 1326 latitudo
870 1265 1151 1344 quidem·rimarum
1174 1273 1225 1325 sat
1242 1272 1380 1342 angusta
1400 1261 1476 1336 fuit,
1501 1269 1536 1321 nt
1556 1258 1631 1319 sere

184 1377 195 1392 .
275 1353 412 1435 plenaria
435 1351 583 1412 radiorum
612 1352 800 1427 intersectis,
834 1354 990 1434 longitudo
1014 1373 1085 1417 vero
1108 1353 1249 1416 umorum
1271 1361 1340 1414 tam
1365 1350 1430 1413 fuit
1455 1368 1583 1429 magns,
1603 1359 1630 1408 ιι

276 1442 378 1504 Solem
403 1440 576 1501 admitteret
599 1450 630 1502 et
653 1442 717 1501 loco
742 1442 876 1503 maculae
900 1443 1138 1523 superfunderet,
1161 1449 1300 1521 essetque
1326 1439 1535 1502 seminmbra.

364 1529 417 1592 Sic
445 1529 508 1590 fieri
542 1530 621 1590 solet
653 1531 732 1592 circa
763 1530 886 1609 globos,
920 1531 1027 1613 quibus
1057 1541 1155 1596 turres
1188 1539 1344 1592 ornantur.
1394 1527 1535 1599 Quando
1561 1525 1628 1586 eni!

278 1621 382 1683 umbra
414 1637 514 1679 eorum
543 1627 605 1679 tam
639 1618 725 1697 louge
761 1619 864 1682 defluit
897 1621 926 1681 in
965 1631 1090 1694 terram,
1125 1627 1157 1682 nt
1183 1639 1221 1680 ex
1253 1620 1320 1681 loco
1361 1617 1556 1680 incidentiae
1581 1612 1626 1676 Sol

278 1708 384 1790 majori
408 1717 562 1787 spectetur
589 1707 698 1787 angulo
731 1717 820 1789 quam
852 1710 974 1788 globus,
1008 1719 1079 1772 tuno
1110 1709 1209 1772 videre
1233 1716 1283 1769 est
1314 1707 1486 1788 globorum
1518 1702 1626 1766 nmbrm

277 1799 389 1861 dilutas
411 1815 497 1871 esse,
529 1806 671 1858 avertunt
693 1798 773 1859 enim
800 1798 957 1861 interiores
989 1799 1065 1861 disci
1088 1797 1170 1861 Solis
1192 1797 1309 1872 radios,
1342 1807 1378 1858 at
1403 1797 1495 1858 locns
1518 1793 1625 1855 umbrae

275 1888 395 1949 interim
417 1884 632 1965 marginalibus
657 1886 732 1947 disci
747 1885 828 1949 Solis
852 1886 943 1949 radiis
961 1888 1101 1951 debiliter
1123 1887 1301 1949 illustratur.
1341 1886 1423 1947 Tale
1450 1885 1525 1964 quid
1546 1883 1625 1943 etiam

277 1978 334 2038 hac
356 1976 422 2037 vice
445 1974 573 2052 contigit
602 1975 758 2037 occasione
790 1976 984 2054 longitudinis
1014 1978 1169 2049 rimarum,
1202 1983 1234 2036 ut
1258 1974 1424 2055 explicavi.
1477 1972 1623 2051 ltaqnein

277 2066 432 2128 schemate
454 2081 562 2144 parvo,
586 2063 637 2125 ubi
661 2065 820 2126 rotundum
843 2074 876 2126 et
897 2084 1021 2144 parvum
1044 2067 1101 2128 luit
1124 2067 1266 2139 foramen,
1295 2064 1406 2125 umbra
1432 2063 1493 2124 fuit
1515 2061 1623 2140 nigrior.

366 2153 484 2220 Deinde
517 2171 576 2213 non
611 2163 658 2213 est
690 2154 931 2228 existimandum,
960 2175 1067 2235 corpus
1095 2153 1236 2216 Mercurii
1269 2160 1332 2213 tam
1374 2153 1475 2213 fuisse
1514 2168 1622 2229 parrum

277 2252 417 2324 respectu
440 2240 532 2313 Solis,
556 2261 644 2322 quam
668 2243 726 2303 fuit
746 2246 865 2306 macula
887 2254 1028 2324 respectu
1055 2244 1228 2306 schematis.
1275 2241 1357 2304 n'am
1382 2242 1415 2302 in
1443 2239 1563 2320 Opticis
1584 2251 1622 2298 est

277 2334 528 2402 demonstratum,
559 2331 726 2393 addendam
750 2352 817 2393 esse
845 2334 1098 2396 semidiametrum
1129 2331 1284 2395 foraminis
1307 2330 1349 2392 ιιι
1373 2332 1623 2393 semidiametrun

277 2423 416 2495 umbrae,
442 2419 634 2482 auferendam
658 2442 677 2481 a
699 2421 921 2486 semidiametro
945 2424 1107 2485 schematis
1131 2422 1236 2494 lucidi,
1271 2430 1304 2482 ut
1327 2420 1491 2500 proportio
1515 2418 1619 2480 consri-

278 2520 380 2574 tnatur
399 2511 494 2590 justa.
539 2507 582 2570 Et
605 2511 674 2589 quia
697 2510 821 2590 nigredo
844 2512 979 2573 maculae
1007 2512 1141 2574 ostendit
1167 2510 1335 2590 plenariam
1359 2510 1516 2580 umbram,
1541 2508 1621 2588 igitur

277 2600 413 2682 plenaria
435 2600 475 2661 ibi
500 2599 582 2660 facta
611 2600 667 2660 fuit
695 2601 886 2662 intersectio:
920 2620 1027 2681 corpus
1051 2602 1143 2681 igitur
1164 2599 1304 2661 Mercurii
1328 2609 1416 2660 certo
1450 2600 1551 2678 majus
1573 2597 1621 2655 tuit

278 2692 307 2752 in
331 2688 554 2769 comparatione
578 2688 617 2749 ad
641 2688 754 2752 discum
778 2687 860 2751 Solis
888 2699 1100 2771 apparentem,
1131 2708 1219 2770 quam
1250 2689 1386 2750 foramen
1413 2689 1445 2750 in
1472 2706 1622 2766 compars-

258 2780 358 2850 ,tione
381 2778 420 2839 ad
443 2779 573 2839 schema.
1085 2775 1098 2786 ⁸

368 2867 429 2930 Cur
461 2875 562 2928 autem
586 2885 623 2927 er
651 2867 747 2928 altera
778 2877 865 2947 parte
895 2867 1014 2929 macula
1042 2866 1132 2930 fuerit
1165 2865 1286 2928 dilutior
1315 2884 1409 2945 quam
1439 2885 1480 2927 er
1507 2865 1623 2943 reliqui,

277 2957 389 3030 nescio,
412 2956 469 3017 nisi
493 2957 626 3016 foramen
649 2956 677 3017 in
701 2976 794 3018 causa
816 2956 915 3026 luerit,
941 2957 1018 3035 quod
1035 2969 1135 3018 tamen
1158 2965 1231 3035 puto
1251 2955 1328 3016 bene
1352 2954 1506 3017 circulare
1530 2952 1623 3015 subse

368 3045 502 3124 Denique
526 3055 652 3124 apparet
675 3064 713 3105 er
735 3045 790 3106 hac
814 3046 1040 3120 observatione,
1073 3045 1171 3107 lumen
1195 3043 1353 3110 Mercurii,
1383 3044 1410 3105 si
1437 3044 1519 3126 qnod
1542 3042 1624 3103 hebet

279 3135 439 3215 proprium,
463 3135 492 3194 in
516 3134 740 3214 comparatione
764 3137 802 3196 ad
827 3135 923 3196 lumen
948 3134 1029 3196 Solis
1054 3136 1174 3196 umbrae
1199 3134 1346 3196 rationem
1369 3133 1500 3196 babere.

763 3400 1141 3495 Epilogus.

369 3559 449 3632 Quid
473 3580 547 3623 nuuc
576 3560 631 3622 tibi
660 3568 708 3623 est
740 3561 831 3622 animi
864 3560 958 3622 lector
990 3560 1103 3634 amice,
1137 3559 1276 3639 numquid
1299 3560 1471 3640 gratularis
1502 3560 1573 3621 mihi
1594 3558 1622 3617 de

282 3671 421 3715 successu
444 3651 472 3711 iu
496 3671 528 3711 re
552 3650 639 3712 mea?
663 3654 712 3712 An
737 3659 768 3711 et
790 3650 980 3711 succensebis
1007 3649 1198 3723 irridebisve,
1225 3650 1251 3710 si
1276 3659 1309 3710 ut
1333 3651 1491 3729 quondam
1515 3649 1622 3730 Pytha·

282 3763 372 3823 goras
395 3741 517 3801 inventa
540 3740 655 3800 ratione
681 3742 807 3800 laterum
835 3738 1019 3818 rectauguli,
1044 3739 1140 3800 hlusis
1163 3741 1268 3800 bovem
1293 3739 1484 3810 immolarit,
1511 3740 1554 3800 sic
1577 3756 1623 3815 ego

282 3833 395 3911 potitus
419 3828 538 3909 egregio
563 3830 735 3908 spectaculo
759 3836 790 3888 et
814 3828 1066 3889 demonstratione
1091 3838 1221 3889 motuum
1246 3828 1401 3900 Mercurii,
1430 3849 1523 3908 quarn
1548 3839 1622 3886 tauto

284 3931 415 3997 tempore
440 3931 509 3978 ante
529 3919 732 3996 jactareram,
769 3937 840 3978 vera
870 3917 1073 3997 deprehensa,
1109 3918 1214 3979 librum
1245 3918 1322 3979 facio
1346 3918 1542 3997 Principique
1567 3935 1622 3975 mer·

283 4011 390 4069 offero:
423 4017 475 4067 aut
498 4009 542 4081 si,
567 4017 600 4067 ut
623 4009 770 4086 quondam
794 4005 920 4068 Ovidius
944 4026 1034 4085 super
1056 4008 1185 4080 lasciva,
1209 4007 1253 4068 sic
1277 4026 1331 4086 ego
1357 4024 1451 4085 super
1476 4005 1624 4086 ingeniosa

283 4098 409 4160 victoris
432 4097 469 4157 de
492 4109 660 4176 opponente
684 4117 749 4159 meo
773 4106 862 4176 parta
885 4097 1067 4157 exclamem:

589 4198 647 4260 „lte
669 4197 848 4267 triumphales
870 4198 969 4251 curum
988 4212 1050 4249 mea
1070 4204 1195 4265 tempora
1216 4192 1317 4249 lauri.“

371 4293 436 4355 Aut
468 4293 510 4368 si,
544 4303 579 4354 ut
610 4296 758 4373 quondam
790 4295 1000 4367 Archimedes,
1033 4293 1217 4371 deprehenso
1246 4293 1325 4352 furto
1357 4289 1518 4361 aurifabri,
1549 4291 1621 4352 labro

284 4381 434 4450 exsiliens,
458 4383 487 4442 in
512 4384 589 4461 quod
613 4383 734 4445 lavandi
756 4405 848 4446 causa
871 4384 1078 4457 descenderat,
1110 4382 1306 4442 exclamarit:
1342 4375 1476 4458 εὕρηκα,
1509 4383 1552 4442 ιιι
1575 4397 1621 4456 eg·-

284 4473 340 4534 hoc
364 4473 516 4532 furunculo
531 4473 606 4546 Deo,
631 4475 725 4534 furum
749 4485 875 4551 patrono
900 4475 1023 4545 credito,
1050 4473 1144 4534 lucem
1159 4484 1190 4531 ut
1205 4468 1363 4549 plurimum
1389 4471 1526 4549 fugiente
1542 4491 1619 4546 seque

284 4561 339 4622 snb
363 4561 464 4621 radios
487 4560 568 4622 Solis
592 4563 763 4641 recipiente.
789 4565 909 4623 tandem
934 4563 962 4621 iu
983 4562 1052 4623 Sole
1077 4563 1151 4640 ipso,
1176 4562 1214 4620 ad
1238 4560 1315 4637 quod
1340 4559 1461 4634 insigne
1488 4561 1618 4619 ιιιιιιιι--ι

285 4650 459 4724 diverterat,
484 4651 684 4730 deprehenso,
709 4654 826 4715 omissis
852 4672 927 4732 quae
951 4671 1007 4729 ago
1034 4653 1161 4730 negotiis
1185 4661 1216 4710 et
1235 4647 1343 4709 studiis
1369 4650 1440 4709 aliis
1466 4651 1614 4728 imporat·

285 4743 450 4801 exclamem
472 4739 634 4818 rsrrppxu?

374 4832 422 4891 Au
456 4832 593 4910 aequiore
626 4850 671 4891 me
702 4830 787 4890 audis
820 4830 936 4901 animo,
970 4829 1169 4890 narrationem
1199 4844 1296 4886 meam
1325 4839 1359 4888 ut
1389 4830 1527 4889 comoedi
1558 4849 1615 4885 sut·

289 4926 373 4977 actus
397 4930 486 4979 cautu
510 4920 658 4980 linientem
684 4931 713 4981 et
741 4920 845 4999 spiritu
870 4919 989 4998 po'etico
1013 4918 1159 4978 laetitiam
1184 4916 1274 4977 animi
1299 4929 1537 4982 contestantem.
1559 4933 1614 4974 ιιι,

287 5011 322 5063 ut
344 5006 467 5084 vulgata
489 5020 538 5068 est
560 5010 596 5068 de
627 5011 745 5071 musicis
778 5009 863 5070 bouis
896 5009 993 5087 opinio
1027 5005 1239 5068 melancholico
1270 5017 1515 5087 temperamento
1541 5027 1614 5085 prat·

1552 5105 1562 5132 0
