3692 5842
728 481 768 536 Do
787 479 867 536 stello
882 483 955 537 xm
971 483 1122 552 Quart

500 762 581 817 ‘libia
619 806 1062 822 ..........
1105 759 1158 821 15·
1177 763 1227 823 15’
1257 769 1288 836 ,2¹

500 843 613 914 Digitus
664 885 1063 904 .........
1105 841 1151 902 11.
1181 843 1228 903 10.

240 959 342 1015 „aa
361 959 439 1033 ee
464 788 617 1194 {3:122
636 964 724 1057 ι..
764 967 772 1060 :
811 968 821 1062 ;
861 968 869 1061 :
909 969 917 1061 :
958 968 968 1061 :
1005 969 1015 1063 ῑ
1054 969 1063 1062 :
1104 920 1227 1063 13:⁵⁵3:

499 1085 572 1137 Vola
617 1126 1063 1143 ..........
1106 1080 1151 1144 16.
1178 1084 1227 1142 10.

499 1164 570 1217 Calx
592 1181 641 1217 seu
663 1164 748 1217 Talus
1105 1161 1151 1224 18.
1197 1163 1226 1223 ἃ

241 1265 368 1326 Quatuor
388 1263 541 1318 informium
565 1263 593 1317 in
620 1264 735 1317 rhombo
760 1266 795 1318 ad
824 1264 965 1320 humerum
992 1267 1059 1320 dex·

281 1352 353 1398 trum
374 1343 566 1398 borealnmma
617 1384 1061 1402 ..........
1103 1340 1150 1401 25.
1179 1339 1225 1403 10.

240 1424 394 1478 Mediarum
414 1424 489 1494 prior
517 1463 1060 1483 ............
1101 1420 1149 1480 25.
1195 1423 1225 1481 0.

239 1505 380 1559 Posterior
419 1545 1061 1563 ..............
1102 1500 1149 1562 26.
1176 1503 1225 1563 53.
1462 1549 1478 1572 ,

240 1586 335 1640 Infima
368 1625 1060 1644 ...............
1102 1580 1149 1642 25.
1177 1582 1226 1642 13.
1356 1629 1365 1642 .
1429 1631 1438 1645 .

240 1684 365 1818 {luparum
386 1699 534 1754 parvarum
555 1699 641 1752 supra
662 1685 786 1748 oaudam,
808 1685 962 1755 superior.
1004 1730 1011 1743 .
1051 1728 1059 1742 .
1100 1679 1148 1742 29.
1176 1678 1224 1740 52.

255 1783 272 1818 n
285 1781 357 1818 enor

239 1924 309 1980 Post
328 1927 425 1995 pedem
445 1927 583 1988 dextrum,
605 1925 682 1978 socia
701 1941 812 1979 norae.
855 1967 862 1979 .
905 1968 911 1980 .
1003 1969 1010 1981 .
1052 1966 1059 1980 .

240 2023 333 2077 Trium
362 2023 533 2079 minimarum
564 2023 637 2078 inter
666 2022 791 2077 ultimam
820 2031 851 2077 et
880 2024 1060 2094 penultimam

282 2106 387 2158 oaudae
401 2104 553 2175 Serpentis,
575 2106 746 2176 praecedens
761 2146 1060 2162 .......
1122 2097 1150 2159 2.
1199 2100 1226 2160 3.
1251 2095 1286 2166 ,ὅ
1318 2097 1366 2160 21.
1390 2097 1439 2161 29.
1463 2145 1478 2169 .,

241 2183 335 2238 Media
369 2224 1062 2243 ...............
1121 2183 1149 2241 1.
1197 2182 1225 2241 9.
1318 2177 1367 2240 22.
1390 2178 1440 2241 12.
1464 2224 1479 2249 ,

241 2265 387 2319 Postrema
413 2302 1061 2322 ..............
1122 2263 1150 2321 6.
1177 2261 1225 2320 13.
1317 2257 1367 2321 21.
1390 2259 1439 2320 52.
1463 2306 1479 2329 .
1514 2225 1519 2326 1
1546 2263 1569 2322 E

241 2362 370 2417 Proxime
390 2364 462 2418 infra
482 2364 616 2428 nltimam,
639 2363 760 2417 informia
809 2406 815 2419 .
857 2408 863 2421 .
905 2404 913 2418 .
955 2404 963 2418 .

241 2444 339 2513 Cuspio
360 2444 518 2516 Sagittae.
561 2488 567 2501 .
610 2488 616 2500 .
658 2485 665 2499 .
708 2486 714 2497 .
756 2484 763 2498 .

241 2559 302 2613 Huc
323 2560 397 2614 reier
417 2560 553 2623 tabulam,
577 2559 605 2613 in
627 2575 682 2629 qua
701 2559 778 2620 AEQ
798 2567 977 2629 aequatorem
1002 2566 1098 2624 notat,
1118 2559 1166 2614 Ec
1186 2559 1360 2630 ecliptioamt
1380 2580 1401 2615 ι
1418 2568 1451 2616 et
1471 2581 1486 2618 t
1504 2561 1587 2618 Sal*

320 2657 400 2702 num;
421 2662 437 2708 η
456 2648 487 2694 et
506 2663 516 2693 ι
534 2641 647 2701 1οιειιις
675 2660 691 2693 υ
708 2639 842 2706 Martem3
865 2640 1030 2694 NNoram:
1051 2640 1104 2693 hoo
1124 2639 1292 2706 discrimine,
1314 2649 1347 2697 ut
1366 2662 1386 2697 ι
1403 2647 1436 2696 et
1453 2664 1487 2712 q.
1507 2637 1586 2698 aad

321 2721 411 2785 raoni,
434 2721 584 2792 designent
606 2721 667 2774 looa
687 2719 800 2774 Saturni
821 2727 851 2772 et
870 2720 947 2773 Joria
969 2719 1176 2789 conjunctorum
1195 2721 1240 2774 die
1259 2715 1338 2780 7117.
1351 2723 1517 2778 Decembris
1533 2719 1587 2778 αι’

324 2798 408 2864 1603,
435 2820 464 2866 ε,
491 2825 517 2865 ι,
537 2822 554 2856 v
587 2800 745 2872 significent
769 2802 852 2854 situm
877 2800 999 2864 Saturni,
1025 2801 1102 2854 loris
1128 2811 1158 2854 et
1184 2800 1283 2856 Martia
1308 2801 1353 2856 dio
1383 2800 1431 2859 90.
1452 2803 1529 2874 Sept
1550 2801 1587 2856 rd

324 2877 369 2936 10.
392 2883 453 2936 Oet.
482 2899 534 2952 quo
557 2881 601 2934 die
622 2881 735 2952 Pragae
761 2880 877 2950 primum
903 2881 964 2934 risa
988 2888 1034 2934 est
1053 2881 1134 2935 Nora
1153 2881 1252 2937 Stella.
1292 2882 1431 2954 Reliquae
1457 2893 1548 2940 reolus
1563 2887 1588 2936 el

322 2978 422 3015 cumae
443 2961 534 3015 lineae
556 2962 641 3031 paulo
663 2977 750 3030 supra
771 2967 836 3014 sunt
856 2961 1026 3030 explicatae.
1054 2961 1206 3016 Stellarum
1226 2978 1293 3017 rero
1314 2975 1474 3020 oeterarnm
1492 2963 1588 3020 aad!

321 3049 419 3113 patent
440 3059 476 3096 ex
497 3042 646 3113 imaginum
668 3042 805 3106 membris,
827 3041 925 3112 quibus
946 3042 1101 3097 inhaerent.

825 3307 1009 3320 ψ

804 3545 924 3647 Caput
950 3544 1034 3621 XV.

242 3738 298 3798 De
321 3732 388 3795 loco
412 3730 504 3813 lujato
526 3730 643 3791 siderio
665 3728 700 3789 in
722 3727 835 3789 mundi
857 3726 1023 3799 diametro,
1047 3745 1103 3788 eeu
1121 3725 1161 3788 de
1183 3726 1337 3790 immoto
1361 3729 1431 3811 ejus
1453 3751 1475 3792 o
1497 3733 1586 3793 om

765 3815 886 3877 Terrae
909 3816 1072 3878 distantia.

333 3971 400 4042 Quo
431 3969 604 4048 diligentius
634 3967 712 4028 hunc
744 3967 841 4026 locum
870 3967 1002 4027 excoluit
1033 3985 1165 4027 summus
1195 3966 1246 4028 ille
1276 3976 1475 4033 astronomus
1498 3967 1586 4052 Tyrio

244 4061 391 4133 Braheus·‚
415 4060 470 4120 hoc
493 4058 614 4119 brevius
637 4076 683 4117 me
708 4056 776 4116 hinc
800 4075 856 4134 ego
879 4069 985 4136 potero
1009 4056 1160 4136 expedire.

331 4149 482 4229 Principio
506 4146 727 4218 demonstrabo
753 4145 835 4207 sidus
860 4146 916 4206 hoc
941 4145 1035 4206 fuisse
1051 4165 1109 4207 non
1126 4155 1243 4207 tanturn
1266 4165 1360 4226 supra
1375 4147 1485 4210 Lunae
1500 4145 1588 4210 orbe!

245 4241 434 4310 collocatum,
459 4238 511 4299 sed
535 4257 571 4297 ne
596 4236 661 4315 ipso
685 4235 804 4315 quidem
828 4235 900 4296 Sole
924 4234 1129 4315 propinquius.

332 4326 560 4390 Demonstratio
592 4324 690 4385 facilis
720 4336 776 4386 cst.
824 4324 899 4387 Cum
930 4324 1007 4385 enirn
1037 4337 1151 4384 motum
1179 4343 1281 4384 rerum
1309 4325 1427 4388 nullum
1452 4325 1588 4394 habuerit,

246 4419 271 4478 si
295 4418 489 4497 propinquius
514 4415 620 4476 suisset
645 4414 710 4493 ipsa
734 4414 829 4486 Luna,
853 4415 921 4493 plus
946 4414 1043 4474 locum
1068 4414 1122 4474 sub
1146 4412 1269 4474 zodiaco
1293 4429 1496 4495 apparentem
1518 4433 1588 4478 com-

244 4519 391 4567 mutasset
415 4526 503 4585 quani
527 4505 627 4565 Luna:
659 4503 757 4582 itaque
788 4504 896 4563 saltem
920 4502 959 4562 ad
983 4503 1080 4563 risum
1103 4522 1157 4582 per
1180 4503 1402 4584 aliquantulum
1426 4507 1507 4568 coeli
1528 4523 1588 4587 spt-

246 4597 319 4656 tium
336 4597 502 4656 discurrere
526 4592 726 4672 apparuisset,
751 4592 807 4651 etsi
833 4611 864 4652 re
883 4612 954 4652 xero
968 4592 1135 4672 quiescens.
1160 4593 1252 4654 Lucis
1270 4611 1365 4654 causo
1381 4597 1488 4676 capiat
1509 4595 1590 4656 leoco

244 4686 334 4765 paulo
359 4684 522 4763 imperitior
546 4681 666 4762 aliquod
688 4681 872 4758 exemplum
896 4681 954 4742 etsi
978 4681 1098 4761 quidem
1122 4681 1151 4742 in
1176 4681 1295 4761 Opticis
1319 4701 1387 4763 cap.
1403 4685 1462 4748 lx.
1487 4680 1589 4746 ‹locui-

246 4795 312 4834 nana
337 4774 534 4852 parallaxium
560 4772 602 4831 sic
626 4769 795 4849 explicasse
821 4771 934 4840 ridear,
959 4785 990 4830 ut
1010 4772 1085 4831 nihil
1101 4770 1267 4831 desiderari
1282 4772 1393 4851 possit.
1432 4773 1483 4838 Sit
1502 4785 1588 4836 mmet

246 4882 383 4922 crassum
408 4873 438 4921 et
467 4861 616 4940 palpabile
641 4859 807 4938 exemplum
833 4860 902 4919 hoc:
935 4874 1003 4920 tene
1028 4873 1117 4939 caput
1147 4860 1317 4932 immotum,
1343 4863 1453 4924 oculos
1476 4859 1588 4925 alterni·

246 4949 367 5023 claude,
399 4965 503 5029 aperto
527 4970 630 5010 nasum
661 4949 782 5028 inspice.
832 4950 864 5010 si
889 4951 996 5010 dextro
1021 4949 1206 5029 inspexeris,
1238 4950 1277 5010 ad
1302 4950 1464 5014 sinistram
1487 4963 1587 5034 purten

247 5037 316 5099 libri
346 5049 398 5099 aut
427 5039 589 5117 pavimenti
620 5059 711 5100 nasus
743 5038 907 5099 ridebitur:
943 5039 990 5100 sin
1021 5039 1145 5101 sinistro
1177 5040 1346 5120 inspexeris
1371 5043 1480 5118 oculo,
1508 5055 1587 5104 uuus
