3692 5842
737 497 821 566 caut
837 497 915 551 nn.
1438 497 1503 567 ooo

149 680 187 736 ab
207 686 327 754 utruque
352 680 450 752 spatiis
480 681 600 744 distans,
631 685 700 751 puta
724 680 810 750 paulo
830 680 894 749 plus
915 695 970 732 uuo
999 680 1098 750 gradu.
1139 679 1208 733 Post
1227 679 1298 734 haec
1318 687 1412 737 antem
1433 684 1504 737 haec

148 764 318 831 praecedens
339 777 411 815 aona
429 763 503 816 flexu
525 764 642 832 quodam
661 761 690 815 in
710 760 843 816 orientem
863 759 995 824 excurrit,
1017 759 1046 814 iu
1066 760 1181 814 formam
1201 762 1338 832 segmenti
1359 763 1501 818 circularis

147 847 179 896 et
199 841 275 897 latus
304 843 472 913 praecedens
501 842 583 897 lactis
612 842 744 896 terminat
771 837 873 906 stella,
904 856 977 911 quae
1006 847 1050 894 est
1075 840 1103 893 in
1131 842 1230 895 dextro
1257 859 1333 915 genu
1355 843 1501 914 Ophiuchi,

147 937 267 992 sequens
287 939 354 977 rerc
375 938 419 988 ea,
441 939 513 994 quae
534 922 627 977 estin
647 924 742 976 ecdem
762 920 877 991 poplite.
918 920 1010 974 Stella
1030 936 1095 973 vero
1118 922 1287 991 praecedens
1308 941 1346 978 ex
1367 923 1407 988 iis,
1431 941 1503 997 quae

147 1002 264 1058 suntin
284 1009 410 1058 extremo
430 1002 554 1073 ejusdem
574 1003 660 1075 pedis,
682 1001 776 1073 tangit
796 1000 867 1055 idem
887 1000 972 1055 latus.
1008 1001 1126 1054 Rursum
1151 1003 1322 1070 procedendo
1350 1006 1503 1077 marginem

146 1082 347 1139 occidentalem
373 1083 539 1140 determinat
563 1084 661 1147 stella,
687 1098 757 1154 quas
784 1082 835 1135 sub
861 1082 960 1134 dextro
986 1079 1090 1135 cubito.
1133 1080 1302 1137 Orientalem
1326 1101 1392 1139 vero
1418 1087 1503 1141 stella

144 1165 317 1234 praecedens
338 1181 375 1219 ex
396 1163 438 1229 iis,
460 1181 531 1236 quae
552 1164 580 1217 in
601 1169 726 1219 extremo
747 1178 843 1216 manus
865 1162 984 1216 dextrae
1005 1158 1052 1216 dc.
1082 1157 1130 1220 Ex
1150 1160 1255 1240 quibua
1275 1171 1411 1242 apparet,
1431 1173 1501 1226 tcu-

145 1252 218 1314 dere
242 1252 299 1315 hoc
321 1263 543 1333 resegmentum
565 1252 632 1314 viae
657 1252 774 1313 lacteae
797 1248 877 1310 inter
900 1248 975 1310 dues
1000 1247 1086 1329 quasi
1115 1247 1227 1323 lineas,
1256 1269 1378 1331 quarum
1403 1254 1503 1317 altera

144 1360 165 1403 a
188 1341 295 1404 dextro
326 1361 403 1421 genu
435 1342 474 1405 ad
506 1342 644 1403 dextrum
674 1338 824 1413 cubitum,
855 1338 973 1418 reliqua
1000 1358 1019 1398 a
1047 1338 1154 1399 dextro
1186 1339 1262 1419 pede
1293 1341 1330 1402 ad
1364 1342 1502 1404 dextram

144 1447 267 1492 manum
290 1430 418 1493 ducitur.
466 1432 529 1493 Aut
552 1431 644 1510 igitur
666 1429 695 1490 in
719 1428 815 1507 ipsam
840 1427 958 1489 lacteae
983 1426 1173 1488 latitudinem
1195 1427 1301 1490 incidit
1324 1429 1407 1491 locus
1433 1431 1501 1493 novi

144 1517 267 1589 sideris,
292 1529 345 1581 aut
359 1519 524 1600 marginem
546 1520 612 1600 ejus
632 1518 785 1580 sinistrum
809 1525 842 1584 et
855 1515 1033 1578 orientalem
1055 1516 1189 1596 proxime
1214 1516 1349 1596 attingit,
1373 1537 1501 1599 vergens

142 1625 251 1671 versus
279 1609 406 1671 alteram
436 1608 524 1672 lactis
552 1608 739 1688 portionem3
770 1605 812 1667 sic
837 1613 870 1668 ut
893 1604 923 1665 iu
946 1604 997 1665 illo
1021 1612 1149 1684 angusto
1179 1604 1273 1668 limite
1298 1607 1339 1670 sit
1362 1627 1500 1689 compre-

141 1696 266 1772 hensus,
291 1697 341 1777 qui
364 1699 442 1760 iuter
464 1707 622 1779 utrumqne
642 1713 742 1757 arcum
765 1692 868 1756 limitis
893 1694 984 1756 lactei
1003 1712 1037 1754 eo
1058 1694 1123 1756 loco
1149 1693 1309 1776 distinguit
1328 1716 1381 1759 ceu
1405 1699 1503 1760 insula

141 1783 225 1852 inter
247 1786 322 1847 duos
355 1786 437 1849 fluvii
470 1788 584 1848 alveos.
631 1786 737 1864 ltaque
769 1792 1022 1858 consentaneum,
1057 1784 1216 1845 materiam
1246 1803 1341 1846 norae
1370 1806 1439 1848 esse
1464 1806 1503 1849 er

140 1873 195 1937 via
217 1875 327 1937 lactea.
364 1876 459 1956 quue
483 1876 575 1938 etiam
599 1871 746 1936 naturalis
769 1871 985 1951 contemplatio
1010 1871 1175 1935 confirmat.
1212 1872 1291 1935 Nam
1315 1874 1342 1936 si
1366 1877 1502 1939 essentia

139 1964 212 2025 viae
236 1965 351 2027 lacteae
375 1984 447 2045 pars
471 1974 519 2027 est
542 1964 662 2026 densior
685 1961 817 2024 aetheris
835 1960 1007 2035 (materiam
1024 1959 1101 2023 enim
1124 1961 1255 2041 aliquam
1280 1965 1374 2026 tantis
1394 1984 1500 2027 corus-

139 2052 312 2116 cationibus
336 2055 460 2117 subesse
484 2073 608 2116 necesse
633 2055 695 2127 est)
720 2049 831 2112 nemini
854 2069 912 2111 non
937 2048 1099 2112 verisimile
1123 2050 1191 2127 erit,
1217 2051 1405 2131 aptissimam
1430 2073 1499 2116 esse

144 2141 230 2205 illam
255 2143 411 2205 materiam
436 2144 522 2206 novis
545 2141 770 2223 phaenomeuis.

230 2231 316 2294 Haec
340 2241 487 2313 utcunque
511 2231 703 2306 verisimilia,
733 2228 957 2291 labefactantur
989 2235 1088 2289 tamen
1123 2228 1342 2309 objectionibus
1375 2233 1500 2299 duabus.

138 2317 257 2398 Prima,
292 2309 685 2402 quaemadmodum,
719 2337 806 2400 quem
833 2317 862 2378 in
896 2316 1155 2379 observationibus
1185 2336 1276 2398 supra
1304 2341 1420 2403 quoque
1443 2326 1500 2387 fide

139 2409 264 2488 dignum
288 2411 448 2486 celebravi,
473 2409 689 2473 animadvertit
711 2426 789 2470 anno
814 2399 907 2479 1596,
934 2400 1019 2488 3113.
1034 2406 1166 2486 Augusti
1195 2407 1290 2481 (circa
1312 2430 1398 2492 quem
1422 2415 1501 2476 diem
1528 2465 1534 2478 .

138 2507 263 2561 cometa
285 2499 366 2562 illius
390 2499 459 2562 anni
483 2500 587 2561 ultimo
611 2498 694 2561 visus
725 2504 773 2560 est
796 2516 815 2556 a
838 2495 1018 2569 Maestlinc,
1046 2495 1111 2576 jam
1142 2498 1356 2576 propemodum
1388 2504 1500 2588 statio-

138 2587 244 2650 narius
266 2590 407 2665 effectus,
432 2589 462 2651 in
487 2584 526 2652 4⁰
548 2591 596 2676 op)
619 2587 768 2650 matutino
792 2594 927 2665 tempore
955 2604 1064 2647 novam
1096 2586 1216 2648 stellam
1246 2589 1356 2651 tertiae
1380 2593 1499 2671 magni·

136 2674 270 2752 tudinis,
295 2678 410 2740 invenit
432 2677 462 2738 iu
491 2672 551 2742 25ο
578 2675 631 2741 45’
655 2676 700 2754 Υ,
734 2695 800 2738 cum
828 2671 988 2736 latitudine
1016 2682 1095 2737 aust.
1130 2671 1187 2739 15⁰
1217 2673 1287 2755 54‘,
1320 2699 1396 2761 quae
1428 2691 1501 2761 post

137 2761 305 2828 Octobrem
328 2767 463 2848 ejusdem
483 2767 552 2829 anni
577 2765 726 2848 disparuit
749 2771 783 2836 (v.
802 2788 821 2822 ι.
841 2788 866 2837 p.
886 2768 962 2833 597).
1005 2764 1059 2826 Ille
1082 2782 1154 2825 vero
1178 2765 1261 2828 locus
1285 2788 1303 2829 a
1326 2770 1376 2831 via
1399 2771 1500 2833 lactea

136 2853 238 2916 abluit
260 2856 444 2936 longissime.
491 2857 615 2932 Altera,
649 2856 728 2937 quod
756 2854 781 2917 si
813 2853 960 2916 naturalis
983 2861 1032 2915 est
1054 2871 1197 2916 novorum
1220 2855 1351 2920 siderum
1376 2870 1498 2923 exortus

138 2944 276 3024 (qualem
299 2946 417 3026 quidem
441 2945 524 3016 facit,
549 2946 598 3025 qui
622 2945 649 3006 ei
673 2943 831 3006 materiam
854 2942 973 3023 quaerit
995 2961 1033 3004 ex
1055 2941 1106 3003 via
1129 2944 1255 3020 lactea),
1280 2947 1422 3010 credibile
1439 2958 1496 3025 est,

138 3032 219 3114 quod
243 3044 275 3096 et
296 3054 388 3115 supra
411 3035 538 3109 dictum,
567 3054 625 3096 non
650 3035 725 3095 adeo
748 3033 953 3112 infrequentes
978 3050 1054 3094 esse.
1103 3030 1204 3102 Quare
1227 3044 1298 3113 post
1327 3037 1381 3098 hos
1414 3034 1499 3101 1400

138 3141 250 3198 annos,
279 3124 328 3204 qui
357 3124 395 3185 ab
427 3144 462 3186 eo
487 3133 619 3204 tempore
644 3123 740 3194 luere,
763 3139 829 3183 cum
852 3121 1044 3183 Ptolemaeus
1069 3122 1229 3202 descripsit
1255 3123 1335 3187 viam
1359 3127 1498 3202 lacteam,

140 3210 261 3273 videtur
284 3211 311 3273 ei
335 3213 468 3275 notabile
492 3212 644 3294 quippiam
668 3210 812 3272 decedere
837 3208 987 3286 debuisse,
1011 3217 1059 3271 tot
1082 3210 1230 3273 sideribus
1253 3213 1383 3278 incensis
1402 3237 1497 3299 exque

138 3320 177 3363 ea
200 3300 399 3364 concinnatis.
446 3304 509 3363 Aut
532 3302 558 3363 si
581 3301 710 3363 nondum
741 3298 860 3379 quidem
889 3308 991 3361 tantus
1024 3316 1126 3360 eorum
1157 3302 1293 3364 cumulus
1325 3305 1394 3379 tuit,
1428 3308 1497 3369 olim

136 3397 242 3453 tamen
264 3390 383 3453 videtur
406 3392 520 3453 coelum
545 3398 640 3452 totum
663 3389 719 3450 hoc
743 3387 846 3463 lactis,
871 3389 950 3470 qnod
974 3386 1080 3463 habet,
1104 3388 1305 3467 perditurum:
1336 3394 1413 3474 quod
1437 3415 1496 3457 uon

138 3480 246 3561 aequis
268 3478 300 3541 in
323 3479 514 3561 philosophia
532 3478 655 3559 judiciis
679 3476 835 3557 excipitur.

228 3568 334 3650 Itaque
367 3568 467 3651 potins
497 3569 526 3630 in
551 3587 585 3629 eo
618 3586 698 3643 sum,
731 3575 766 3628 ut
797 3565 932 3641 credam,
966 3566 1079 3627 coelum
1110 3566 1300 3650 undiquaque
1331 3578 1433 3652 aptum
1456 3571 1496 3634 ad

136 3658 300 3722 materiam
323 3657 407 3721 hisce
431 3657 578 3722 sideribus
601 3655 812 3737 praebendam.

724 3919 911 3932 ———-—

671 4157 791 4257 Caput
814 4153 962 4234 XXIH.

517 4337 605 4402 Oceli
624 4336 793 4402 materam
814 4353 882 4398 eece
908 4332 1114 4400 altercabilem.

226 4495 292 4559 Nec
315 4515 380 4558 sum
404 4494 543 4574 ignams,
575 4516 663 4578 qnam
697 4497 770 4559 haec
799 4494 899 4574 opinio
930 4495 972 4558 sit
994 4494 1114 4558 inimica
1135 4497 1342 4579 philosophiae
1367 4500 1489 4565 Aristo-

133 4586 259 4651 telicae.
305 4585 419 4647 Verum
442 4592 477 4646 ut
500 4587 598 4649 dicam
622 4586 700 4667 quod
729 4604 778 4648 res
808 4592 871 4649 est:
905 4593 1008 4648 sectae
1037 4586 1133 4664 magis
1165 4607 1253 4669 quam
1284 4590 1410 4670 principi
1441 4601 1491 4654 est

134 4677 277 4740 adversa.
324 4675 374 4736 Da
396 4672 468 4737 mihi
491 4677 654 4739 redivivnm
673 4675 886 4747 Aristotelem,
913 4674 960 4736 ita
981 4674 1054 4737 mihi
1076 4677 1219 4739 succedat
1242 4678 1326 4741 labor
1348 4689 1487 4744 astrono-

134 4768 242 4837 micus,
266 4771 300 4829 ut
322 4782 378 4844 ego
402 4764 459 4844 ipsi
483 4766 665 4847 persuadere
687 4763 879 4844 speraverim.
916 4765 967 4826 Ita
987 4764 1050 4826 fieri
1069 4766 1156 4841 solet,
1181 4785 1284 4849 gypso,
1300 4769 1370 4831 dum
1384 4789 1487 4835 recens

134 4866 187 4920 est
208 4855 288 4929 fusa,
312 4853 458 4937 quidlibet
485 4855 687 4935 impresseris3
719 4854 825 4915 eadem
847 4853 898 4915 ubi
926 4854 1058 4915 induruit
1084 4874 1200 4917 omnem
1228 4865 1331 4939 typum
1363 4859 1484 4941 respuit.

134 4945 190 5009 Sic
213 4943 394 5017 sententiae,
418 4943 487 5006 dum
510 4965 548 5006 ex
571 4963 621 5006 ore
645 4945 740 5006 lluunt
761 4941 1012 5023 philosophorum,
1043 4943 1183 5005 facillime
1207 4946 1314 5027 corrigi
1344 4958 1484 5029 possunt:

135 5035 188 5101 ubi
210 5043 351 5120 receptae
375 5034 487 5097 fuerint
509 5055 528 5097 a
550 5032 715 5115 discipulis,
740 5031 844 5114 quovis
868 5031 968 5112 lapide
991 5031 1087 5112 magis
1110 5032 1316 5110 indurescunt,
1339 5057 1394 5100 nec
1417 5038 1486 5104 ullis
