3692 5842
204 209 225 257 ⁸
617 303 620 310 -
723 261 806 332 eut
822 263 868 318 ιν.
888 263 913 316 ⁵·
1435 266 1496 335 ms

143 441 345 524 refringantur
376 449 463 504 tanto
496 442 624 522 angulo,
657 441 684 502 si
717 442 760 502 sic
793 441 948 517 incidunt,
979 449 1013 502 nt
1045 441 1177 517 dictum,
1210 444 1288 524 quod
1322 444 1497 507 Vitellianis

144 531 329 610 experientia
351 531 438 593 nobis
461 530 636 613 hypothesis
659 530 725 592 loco
748 530 897 611 proponit.
937 528 1025 601 Quod
1049 531 1075 591 si
1095 529 1167 610 e'rgo
1191 532 1376 611 superficiem
1401 553 1497 614 quae-

144 619 232 682 sitam
255 619 357 699 tangit
379 617 423 697 Sd
445 619 475 680 in
500 619 533 694 S,
557 620 610 681 illa
632 638 704 680 vero
728 619 888 680 radiationi
908 620 948 680 Λι
972 620 1064 681 debet
1086 639 1240 682 occurrere
1266 621 1294 683 in
1318 622 1497 703 obliquitate

144 730 181 782 a,
210 708 305 770 dehet
338 727 408 787 ergo
441 708 522 771 flecti
553 708 591 769 ab
616 706 639 770 S
667 708 746 768 inira
769 733 778 767 ι
802 708 829 768 iu
855 731 885 781 u,
921 719 953 770 et
982 734 1011 771 αι
1039 709 1186 787 producta
1213 712 1325 772 ultrar
1354 712 1382 772 in
1413 713 1497 773 illam

145 797 266 871 incidet,
299 804 376 876 puta
398 796 428 859 in
451 822 485 873 a,
519 805 625 876 tanget
652 816 723 857 vero
751 795 779 855 in
801 820 819 856 u
842 805 954 875 puncto
988 796 1167 859 incidentiae
1202 799 1303 879 aliqua
1335 802 1499 880 parallelos

145 886 198 966 ipsi
221 908 257 947 ar.
314 887 361 948 At
393 904 584 966 quaecunque
616 905 652 946 ea
685 886 787 946 lutura
819 894 880 953 est,
914 905 971 947 non
1006 887 1097 946 debet
1128 886 1182 949 As
1216 908 1319 950 secare
1353 890 1433 951 infra
1465 889 1498 952 S.

146 973 271 1037 Secaret
295 975 373 1036 eninr
403 976 589 1054 superficiem
613 975 641 1035 in
667 973 690 1035 S
713 974 953 1053 pertingentem,
988 994 1075 1054 quam
1105 985 1206 1038 tamen
1230 977 1351 1056 ponitur
1374 987 1499 1058 tangere

146 1064 260 1126 debere.
308 1063 390 1141 Ergo
415 1064 491 1125 banc
515 1072 644 1143 tangens
668 1063 697 1123 in
722 1086 749 1135 v,
774 1072 860 1124 secat
878 1061 912 1124 Su
935 1072 1110 1143 tangentem
1131 1066 1196 1126 loeo
1221 1067 1398 1128 intermedio
1417 1064 1501 1129 inter

146 1151 222 1215 Set
243 1177 262 1212 r.
309 1152 498 1214 Producatur
521 1153 616 1213 donec
639 1160 723 1212 secet
747 1161 778 1211 et
796 1157 842 1212 αθ
865 1152 943 1213 infra
962 1158 996 1212 θ.
1035 1152 1167 1214 Rursum
1192 1174 1272 1233 ergo,
1298 1156 1368 1235 quia
1391 1175 1498 1236 super-

146 1242 223 1304 licies
248 1241 388 1320 quaesita
411 1259 566 1301 occurrere
590 1240 681 1301 debet
705 1240 761 1318 ipsi
786 1242 842 1301 Λθ
865 1240 893 1301 in
918 1241 1096 1320 obliquitate
1125 1242 1220 1303 lineae
1245 1248 1289 1321 ρθ
1312 1252 1344 1304 et
1366 1245 1502 1325 tangitur

145 1330 330 1410 aparallelo
353 1329 411 1408 ipsi
435 1351 460 1391 τι
484 1329 512 1389 in
536 1353 567 1402 a,
594 1330 685 1391 debet
713 1348 784 1407 ergo
809 1329 888 1389 inira
917 1330 1080 1390 sectionem
1106 1332 1144 1391 ad
1168 1336 1194 1391 θ
1217 1333 1345 1394 transire
1370 1343 1401 1394 et
1426 1353 1500 1414 quae

145 1420 225 1481 illam
250 1418 281 1479 in
307 1419 373 1479 loco
397 1437 558 1480 concursus
588 1419 706 1479 scilicet
730 1418 758 1478 in
784 1438 806 1494 φ
833 1418 934 1496 tangit
961 1418 1168 1498 aequidistans
1193 1420 1250 1498 ipsi
1275 1426 1333 1498 ue,
1359 1422 1502 1484 transibit

145 1511 220 1571 iuter
243 1529 271 1569 rc
295 1515 326 1568 et
349 1506 527 1583 secabitur
555 1507 633 1568 inira
656 1528 682 1583 η,
712 1506 812 1584 ibique
836 1526 951 1568 rursum
976 1507 1158 1584 superficies,
1190 1511 1343 1571 aemulata
1370 1510 1501 1591 obliqui·
1546 1527 1557 1539 ·
1644 1527 1649 1536 ·

145 1606 238 1660 tatem
268 1593 318 1671 οζ,
344 1605 501 1657 concurret
530 1615 597 1657 cum
621 1619 659 1676 αχ
687 1595 766 1655 infra
789 1595 865 1655 hanc
894 1596 1076 1669 sectionem,
1105 1597 1222 1658 scilicet
1246 1598 1275 1658 in
1297 1623 1331 1679 χ,
1356 1607 1387 1660 et
1411 1601 1502 1661 ducta

145 1686 323 1764 contingens
347 1703 402 1764 per
424 1709 455 1765 χ,
486 1685 694 1765 aequidistans
723 1683 781 1761 ipsi
802 1706 858 1760 aq,
889 1693 1050 1746 concurret
1077 1704 1143 1745 cum
1167 1681 1207 1756 αζ
1229 1688 1379 1765 producta
1402 1688 1430 1750 in
1456 1707 1500 1762 o;

144 1776 196 1836 red
220 1774 395 1854 superficies
419 1773 498 1834 inira
513 1797 536 1833 ω
561 1773 712 1845 transibit,
738 1782 771 1833 ut
795 1782 934 1834 occurrat
957 1773 1015 1851 ipsi
1034 1769 1074 1844 αζ
1088 1773 1117 1833 in
1137 1787 1164 1850 ψ
1185 1782 1305 1853 puncto,
1331 1775 1380 1837 ubi
1405 1777 1500 1855 ipsius

143 1864 173 1938 ξι
201 1863 367 1944 parallelos
402 1863 498 1941 ipsam
532 1862 641 1941 tangit.
688 1862 771 1921 Idem
802 1862 839 1922 de
864 1859 901 1933 Q,
927 1863 961 1934 F,
986 1861 1024 1928 Ι),
1055 1862 1082 1921 Β
1114 1861 1263 1941 intellige.
1310 1864 1376 1924 Hoc
1409 1873 1501 1942 pacto

145 1972 264 2032 semper
295 1951 383 2013 binae
413 1961 575 2029 tangentes
606 1950 792 2029 superficiem
823 1958 930 2010 secant
959 1968 992 2010 se
1021 1958 1122 2010 mutuo
1151 1950 1180 2010 in
1211 1950 1285 2013 locis
1312 1952 1502 2015 intermediis

143 2050 347 2104 contactuurn.
386 2038 428 2099 Et
451 2039 540 2100 datur
565 2059 682 2118 semper
706 2038 778 2100 talis
801 2039 906 2111 sectio,
933 2057 999 2099 cum
1018 2039 1064 2114 λβ,
1084 2061 1129 2117 μγ,
1149 2045 1183 2099 νδ
1202 2048 1233 2099 et
1255 2040 1388 2121 reliquae
1413 2041 1509 2122 binae,

143 2149 263 2210 semper
288 2137 474 2207 convergunt
497 2147 601 2190 versus
626 2135 729 2205 partes
744 2126 797 2203 Sp,
821 2127 900 2207 quod
920 2127 969 2187 vel
988 2146 1025 2187 ex
1050 2128 1169 2205 angulis
1191 2136 1287 2206 patet.
1327 2127 1404 2190 Cum
1423 2130 1502 2192 enim

144 2218 206 2297 ὃλβ
239 2218 372 2279 exterior
404 2225 552 2295 aequetur
585 2216 778 2278 interioribus
811 2225 843 2275 et
876 2215 1039 2294 oppositis,
1074 2235 1181 2295 nempe
1214 2217 1272 2294 ipsi
1301 2219 1360 2294 λαβ
1392 2220 1502 2296 angulo

144 2307 344 2379 retractionis,
366 2314 398 2366 et
412 2306 469 2380 λβα
488 2307 596 2383 angulo
616 2304 794 2377 altitudinis,
815 2305 942 2383 angulus
958 2306 975 2364 λ
989 2311 1037 2364 est
1051 2300 1120 2377 40⁰,
1137 2329 1159 2379 μ
1173 2300 1234 2365 114⁰
1248 2303 1311 2379 30‘,
1331 2302 1423 2369 ²:19⁰
1437 2305 1500 2381 30¹,

143 2394 254 2469 555⁰,
280 2418 297 2455 o
322 2390 392 2464 61⁰,
415 2416 436 2454 π
460 2389 596 2468 67“30’,
622 2418 640 2471 ρ
665 2389 801 2465 74030‘,
827 2415 845 2452 a
867 2389 928 2455 82⁰
947 2392 1006 2455 15¹.
1046 2390 1121 2453 Cum
1142 2412 1214 2472 ergo
1238 2413 1357 2474 semper
1381 2395 1503 2457 inferior

143 2486 186 2547 sit
215 2484 312 2563 major
343 2483 435 2543 etad
470 2483 596 2543 eandem
621 2481 676 2543 AS
701 2483 825 2556 lineam,
860 2488 1039 2542 concurrent
1071 2500 1142 2560 ergo
1176 2481 1263 2543 binae
1298 2484 1430 2563 reliquae
1463 2485 1502 2544 ad

144 2581 249 2656 partes
273 2574 408 2633 dextras.
447 2569 522 2632 Cum
547 2590 618 2651 ergo
642 2572 700 2648 αβλ
723 2572 752 2631 in
776 2571 914 2649 partibus
934 2570 965 2631 X
988 2588 1106 2649 semper
1128 2572 1182 2632 fiat
1205 2570 1300 2633 minor
1323 2581 1355 2633 et
1378 2573 1502 2634 tandem

143 2663 173 2724 iu
198 2663 230 2723 X
254 2668 428 2731 evanescat,
452 2659 501 2720 ubi
526 2658 613 2722 SAX
636 2660 852 2721 horizontalem
881 2659 1093 2720 retractionem
1118 2668 1330 2738 repraesentat
1353 2669 1384 2722 et
1407 2661 1502 2741 ipsius

143 2751 206 2814 AX
230 2750 360 2812 altitudo
383 2748 467 2809 nulla
490 2757 555 2809 est:
580 2759 612 2810 et
636 2749 769 2810 infinitae
793 2750 890 2810 adhuc
915 2748 992 2809 inter
1011 2748 1062 2825 βΧ
1085 2748 1232 2810 interesse
1256 2750 1375 2828 possint
1397 2750 1502 2812 radia-

143 2843 255 2914 tiones,
276 2855 411 2918 quaeque
431 2837 460 2897 in
480 2836 698 2899 inclinatiorem
722 2846 898 2915 tangentem
923 2836 1075 2911 incidens;
1099 2844 1132 2896 et
1150 2844 1321 2916 tangentes,
1346 2858 1403 2918 quo
1422 2838 1503 2900 obli-

143 2929 233 3009 quius
267 2935 301 2989 et
332 2926 437 2987 minori
472 2927 582 3005 angulo
615 2946 681 2987 cum
712 2926 930 2987 radiationibus
965 2934 999 2986 et
1028 2925 1183 3004 superficie
1215 2935 1411 3002 concurrant,
1447 2928 1503 2989 hoc

143 3016 378 3080 distentioribus
411 3014 531 3093 punctis
561 3022 690 3094 tangant
718 3017 766 3086 (ut
799 3015 917 3093 longius
950 3014 1067 3074 distant
1093 3014 1149 3075 BD
1178 3033 1266 3093 quam
1294 3016 1374 3087 DF).
1420 3016 1511 3096 Ergo*¹

150 3105 273 3169 inlinita
296 3104 355 3165 erit
383 3103 573 3183 superficies,
606 3103 751 3182 incipiens
782 3103 899 3164 scilieet
923 3124 941 3162 a
964 3101 1133 3181 quantitate
1157 3101 1218 3174 Su,
1252 3123 1346 3184 eaque
1374 3107 1504 3184 maj0res

144 3217 189 3272 υφ
212 3196 268 3256 tac.
295 3191 436 3254 infinitie's
466 3192 668 3266 accumulans,
700 3211 877 3270 semperque
902 3191 999 3269 magis
1023 3210 1055 3251 se
1080 3191 1247 3269 applicabit
1274 3193 1370 3253 lineae
1402 3201 1503 3254 rectae

143 3284 221 3357 AX,
254 3282 326 3362 quia
353 3299 473 3360 semper
503 3281 654 3359 longiores
681 3289 785 3358 partes
818 3279 922 3342 nrinori
959 3279 1167 3352 inclinatione,
1197 3280 1254 3341 hoc
1283 3290 1331 3341 est
1359 3282 1504 3343 rectiores

143 3373 248 3435 habet
295 3370 381 3431 Haec
405 3377 506 3431 autem
531 3368 559 3429 in
584 3370 651 3430 sola
673 3369 839 3449 lryperbola
870 3367 1072 3440 inveniuntur,
1098 3387 1155 3428 non
1182 3368 1209 3429 in
1235 3370 1395 3447 parabola,
1427 3388 1504 3449 quae

144 3469 261 3523 rectam
292 3460 342 3520 axi
369 3458 537 3538 parallelon
567 3458 749 3525 aemulatur,
774 3476 831 3518 non
861 3461 1086 3519 concurrentem
1111 3475 1177 3518 cum
1201 3475 1272 3531 axe,
1303 3466 1336 3518 ut
1359 3456 1406 3518 bic
1429 3458 1500 3519 ΧΑ.

145 3550 245 3630 Igitur
268 3546 417 3628 siquidem
441 3547 615 3626 superficies
640 3565 711 3609 rere
735 3554 784 3607 est
801 3546 981 3628 hyperbole,
1006 3545 1067 3606 AX
1089 3551 1141 3604 aut
1156 3553 1204 3606 est
1227 3554 1426 3626 asymptotos,
1452 3555 1505 3608 aut

149 3638 206 3700 PV
231 3642 406 3719 asymptoto
426 3634 560 3697 interiori
577 3635 669 3715 (quod
692 3635 825 3696 calculus
844 3636 948 3706 docet)
967 3632 1165 3713 aequidistat.
1202 3634 1295 3695 Porro
1312 3653 1369 3695 non
1387 3642 1505 3697 tantum

145 3726 332 3810 hyperbolae
352 3723 490 3797 similem,
515 3724 676 3786 sedetiam
697 3742 767 3784 vere
788 3723 919 3785 conieam
945 3723 1109 3783 sectionem
1128 3741 1196 3782 esse
1216 3722 1401 3802 superficiem
1416 3724 1504 3797 hanc,
1527 3712 1533 3722 ⁴

146 3816 256 3878 statim
276 3821 360 3877 esset
378 3812 547 3891 probatum,
568 3812 593 3874 si
608 3808 662 3875 29.
677 3821 710 3874 et
724 3809 777 3875 30.
798 3811 921 3873 secundi
936 3809 1091 3888 Apollonii
1106 3818 1358 3873 converterentur.
1383 3812 1505 3874 Etenim

147 3903 269 3987 quando
298 3899 416 3965 ducitur
445 3902 623 3980 contingens
647 3922 696 3975 ru,
725 3908 778 3962 aut
804 3909 907 3979 potest
930 3917 984 3977 per
1007 3893 1038 3961 S'
1054 3898 1121 3960 duci
1149 3906 1203 3961 aut
1224 3918 1277 3977 per
1299 3923 1331 3974 o,
1356 3919 1427 3980 ergo
1450 3918 1505 3980 per

147 3992 249 4056 omnia
269 3998 385 4072 puncta
404 3988 591 4064 intermedia,
617 4009 688 4070 ergo
708 3997 740 4051 et
760 4008 814 4068 per
834 3990 889 4050 hoc
912 3996 1065 4067 punctum,
1089 4006 1143 4067 per
1162 3988 1241 4068 quod
1259 3997 1346 4049 recta
1363 3990 1504 4050 traducta

147 4089 182 4145 et
203 4080 234 4143 iu
262 4089 406 4162 punctum
434 4077 512 4140 inter
535 4076 573 4152 S,
598 4103 616 4139 υ
639 4077 847 4140 intermedium
874 4076 1009 4138 incidens
1032 4076 1062 4136 in
1094 4083 1227 4138 centrum
1254 4076 1367 4156 figurae
1396 4077 1502 4142 tendit.

147 4173 201 4235 Ita
223 4169 261 4233 de
285 4167 422 4231 omnibus
446 4167 516 4230 aliis
540 4166 781 4248 contingentibus
806 4166 994 4247 loquendum.
1032 4166 1078 4226 At
1100 4165 1170 4244 quia
1193 4166 1267 4227 haec
1290 4166 1391 4227 omnia
1414 4165 1504 4226 etiam

149 4260 219 4324 aliis
243 4256 384 4338 cognatis
408 4256 620 4336 superficiebus
643 4256 763 4336 paulum
784 4255 823 4316 ab
841 4254 1008 4336 hyperbola
1031 4253 1260 4316 deflectentibus
1279 4252 1390 4326 meunt,
1414 4254 1503 4316 theo-

148 4368 234 4414 rema
255 4350 347 4430 plane
370 4345 506 4408 concludi
529 4364 587 4407 uon
611 4351 723 4424 potest.
1554 4362 1559 4378 ¹

238 4436 338 4518 Igitur
360 4433 387 4497 si
417 4435 502 4497 lubet
519 4431 699 4513 inquirere,
733 4452 771 4493 an
804 4431 936 4512 reliquas
968 4429 1148 4511 hyperboles
1181 4429 1383 4508 proprietates
1411 4429 1506 4507 figura

149 4529 213 4591 ista
235 4525 402 4596 contineat,
426 4523 466 4604 ad
490 4521 625 4585 Gebrum
648 4522 697 4584 abi
721 4540 788 4582 oum
811 4520 858 4581 his
882 4519 972 4583 datis.
1009 4517 1057 4579 Ex
1080 4517 1116 4592 B,
1136 4517 1174 4590 D,
1197 4519 1221 4578 F
1244 4517 1506 4598 perpendiculares

151 4618 182 4681 in
204 4613 261 4679 As
290 4612 402 4676 cadant
425 4611 491 4687 BH,
515 4612 569 4686 DI,
593 4610 659 4686 FK,
691 4607 852 4671 ordinatim
882 4608 1070 4688 applicatae,
1095 4614 1127 4667 et
1153 4604 1211 4685 ipsi
1234 4608 1271 4683 βλ
1298 4604 1506 4685 aequidistans

152 4706 281 4768 ducatur
303 4699 369 4775 Bo,
392 4700 437 4764 sic
459 4700 518 4780 ipsi
542 4723 578 4779 yp
600 4698 807 4779 aequidistans
829 4696 895 4770 DE,
921 4705 954 4759 et
975 4695 1033 4775 ipsi
1057 4698 1090 4756 dr
1113 4693 1320 4773 aequidistans
1343 4695 1368 4756 F
1370 4692 1410 4766 G,
1433 4702 1505 4756 tau·

151 4801 267 4876 genas
290 4789 477 4872 superficiem
505 4788 536 4851 in
559 4789 595 4863 B,
619 4787 657 4862 D,
681 4788 717 4849 F.
769 4785 845 4847 Tres
879 4784 971 4866 igitur
998 4803 1037 4845 ex
1067 4782 1232 4845 Vitellione
1261 4782 1362 4864 anguli
1390 4783 1506 4846 refrac-

1236 4883 1296 4936 13*
