3692 5842
244 444 311 515 496
848 448 998 500 numere

245 627 332 690 varia
355 625 480 706 specula
503 626 586 687 velut
609 627 711 687 oculos
745 625 921 700 distinctae,
956 624 1038 687 subit
1060 623 1153 704 igitur
1184 623 1332 696 animum,
1363 641 1434 686 num
1458 621 1488 684 in
1508 621 1581 686 Inna

245 718 302 779 hae
326 715 460 776 maculae
490 715 558 794 quid
588 715 667 774 aliud
697 722 811 776 notent.
858 715 948 793 Apud
972 734 1027 776 nos
1056 713 1187 775 enimin
1210 711 1331 774 Tellure
1361 721 1434 773 sunt
1458 711 1581 774 sinuosae

244 805 403 868 nonnullae
427 804 538 876 valles,
572 812 605 863 at
628 812 698 865 sunt
721 804 811 864 etiam
836 804 865 864 in
890 804 1009 882 longum
1042 809 1219 883 protensae,
1254 799 1418 862 secundum
1445 799 1581 862 fluriemn

245 896 398 968 decursus,
424 891 638 971 profunditatis
664 912 726 953 non
745 893 999 953 contemnendae:
1028 891 1195 971 cujusmodi
1220 889 1312 952 veluti
1342 897 1490 969 perpetua
1508 887 1581 952 vallis

244 993 292 1044 est
315 981 441 1044 Austria
467 982 528 1041 fere
553 990 619 1042 tota
642 989 764 1060 propter
787 980 972 1052 Danubium,
1001 981 1079 1043 inter
1102 979 1258 1041 Moraviae
1281 986 1313 1040 et
1335 976 1460 1059 Styriae
1482 985 1580 1040 montes

246 1073 390 1151 depressa
406 1079 437 1130 et
455 1069 539 1149 quasi
565 1071 729 1131 recondita.
769 1068 831 1131 Cur
854 1069 945 1148 igitur
970 1070 1067 1132 nullas
1086 1069 1165 1130 tales
1189 1069 1296 1147 longas
1310 1067 1341 1128 in
1356 1067 1445 1128 Luna
1466 1067 1580 1128 matulae

244 1160 372 1241 prodis?
403 1158 464 1221 Cur
487 1159 646 1238 plerasque
672 1160 781 1219 circulo
806 1158 1051 1220 circumductas?
1084 1158 1173 1218 Anne
1198 1157 1269 1218 lieet
1291 1154 1473 1236 conjecturis
1499 1155 1579 1218 indul-

244 1269 329 1329 gere,
361 1248 477 1309 Lunanr
502 1247 594 1308 veluti
628 1247 773 1327 pumicem
798 1248 945 1325 quendam
970 1267 1051 1321 esse,
1085 1245 1274 1308 creberrimis
1297 1254 1330 1305 et
1354 1243 1492 1306 maximis
1515 1243 1579 1324 perir

244 1338 372 1417 undique
397 1336 626 1398 dehiscentem?
665 1336 793 1396 Patieris
822 1336 900 1396 enim
930 1355 1025 1416 aequo
1055 1335 1169 1407 animo,
1199 1342 1234 1396 ut
1257 1335 1304 1397 hic
1327 1352 1383 1413 per
1411 1333 1580 1395 occasionem

244 1426 356 1505 aliquid
390 1424 559 1502 indulgeam
593 1425 848 1504 speculationibus
881 1424 956 1486 meis
989 1423 1212 1486 Commentario
1246 1422 1283 1484 da
1315 1423 1418 1484 Marte
1451 1415 1579 1501 Capbl

243 1513 426 1594 propositis,
452 1514 501 1573 ubi
526 1533 563 1573 ex
588 1533 631 1588 eo,
658 1514 735 1592 quod
759 1513 846 1574 Luna
870 1535 888 1573 a
912 1513 1031 1574 Tellure
1060 1513 1150 1593 duplo
1173 1511 1301 1573 celerius
1324 1511 1481 1586 incitatur,
1508 1527 1579 1590 quau

243 1613 347 1682 partes
378 1603 460 1682 ipsae
485 1603 614 1663 Telluris
643 1604 773 1663 extimae
797 1602 826 1663 in
856 1602 966 1663 circulo
992 1610 1170 1683 aequatore,
1196 1600 1320 1679 collegi,
1345 1600 1465 1661 Lunare
1492 1617 1580 1678 corpur

244 1711 311 1752 esse
331 1711 430 1752 rarum
455 1692 614 1753 admodum
638 1693 773 1771 quodque
798 1691 906 1770 exigua
921 1690 1067 1752 materiae
1086 1708 1201 1769 paucae
1221 1689 1412 1751 contumacia
1433 1687 1581 1768 praeditur

244 1780 343 1859 raptui
368 1779 495 1840 Telluris
520 1798 577 1840 non
602 1780 726 1841 multum
750 1779 883 1840 resistat.

334 1868 541 1930 Veruntamen
566 1868 640 1929 haec
666 1869 717 1940 (de
749 1868 895 1929 absolutis
919 1868 1116 1942 caritatibus,
1141 1886 1198 1928 non
1223 1884 1277 1944 per
1304 1873 1424 1927 montes
1449 1863 1582 1938 formatis)

244 1957 320 2018 tanti
347 1975 405 2018 non
424 1967 505 2031 sunt,
529 1966 564 2017 ut
582 1958 607 2017 si
627 1958 718 2035 juxta
732 1965 799 2017 tuas
818 1966 979 2036 sequentes
994 1956 1182 2017 narrationes
1201 1966 1284 2016 stare
1300 1954 1422 2018 omnino
1441 1963 1581 2035 nequeant,

243 2045 438 2126 pertinaciter
467 2046 656 2106 defendenda
688 2055 798 2125 putem.
850 2047 930 2107 Nam
960 2044 1137 2106 clarissimis
1169 2042 1384 2121 experimentis
1415 2043 1482 2122 lege
1512 2043 1583 2125 plane

243 2135 345 2213 optica
373 2134 533 2195 reddidisti
567 2134 870 2209 confirmatissimam,
904 2135 934 2195 in
959 2134 1071 2196 Lunari
1101 2152 1223 2212 corpore
1257 2133 1368 2195 multos
1397 2152 1452 2212 per
1475 2131 1583 2194 lucidant

242 2231 360 2303 partem
383 2224 564 2302 praesertim
591 2224 714 2282 inferius
747 2242 927 2302 consurgere
951 2223 1053 2302 apices
1083 2224 1179 2284 instar
1209 2221 1426 2284 altissimorum
1459 2223 1583 2285 montium

243 2320 365 2373 nostrae
390 2311 536 2385 Telluris,
562 2312 611 2390 qui
635 2312 721 2389 primi
753 2312 876 2373 orientis
901 2314 929 2374 in
953 2313 1040 2373 Luna
1064 2309 1146 2372 Solis
1171 2310 1236 2372 luce
1266 2311 1405 2372 fruuntur
1428 2329 1521 2392 eaque
1541 2309 1583 2374 uui

242 2400 416 2483 perspicillo
443 2411 493 2462 tuo
518 2402 613 2462 utenti
638 2400 826 2479 detegantur.

332 2487 411 2559 Quid
437 2490 503 2568 jam
537 2489 633 2550 dicam
667 2490 704 2549 de
737 2501 789 2550 tua
821 2509 910 2568 super
941 2489 1073 2569 antiquis
1106 2487 1230 2568 maculis
1258 2485 1363 2548 Lunae
1397 2487 1584 2566 disputatione

244 2578 460 2639 exactissima?
485 2576 558 2639 Cum
576 2578 627 2639 l'ol.
644 2575 719 2640 287.
744 2578 811 2639 libri
832 2579 889 2639 mei
906 2578 1087 2639 sententiam
1102 2576 1258 2637 Plutarchi
1277 2576 1483 2650 adduxissem,
1497 2575 1584 2638 Lunae

244 2668 378 2728 nraculas
410 2667 478 2727 illas
512 2667 651 2747 antiquas
676 2686 729 2745 pro
763 2668 886 2729 lacubus
911 2687 964 2728 seu
989 2666 1120 2728 maribus
1150 2665 1312 2741 habentis,
1347 2665 1464 2728 lucidas
1495 2677 1583 2746 partes

245 2776 298 2835 pro
323 2756 554 2831 continentibus,
580 2776 639 2817 non
663 2756 798 2817 dubitari
817 2775 863 2817 me
884 2774 1034 2834 opponere
1053 2763 1085 2816 et
1108 2754 1261 2815 contraria
1284 2755 1453 2816 rationein
1477 2751 1583 2816 maculis

242 2843 441 2919 continentes,
468 2845 496 2905 in
523 2845 621 2905 lucida
643 2845 775 2924 puritate
801 2845 932 2905 humoris
948 2844 1007 2905 rim
1032 2863 1150 2923 ponere,
1176 2863 1235 2924 qua
1254 2843 1284 2904 iu
1303 2863 1336 2904 re
1356 2844 1430 2906 mihi
1445 2841 1581 2904 Wackhe-

243 2933 305 2994 rius
339 2934 426 2994 ralde
460 2933 643 3012 applaudere
673 2942 719 2994 est
750 2934 866 2995 solitus.
912 2932 1056 3012 Adeoque
1085 2933 1132 2993 his
1165 2932 1425 3012 disputationibus
1456 2929 1582 3012 superiori

244 3029 363 3082 aestate
388 3022 566 3082 indulsimus
591 3023 705 3096 (credo,
731 3023 807 3101 quod
832 3031 941 3083 natura
964 3041 1016 3100 per
1031 3041 1085 3082 nos
1105 3018 1211 3081 eadem
1237 3021 1428 3096 moliebatur,
1453 3041 1527 3102 quae
1542 3037 1583 3099 per

245 3108 416 3171 Galilaeum
442 3110 570 3170 obtinuit
593 3112 797 3190 paulopost),
820 3111 899 3173 utin
925 3111 1019 3190 ipsius
1037 3109 1214 3170 Waekherii
1236 3111 1367 3188 gratiam
1388 3110 1480 3173 etiam
1498 3121 1581 3170 astre-

244 3199 372 3259 numiam
397 3219 513 3273 noram,
539 3202 622 3278 qnasi
647 3219 700 3278 pro
725 3200 761 3261 iis
785 3200 833 3279 qui
858 3202 887 3262 in
911 3201 999 3261 Luna
1022 3199 1177 3274 habitant,
1208 3200 1357 3279 planeque
1385 3199 1581 3280 geographiam

245 3288 392 3365 quandam
418 3288 567 3348 Lunarem
591 3290 762 3363 conderem,
788 3290 871 3367 cujus
900 3289 978 3350 inter
1008 3288 1203 3348 fundamenta
1229 3301 1259 3349 et
1283 3289 1339 3350 hoc
1364 3301 1440 3362 erat,
1466 3287 1581 3350 maculas

242 3397 310 3437 esse
346 3377 552 3445 continentes,
584 3379 699 3439 lucidas
728 3390 831 3459 partes
861 3379 966 3440 maria.
998 3382 1031 3447 (v.
1053 3401 1073 3432 s.
1093 3402 1116 3448 p.
1137 3382 1210 3446 tlt.)
1259 3375 1339 3447 Quid
1375 3397 1423 3439 me
1462 3375 1580 3442 moverit,

243 3474 276 3526 ut
296 3465 342 3526 lric
358 3465 520 3526 Plutarcho
545 3468 790 3542 corrtradicerern,
818 3468 916 3527 ridere
943 3477 990 3528 est
1015 3467 1064 3527 l'ol.
1082 3463 1156 3528 287.
1184 3466 1249 3527 libri
1270 3466 1338 3538 rnei,
1364 3467 1580 3546 experimentum

242 3554 359 3616 scilicet
383 3554 422 3615 ibi
447 3556 626 3633 allegatum,
660 3557 737 3636 quod
762 3557 826 3636 cepi
852 3556 879 3616 in
904 3567 1004 3617 monte
1029 3554 1149 3637 Styriae
1174 3554 1339 3630 Scheckel,
1372 3575 1410 3616 ex
1441 3576 1497 3635 qrro
1525 3551 1579 3615 mihi

243 3644 395 3721 subjectus
420 3644 526 3704 llrrrins
562 3645 718 3705 ridebatur
748 3646 880 3712 lucidus,
917 3655 1015 3706 terrae
1046 3645 1277 3707 tenebrosiores.
1325 3645 1371 3706 alt
1395 3645 1579 3707 iutirrnitaten

242 3733 452 3810 applicationis
479 3734 548 3793 l'elio
574 3753 659 3792 verso
685 3753 787 3811 rnargo
809 3736 871 3812 ipse
896 3735 1020 3795 indicat.
1060 3732 1184 3794 Scilicet
1208 3753 1264 3793 non
1291 3733 1356 3794 lnce
1380 3734 1580 3796 communicatu

242 3842 279 3880 ex
303 3821 374 3883 Sole
400 3831 431 3880 ut
457 3830 554 3882 terrae
587 3822 705 3883 lucebat
731 3824 851 3890 lintius,
883 3825 935 3884 sed
961 3825 1024 3884 luce
1057 3843 1235 3901 repercussa
1259 3841 1296 3882 ex
1321 3831 1390 3885 aere
1421 3823 1579 3885 illuminato.

241 3911 407 3989 Propterea
430 3918 460 3969 et
484 3931 592 3970 causas
616 3912 810 3989 experimenti
836 3911 951 3972 tentari
976 3913 1145 3973 infeliciter.
1193 3912 1271 3972 Nam
1296 3924 1403 3973 contra
1433 3912 1579 3975 doctrinam

242 3997 420 4059 Aristotelis
446 3999 520 4058 libro
541 4000 576 4059 de
597 4001 744 4061 coloribus
765 4002 818 4061 hoc
844 4002 1010 4063 al'lirmari:
1036 4022 1130 4080 aquas
1154 4001 1250 4061 minus
1271 4002 1307 4061 de
1328 4013 1396 4062 atro
1415 4001 1577 4082 participare

241 4105 328 4167 quam
353 4096 459 4146 terras.
507 4086 566 4156 Qui
591 4090 668 4149 enirn
694 4090 747 4149 hoc
773 4109 873 4150 rerum
903 4111 971 4150 esse
1003 4091 1113 4168 possit,
1148 4109 1215 4149 cunr
1240 4101 1340 4151 terrae
1364 4091 1452 4170 aquis
1484 4089 1578 4151 tinctae

241 4174 386 4254 nigriores
411 4177 565 4236 eradant?
590 4178 630 4238 Et
655 4179 724 4256 quid
750 4179 875 4238 multis?
905 4179 953 4239 Da
977 4181 1093 4240 Lunam
1118 4198 1156 4238 ex
1180 4180 1251 4240 alba
1274 4179 1365 4258 gleba
1389 4189 1579 4252 constarent

241 4267 363 4325 Cretam
389 4264 514 4325 insulam
540 4267 700 4343 (quomodo
717 4267 867 4327 Lucianus
883 4268 1001 4329 Lunam
1026 4269 1102 4329 dixit
1120 4269 1200 4328 casei
1225 4269 1355 4330 similem
1371 4268 1495 4330 Terram
1512 4277 1578 4327 esset

239 4354 461 4415 roricedendnrn
486 4359 556 4425 erit,
583 4356 691 4416 clarius
715 4357 960 4435 resplendescere
986 4358 1065 4418 illam
1091 4378 1127 4417 ex
1157 4357 1374 4419 illuminatione
1400 4357 1482 4419 Solis
1505 4373 1577 4436 quan

242 4445 354 4514 marin,
391 4444 579 4521 eqrrantmnris
614 4465 671 4504 mm
705 4457 873 4506 atranrentu
909 4446 1032 4508 imbuta.
1087 4448 1191 4525 ltaque
1223 4447 1294 4507 nihil
1329 4467 1375 4507 me
1408 4448 1483 4508 liber
1513 4461 1578 4506 mem

240 4531 373 4608 impedit,
399 4551 456 4609 qno
482 4533 575 4591 minus
602 4545 630 4591 te
656 4535 775 4593 audiam
801 4546 906 4593 corrtra
932 4554 976 4594 me
996 4554 1050 4613 pro
1068 4536 1231 4596 Plutarcho
1256 4537 1479 4598 mathematicis
1502 4553 1576 4612 argu

240 4620 348 4679 mentis
373 4620 585 4694 disserentem,
611 4623 744 4682 illatione
770 4623 964 4700 argutissima
988 4634 1019 4683 et
1043 4624 1165 4685 invicta.
1200 4625 1334 4685 Lucidae
1359 4626 1469 4706 quippe
1493 4639 1578 4705 parter

241 4709 341 4768 nmltis
361 4708 542 4767 caritatibus
562 4710 727 4784 el'elriscunt,
749 4712 864 4772 luridae
880 4720 983 4790 partes
1000 4722 1136 4772 tortuosa
1152 4713 1231 4773 linea
1246 4713 1460 4788 illuminantur,
1481 4713 1577 4775 tur-idn

239 4808 341 4873 partes
376 4797 551 4857 eminentias
582 4800 693 4860 habent
728 4820 869 4875 magnas,
911 4801 1016 4879 quibus
1055 4801 1168 4862 ricinus
1202 4813 1306 4881 partes
1338 4817 1527 4882 praevertunt
1557 4799 1577 4858 iu

240 4884 470 4956 illurninatione
495 4889 616 4948 eaedem
642 4904 671 4948 et
700 4900 805 4949 corrtra
829 4891 930 4950 Solem
956 4899 1027 4950 sunt
1060 4891 1195 4963 lucidae,
1229 4906 1316 4970 parte
1345 4914 1364 4952 a
1388 4891 1460 4954 Sole
1488 4905 1578 4952 arem

241 4973 431 5046 tenebrosae,
467 4995 541 5052 quae
575 4979 674 5038 omnia
699 4979 725 5038 in
757 4978 836 5038 sicco
861 4991 891 5039 et
922 4978 1019 5041 solido
1045 4989 1077 5041 et
1099 4979 1244 5040 eminenti
1276 4982 1373 5043 locum
1405 4982 1526 5054 habent,
1556 4977 1577 5038 iu
