3692 5842
826 468 907 535 caput
926 467 970 519 1v.
990 469 1013 519 l.
1535 468 1596 540 177

240 641 381 704 contulit.
427 641 636 704 Rothmannus
666 645 973 723 arrepta-occasione
998 666 1033 707 ec
1057 646 1122 725 ipso
1150 648 1273 727 negavit
1303 650 1395 712 ullum
1424 670 1491 714 esse
1515 653 1597 715 aeris

241 740 277 792 et
299 730 434 792 aetheris
456 731 631 807 discrimen,
655 733 733 813 qnod
757 734 839 795 nulla
862 734 1019 812 contingat
1041 734 1198 810 retractio,
1224 755 1299 815 qnae
1324 739 1442 817 quidem
1466 740 1495 801 iu
1519 742 1597 804 hanc

242 837 368 880 causam
391 818 521 881 conferri
544 829 660 901 posset.
699 820 851 902 Sphaerus
873 822 952 883 enirn
976 824 1085 884 circulo
1110 824 1265 900 committi,
1291 826 1437 905 siquidem
1461 828 1598 891 diversae

243 907 327 969 sint:
352 907 549 970 retractiones
564 926 633 981 non,
658 910 701 970 uti
721 919 867 988 parerat,
890 929 1076 989 peromnem
1096 912 1198 973 circuli
1223 914 1377 988 ambitum,
1403 917 1458 977 sed
1481 925 1599 979 tautum

242 1013 338 1076 prope
362 994 548 1059 horizontem
572 998 755 1078 contingere.
794 998 871 1060 Esse
890 1018 962 1077 ergo
987 1001 1183 1062 retractiones
1198 1020 1256 1062 nou
1272 1003 1310 1063 ab
1326 1002 1381 1064 hoc
1405 1005 1599 1082 sphaerarum

245 1083 439 1153 discrimine.
473 1086 570 1147 seda
597 1105 690 1150 causa
721 1087 888 1161 humiliori,
922 1107 999 1166 quae
1027 1089 1134 1166 viginti
1166 1090 1310 1169 graduum
1344 1092 1534 1154 altitudinem
1559 1094 1597 1154 ab

244 1171 402 1234 horizonte
426 1191 483 1234 non
509 1183 639 1253 superet.
678 1175 806 1253 Adjuvit
825 1176 1026 1255 inquisitionis
1050 1179 1289 1255 crepusculcrum
1312 1181 1401 1252 ratio,
1425 1199 1501 1259 quae
1518 1179 1599 1243 Solis

245 1260 418 1323 occubitum
442 1281 535 1341 usque
559 1264 597 1323 ad
624 1262 682 1325 18υ
701 1273 732 1324 et
756 1260 816 1325 24⁰
838 1265 1073 1343 profunditatem
1098 1265 1287 1328 comitantur.
1335 1265 1492 1329 Conclusit
1516 1287 1596 1348 ergo,

243 1348 367 1429 infringi
391 1350 549 1411 stellarum
572 1352 673 1413 radios
689 1351 717 1413 in
733 1373 770 1413 ea
785 1353 920 1426 materia,
948 1371 1023 1432 quae
1043 1355 1226 1432 crepusculis
1249 1355 1375 1435 praebet
1399 1356 1597 1431 occasionem,

244 1456 333 1518 qnam
353 1447 420 1500 arte
440 1439 624 1517 geometrica
648 1440 856 1502 demonstrant
878 1441 995 1521 physici
1014 1461 1070 1502 uon
1093 1461 1234 1521 superare
1253 1443 1408 1505 duodecim
1430 1444 1598 1506 milliarium

245 1523 495 1589 Germanicorum
520 1527 719 1589 altitudinem.

333 1615 403 1678 Neu
427 1615 524 1677 detuit
554 1635 665 1679 causae
689 1637 762 1679 snae
786 1618 908 1697 Tyehn;
942 1617 1066 1695 primum
1090 1611 1185 1693 ca‘vit,
1220 1618 1277 1680 sibi
1306 1639 1421 1700 quoque
1449 1621 1599 1700 geminam

242 1702 339 1765 videri
363 1722 486 1766 causam
509 1705 741 1767 refractionum:
767 1706 892 1784 primaru
917 1726 936 1766 a
960 1705 1128 1767 discrimine
1157 1707 1320 1769 mediorum
1344 1708 1424 1770 aeris
1452 1709 1599 1771 densioris

244 1800 277 1853 et
300 1792 435 1853 aetheris
459 1792 598 1867 rarioris;
622 1793 766 1869 alteram,
791 1813 866 1873 quae
891 1795 1086 1854 retractiones
1109 1813 1202 1874 prope
1231 1796 1413 1857 horizontem
1438 1802 1597 1877 tantopere

244 1881 441 1961 praecipitet,
475 1880 606 1943 residere
636 1883 762 1944 sanein
787 1881 949 1960 vaporibus
977 1882 1057 1943 circa
1089 1883 1283 1945 horizontem.
1331 1884 1436 1963 Neque
1461 1885 1598 1946 sufficere

243 1969 283 2030 ad
307 1969 481 2030 discrimina
499 1969 579 2031 aeris
599 1981 631 2031 et
654 1971 786 2032 aetheris
810 1970 1029 2054 contundenda,
1053 1979 1086 2031 ut
1108 1971 1339 2047 demonstretur,
1363 1973 1461 2033 nullas
1482 1973 1597 2034 retrac-

244 2057 344 2120 tiones
368 2058 521 2119 radiorum
536 2059 599 2119 fieri
614 2078 707 2137 prope
726 2058 879 2132 verticem,
905 2077 980 2138 quae
996 2059 1114 2138 quidem
1139 2060 1292 2122 incurrant
1307 2060 1336 2120 in
1356 2079 1482 2120 sensus:
1508 2078 1598 2138 posse

245 2147 326 2208 enim
361 2165 430 2208 esse
464 2147 581 2226 aliquas
605 2149 657 2208 sed
692 2147 901 2216 insensibiles,
935 2167 1010 2225 quae
1034 2156 1065 2207 et
1092 2148 1121 2208 in
1157 2149 1220 2226 ipso
1253 2148 1408 2208 horizonte
1439 2147 1597 2210 admodum

241 2253 357 2314 parvae
382 2234 444 2296 sint
472 2235 604 2304 futurae,
639 2236 696 2296 uisi
729 2236 909 2314 adjuventur
933 2235 994 2297 alia
1017 2255 1119 2297 eausa.
1167 2235 1279 2313 Angeri
1308 2255 1379 2296 vero
1410 2236 1509 2297 subito
1533 2255 1599 2298 cum

243 2322 397 2384 horizonti
429 2324 631 2404 propinquant
662 2325 777 2397 sidera,
811 2324 848 2385 ob
878 2343 1025 2403 vapores,
1060 2343 1134 2403 quos
1169 2343 1262 2403 penes
1295 2324 1336 2386 sit
1367 2324 1455 2403 hujus
1488 2344 1598 2386 causae

241 2412 441 2491 principatus.
488 2412 548 2473 Vel
573 2412 650 2473 enim
674 2432 711 2473 ex
735 2433 770 2474 eo
794 2413 873 2492 ipso,
899 2413 978 2492 qnod
1001 2412 1211 2473 Rothrnaunus
1239 2421 1408 2483 monuerat,
1437 2430 1592 2492 apparere,

243 2500 409 2562 transitum
434 2500 525 2561 radiis
555 2501 793 2563 occumbentium
820 2500 950 2562 siderum
974 2518 1027 2578 per
1054 2507 1153 2561 aerem
1181 2497 1219 2560 12
1245 2501 1386 2562 milliaria
1413 2502 1506 2562 altum
1530 2520 1598 2563 esse

241 2587 385 2666 sextuplo
415 2588 580 2666 longiorem
604 2608 656 2664 eo,
686 2590 736 2668 qui
759 2598 808 2650 est
835 2589 984 2650 sideribus
1008 2588 1037 2648 in
1067 2588 1226 2649 altitudine
1251 2584 1321 2650 30⁰.
1367 2590 1416 2650 lta
1444 2588 1500 2651 huc
1524 2609 1598 2651 con·
1669 2631 1672 2636 -

242 2676 357 2750 cessit,
393 2677 432 2736 ad
465 2677 632 2739 metiendos
666 2677 792 2757 angulos
831 2678 1044 2738 retractionum
1083 2695 1258 2738 concurrere
1295 2676 1530 2755 profunditatem
1568 2686 1600 2740 et

242 2763 537 2843 conduplicationem
570 2785 712 2844 vaporum
737 2784 773 2826 ex
803 2765 922 2845 obliquo
956 2763 1104 2825 sideribus
1137 2764 1334 2843 objectorum,
1366 2765 1444 2844 quod
1468 2766 1497 2826 in
1520 2765 1598 2827 Pro·

242 2853 466 2934 gymnasmatis
501 2853 552 2914 tol.
584 2850 636 2916 92.
666 2850 718 2916 95.
754 2853 881 2932 repetit,
915 2852 1022 2913 addita
1054 2862 1152 2914 tamen
1187 2852 1390 2926 correctione;
1424 2853 1474 2914 ubi
1507 2854 1599 2915 etiam

242 2940 416 3014 existimat,
451 2941 543 3002 nimia
570 2942 646 3002 coeli
679 2942 827 3002 distantia
858 2941 1019 3001 minutulas
1053 2940 1249 3002 retractiones
1282 2941 1419 3020 aspectui
1451 2941 1598 3015 subtrahi,

243 3031 326 3109 quod
350 3050 370 3089 a
392 3028 604 3090 refractionem
637 3030 757 3107 negotio
790 3029 879 3107 paulo
909 3038 958 3088 est
985 3028 1121 3091 alieuius.
1168 3029 1378 3091 Rothmauuus
1406 3039 1525 3105 contra,
1559 3049 1597 3091 ue

246 3136 378 3198 vapores
411 3116 527 3197 quidem
552 3117 607 3177 hoc
637 3117 723 3178 modo
754 3116 983 3178 retractionibus
1007 3116 1069 3177 fieri
1094 3136 1225 3179 causam.
1271 3117 1348 3178 Esse
1373 3118 1503 3179 enimin
1527 3137 1598 3198 per·

244 3205 408 3287 pendiculc
444 3203 484 3268 12
514 3204 686 3267 milliarium
718 3205 941 3286 profunditate,
976 3206 1004 3264 in
1035 3205 1189 3266 horizonte
1213 3224 1250 3266 ex
1284 3207 1378 3266 latere
1415 3206 1599 3287 duodecuplo

247 3294 476 3375 profundiores,
507 3293 536 3353 in
565 3293 723 3355 altitudine
748 3291 809 3355 30ο
840 3292 989 3370 sextuplo.
1036 3293 1179 3354 Futurum
1212 3294 1316 3372 igitur,
1348 3302 1381 3354 ut
1410 3295 1600 3356 retractionis

247 3382 379 3461 angulus
403 3383 431 3443 in
457 3381 615 3442 altitudine
640 3378 701 3443 30⁰
722 3381 885 3442 etiamnum
909 3389 998 3440 sexta
1021 3399 1092 3458 pars
1117 3381 1157 3442 sit
1179 3380 1374 3442 horizontalis
1398 3382 1598 3456 retractionis,

245 3470 327 3552 qnod
350 3469 399 3530 vel
432 3470 497 3549 ipse
526 3469 627 3550 'tycho
659 3470 794 3545 damnet,
829 3470 877 3549 qui
910 3470 965 3530 hos
1000 3469 1125 3545 angulos
1158 3469 1247 3530 aliter
1277 3469 1314 3529 ab
1349 3469 1535 3548 experientia
1559 3470 1599 3531 sit

246 3558 420 3621 dimensus:
446 3558 580 3637 adeoque
600 3558 715 3638 aliquas
735 3559 932 3619 retractiones
951 3575 1043 3637 prope
1066 3557 1160 3635 ipsnrn
1180 3557 1271 3617 etiam
1285 3557 1428 3618 verticem
1446 3565 1598 3620 venturas.

245 3647 354 3727 Itaque
379 3646 416 3707 de
441 3665 496 3707 sua
519 3647 671 3707 sententia
694 3646 784 3707 alium
808 3645 935 3707 tradidit
957 3645 1085 3718 modum,
1111 3644 1160 3724 qui
1184 3663 1311 3723 vapores
1335 3664 1457 3706 causam
1481 3654 1599 3708 statuat

247 3734 501 3808 retractionibus;
534 3741 646 3796 certum
671 3753 738 3796 esse
762 3736 892 3813 spatium
921 3734 1052 3795 siderum
1075 3732 1180 3808 radiis,
1214 3733 1293 3812 quod
1316 3733 1523 3812 imperturbati
1546 3752 1600 3817 per

246 3841 378 3903 vapores
403 3823 533 3884 transire
557 3823 693 3902 possint:
717 3824 817 3902 itaque
843 3822 867 3883 si
891 3841 979 3902 quem
1002 3822 1031 3881 in
1058 3823 1152 3883 locum
1176 3821 1341 3902 superficiei
1357 3823 1505 3884 Terrenae
1528 3841 1599 3902 per-

246 3911 374 3974 veniant
395 3911 525 3973 breviori
547 3930 601 3990 per
623 3930 750 3992 vapores
774 3910 890 3980 itinere,
915 3929 1002 3990 quam
1022 3918 1071 3970 cst
1085 3910 1140 3970 hoc
1156 3911 1295 3991 spatium,
1319 3909 1443 3990 refringi
1467 3910 1598 3972 minime.

249 3997 319 4072 Qua
342 4019 415 4062 vero
439 4020 458 4060 a
482 4000 575 4061 latere
606 4001 754 4062 transitus
783 4000 912 4079 spatiuru
944 3998 1139 4060 coustitutum
1173 4009 1309 4077 superet,
1344 3999 1461 4060 omniuo
1491 4000 1597 4078 trangi.

247 4087 314 4151 Huc
347 4095 439 4169 pacto
472 4088 607 4168 speravit
630 4107 662 4148 se
695 4087 816 4167 negotio
850 4086 1047 4149 satisfecisse.
1094 4085 1194 4148 Multa
1226 4087 1279 4165 pro
1308 4095 1340 4147 et
1372 4097 1476 4148 contra
1508 4088 1599 4158 dicta,

249 4177 417 4258 disputatio
442 4177 517 4238 adeo
546 4176 681 4237 involuta
704 4186 764 4250 est,
791 4184 824 4237 ut
847 4196 893 4237 me
916 4176 968 4236 vix
998 4174 1164 4254 expediam.
1212 4175 1280 4245 Qua
1305 4175 1332 4235 in
1357 4175 1507 4235 sententia
1529 4184 1600 4254 post

249 4264 326 4326 hanc
359 4283 426 4326 cnm
450 4264 642 4326 Rothmanno
676 4264 919 4326 dissertationem
943 4263 1045 4344 Tycho
1078 4264 1237 4333 manserit,
1272 4263 1366 4323 habes
1398 4263 1426 4323 in
1457 4263 1597 4342 Progyna

250 4361 332 4415 tomo
356 4353 452 4433 primo
476 4353 527 4414 tol.
543 4349 595 4416 92.
643 4351 799 4422 Ceterum,
830 4352 909 4433 qnod
933 4351 1012 4412 inter
1034 4351 1181 4431 principia
1203 4371 1298 4414 rerum
1323 4349 1598 4412 constituendarum

250 4441 312 4504 fleri
335 4443 425 4510 solet,
450 4440 567 4521 utrique
592 4460 670 4521 aqua
698 4441 806 4503 haesit.
852 4441 932 4502 Nam
956 4440 982 4500 si
1006 4440 1165 4518 genuinam
1192 4439 1404 4501 retractionem
1432 4456 1599 4498 mensuram

250 4529 478 4603 adhibuissent,
511 4547 606 4609 neque
629 4529 762 4611 'tychoui
791 4548 865 4609 opus
899 4528 1007 4590 tuissut
1039 4526 1172 4604 allegare
1205 4528 1353 4605 geminam
1385 4524 1599 4586 retractionunr

250 4637 387 4694 causam,
417 4611 574 4698 geminata
596 4617 716 4696 inquam
740 4636 878 4696 corpora,
905 4616 1034 4677 alterurn
1058 4614 1152 4687 aeris,
1177 4616 1303 4675 alterum
1326 4631 1479 4693 vaporum,
1504 4631 1599 4692 neque

249 4705 464 4770 Rothmannus
497 4713 642 4784 negasset
678 4704 851 4767 insensibile
887 4703 1040 4783 quippiam
1073 4702 1199 4780 retringi
1233 4703 1328 4762 lucem
1365 4701 1458 4762 etiam
1495 4719 1599 4762 versus

250 4795 406 4858 verticem.
458 4792 595 4874 Denique
632 4792 841 4872 apparuisset,
881 4790 1066 4871 superficiem
1101 4808 1176 4869 qnae
1217 4789 1330 4868 trangit
1366 4789 1468 4850 radios
1504 4806 1599 4868 neque

250 4899 480 4964 vapornmesse
504 4889 616 4943 temere
639 4879 841 4942 oberrantium
856 4897 952 4958 neque
974 4878 1108 4957 corporis
1132 4877 1260 4956 alicujus
1283 4875 1419 4937 sublimis
1442 4876 1480 4937 ad
1495 4877 1599 4937 Lunae

249 4969 388 5047 mulinis,
413 4969 469 5032 sed
490 4970 580 5050 plane
603 4967 682 5032 aeris
706 4967 782 5049 ejus,
807 4966 838 5029 in
861 4985 917 5046 quc
941 4985 997 5028 uos
1020 4965 1155 5028 homines
1178 4965 1314 5045 spiritum
1338 4982 1404 5024 eum
1428 4963 1457 5024 iu
1482 4963 1600 5025 modum

303 5073 531 5126 naemu.
1355 5062 1390 5118 lt
