3692 5842
838 459 921 525 neus
938 459 984 511 VI·
1005 456 1030 511 θ·
1547 459 1613 529 279

254 635 394 715 Apparet
416 635 485 699 hinc
509 636 615 709 etiam,
642 642 756 716 quanta
778 635 821 696 sit
848 634 998 698 certitudo
1028 635 1239 698 delineationis
1262 636 1366 699 Lunae
1390 636 1557 701 crescentis
1581 646 1613 700 et

255 726 451 800 senescentis,
476 744 565 806 qnam
589 727 679 786 docet
701 723 904 803 Albategnins
928 743 995 804 cap.
1012 721 1055 787 30
1079 734 1111 785 et
1128 719 1182 800 40,
1207 733 1239 787 et
1262 745 1353 806 quare
1372 726 1427 788 illa
1448 726 1611 806 digitorum

254 815 445 980 mmai?
475 815 573 876 visum
605 814 700 893 (quod
729 811 818 874 nimis
852 811 940 874 facile
973 814 1135 876 concedere
1165 813 1285 876 videtur
1315 813 1520 888 Reinholdns)
1552 834 1611 877 non

332 1037 366 1105 6.
413 1041 556 1105 Nullum
581 1060 732 1121 unquam
757 1041 871 1103 luisse
900 1059 1033 1103 merum
1063 1041 1292 1105 novilunium
1314 1042 1536 1122 παραδοξον.

343 1164 432 1236 Quod
452 1165 517 1245 jam
538 1165 567 1226 in
584 1167 683 1243 specie
709 1167 806 1245 ipsam
829 1163 982 1245 plenilunii
1006 1164 1112 1244 phasin
1137 1165 1258 1240 attinet,
1284 1174 1386 1227 monet
1403 1165 1467 1246 ipse
1483 1167 1611 1231 Vitellio

252 1272 337 1333 prop.
364 1249 415 1317 74.
440 1254 471 1314 in
502 1253 702 1333 explicatione
727 1264 819 1315 etex
844 1253 1106 1329 caReinholdns,
1140 1253 1252 1316 habere
1279 1255 1356 1316 hanc
1388 1254 1496 1333 phasin
1525 1275 1609 1319 suam

253 1343 397 1422 temporis
421 1342 619 1404 latitudinem.
665 1343 787 1405 Etenim
815 1343 885 1424 quia
908 1340 964 1404 Sol
989 1343 1017 1403 in
1047 1342 1210 1420 plenilunio
1239 1343 1374 1405 illustrat
1400 1352 1504 1423 partes
1531 1342 1611 1408 1800

253 1428 306 1494 28¹
333 1428 415 1494 12⁴⁴:
440 1450 495 1492 nos
523 1449 593 1492 vero
621 1431 756 1494 videmus
779 1432 897 1493 Lunam
931 1449 1100 1511 apogaeam
1122 1430 1178 1492 snb
1210 1432 1320 1512 angulo
1344 1429 1407 1508 30‘,
1437 1433 1609 1513 perigaeam

251 1520 369 1602 aliquot
392 1520 539 1600 scrupulis
562 1520 716 1600 majorem,
742 1529 774 1582 et
797 1540 884 1583 arcus
908 1519 1011 1582 circuli
1034 1519 1156 1582 maximi
1173 1538 1229 1599 per
1250 1520 1352 1600 polum
1374 1520 1499 1583 visionis
1523 1529 1609 1585 tanto

252 1608 350 1670 minor
372 1614 422 1670 est
444 1607 651 1671 semicirculo:
678 1610 784 1688 juncto
808 1609 859 1671 illo
884 1628 1011 1670 excessu
1034 1617 1067 1669 et
1090 1609 1145 1670 hoc
1175 1610 1294 1671 defectu
1323 1609 1474 1688 colligitur
1496 1611 1609 1690 gradus

251 1697 372 1759 circiter
394 1716 480 1759 nnus.
526 1698 633 1778 Itaque
658 1698 712 1760 snb
736 1699 833 1778 ipsum
855 1697 1032 1760 verissimae
1061 1696 1259 1777 oppositionis
1290 1705 1470 1759 momentum
1495 1699 1611 1761 distant

251 1795 375 1866 uterque
399 1785 527 1848 circulus
551 1786 676 1848 visionis
696 1795 727 1847 et
745 1786 971 1848 illuminationis
995 1786 1124 1867 undique
1147 1784 1267 1848 circiter
1286 1782 1352 1849 30‘.
1391 1785 1498 1857 Quoad
1518 1787 1610 1867 igitur

250 1874 338 1936 Luna
362 1874 584 1936 conficitunurn
607 1876 742 1954 gradum,
767 1895 820 1956 per
838 1877 929 1938 horas
953 1874 1071 1936 scilicet
1095 1873 1180 1950 duas,
1205 1875 1293 1935 durat
1306 1874 1411 1953 phasis
1434 1875 1608 1953 plenilunii;

251 1964 289 2025 ab
312 1982 351 2024 eo
374 1962 495 2025 scilicet
517 1973 661 2043 tempore,
686 1984 743 2044 quo
767 1964 894 2026 circulus
927 1963 1052 2025 visionis
1078 1963 1177 2042 tangit
1207 1962 1348 2024 circulum
1381 1963 1608 2026 illuminationis

251 2052 280 2113 in
301 2059 392 2131 parte
416 2052 520 2113 Lunae
544 2052 692 2126 orientali,
718 2053 756 2114 ad
780 2054 853 2115 illud
875 2061 1028 2132 punctum,
1053 2050 1104 2113 ubi
1127 2059 1285 2114 contactus
1304 2052 1338 2113 fit
1356 2050 1385 2113 in
1413 2060 1501 2130 parte
1525 2053 1605 2114 occi-

251 2140 376 2202 dentali.
424 2141 509 2203 Haec
532 2149 582 2203 est
605 2141 795 2203 ratiocinatio
820 2150 975 2204 auctorum
994 2141 1059 2220 jam
1084 2140 1293 2219 allegatorum.

338 2230 456 2290 Verum
480 2229 549 2310 qnia
571 2229 620 2292 hic
643 2229 858 2310 ἀκριβολογυσι,
882 2230 975 2292 liceat
992 2237 1024 2291 ct
1046 2228 1117 2291 mihi
1141 2229 1373 2291 contradicendo
1397 2226 1603 2310 ἀκριβολογειν.

248 2319 388 2381 Andiant
410 2319 488 2379 hanc
512 2337 619 2380 novam
644 2327 675 2379 et
698 2319 905 2381 admirabilem
932 2338 1052 2394 vocem,
1083 2336 1173 2398 quam
1197 2336 1234 2378 ex
1257 2317 1303 2378 his
1332 2318 1464 2398 ipsorum
1495 2318 1606 2378 funda-

249 2406 359 2470 mentis
384 2415 510 2469 extruo:
539 2426 689 2489 nunqnam
712 2428 766 2469 nec
790 2408 885 2469 visum
914 2427 982 2469 esse
1006 2426 1061 2468 nec
1088 2405 1182 2468 videri
1209 2425 1300 2486 posse
1324 2406 1417 2467 ullum
1440 2406 1608 2485 perlectum

248 2497 461 2577 plenilunium3
485 2503 602 2557 tantum
626 2498 715 2557 abest
738 2506 771 2558 ut
794 2517 883 2559 unum
904 2495 1101 2574 plenilunium
1125 2496 1200 2557 duas
1224 2494 1313 2556 horas
1338 2495 1434 2555 duret.
1481 2494 1605 2555 Etenim

248 2585 317 2666 qnia
350 2585 573 2646 semidiameter
605 2587 726 2647 umbrae
759 2593 870 2665 aequat
902 2580 963 2666 2¹l,
991 2585 1096 2646 Lunae
1129 2583 1383 2657 semidiametros,
1419 2581 1524 2644 addita
1545 2602 1606 2644 uua

247 2675 352 2736 Lunae
381 2673 624 2749 semidiametro,
659 2682 690 2735 nt
718 2682 822 2735 centra
844 2675 949 2736 Lunae
981 2681 1012 2735 et
1041 2673 1163 2734 umbrae
1194 2670 1326 2750 spatium
1351 2671 1467 2750 justum
1498 2688 1605 2749 expers

247 2764 371 2826 umbrae
395 2762 568 2837 admittant,
594 2762 786 2824 conficientur
809 2762 928 2823 circiter
949 2756 991 2823 64
1011 2769 1064 2822 aut
1082 2756 1125 2823 06
1149 2760 1306 2839 scrupula:
1330 2759 1458 2822 totidem
1482 2777 1606 2820 necesse
1666 2758 1673 2770 '

248 2862 295 2914 est
328 2851 447 2913 Lunam
479 2850 586 2913 abesse
616 2870 635 2910 a
665 2849 748 2912 Solis
779 2851 918 2932 opposito
951 2870 1006 2911 sen
1038 2849 1068 2909 in
1101 2849 1222 2928 longum
1254 2867 1308 2909 seu
1340 2847 1369 2908 in
1402 2847 1515 2921 latum;
1548 2847 1606 2909 nisi

247 2941 384 3003 umbram
416 2939 549 3000 delibare
582 2938 666 3000 velit.
717 2938 763 3000 At
794 2948 880 3000 tanto
914 2937 1013 3018 spatio
1047 2937 1164 2999 distans
1192 2936 1230 2998 ab
1264 2934 1451 3016 oppositione
1480 2934 1546 3014 jam
1572 2936 1607 2997 fit

244 3028 422 3093 intersectis
446 3027 621 3089 circulorum
645 3027 870 3089 illuminationis
894 3035 926 3089 et
948 3025 1091 3088 visionis:
1122 3025 1190 3106 quia
1213 3024 1244 3086 hi
1268 3025 1298 3085 in
1326 3023 1474 3086 distantia
1496 3024 1601 3085 Lunae

246 3127 276 3181 et
304 3115 438 3197 oppositi
469 3116 525 3178 loci
549 3115 630 3178 Solis
661 3112 714 3178 30³
748 3134 780 3176 se
811 3125 913 3178 mutuo
947 3123 1086 3195 tangunt.
1133 3115 1198 3176 Ant
1228 3112 1321 3194 igitur
1352 3111 1455 3194 nequit
1485 3111 1603 3192 impleri

248 3208 334 3270 Luna
357 3205 396 3267 ob
419 3205 611 3267 latitudinem
635 3205 756 3266 boream
779 3205 828 3265 vel
852 3204 1033 3277 austrinam,
1058 3211 1112 3264 ant
1134 3202 1160 3264 si
1183 3209 1288 3282 potest
1310 3201 1435 3280 impleri,
1461 3200 1605 3262 articulos

245 3313 415 3376 peragrans
439 3293 646 3374 oppositionis,
671 3294 844 3374 prinsquam
867 3293 1036 3372 impleatur,
1061 3291 1187 3353 delicere
1211 3289 1317 3370 incipit
1340 3289 1475 3350 umbram
1493 3289 1605 3350 Terrae

245 3385 388 3457 subiens;
411 3382 470 3444 nisi
490 3383 567 3444 forte
592 3381 719 3445 distanti
733 3384 763 3443 in
780 3383 902 3443 boream
916 3380 1082 3460 parallaxis
1097 3379 1234 3442 austrina
1247 3379 1295 3439 vel
1310 3385 1417 3439 contra
1430 3377 1604 3439 subveniat.

336 3473 438 3552 Atque
461 3471 536 3533 haec
560 3471 597 3531 de
620 3470 792 3551 plenilunio.
841 3469 1020 3532 consimilia
1048 3470 1108 3530 lere
1132 3469 1169 3529 dc
1198 3466 1356 3529 noviluniis
1380 3464 1439 3526 dici
1467 3473 1603 3546 possent.

245 3563 326 3625 Nam
350 3579 524 3641 quocunqne
549 3560 614 3621 loco
629 3560 716 3621 Luna
734 3560 764 3621 in
787 3559 947 3621 noviluniis
961 3557 1062 3620 Solem
1087 3556 1233 3619 intactum
1255 3554 1412 3634 praeterit,
1435 3552 1473 3614 ob
1492 3572 1602 3615 causas

241 3653 306 3731 jam
331 3650 430 3711 dictas
454 3668 543 3710 cornu
576 3648 670 3710 habet
701 3648 862 3711 residuum.
911 3646 991 3717 Quin
1020 3645 1111 3708 etiam
1134 3646 1164 3707 in
1193 3643 1346 3724 ipsissima
1379 3640 1506 3704 centrali
1530 3660 1603 3704 con·

241 3739 410 3820 junctione,
434 3737 461 3798 si
485 3739 616 3799 fortasse
641 3738 737 3799 minor
760 3745 907 3817 appareat
927 3736 998 3799 Sole
1023 3735 1075 3809 (de
1096 3753 1153 3816 qno
1172 3734 1277 3808 infra),
1302 3731 1429 3794 circulus
1453 3730 1605 3792 illumina-

246 3829 338 3891 tionis
373 3827 539 3887 descendet
574 3826 655 3888 intra
690 3814 830 3888 circulum
867 3825 991 3887 visionis
1024 3832 1056 3885 et
1091 3821 1241 3885 videbitur
1273 3820 1315 3894 (si
1347 3819 1449 3882 Solem
1486 3818 1606 3882 interim

245 3915 392 3980 abscondi
425 3915 613 3994 contingeret
643 3924 787 3977 anostro
820 3916 901 3990 visu)
935 3914 1043 3976 limbus
1076 3911 1262 3975 circulariter
1293 3907 1488 3971 illuminatus.
1534 3907 1605 3970 Jam

244 4016 347 4069 antem
371 4006 528 4083 praelatus
547 4024 623 4077 snm,
648 4023 694 4065 me
714 4024 778 4065 cum
803 4004 976 4066 auctoribus
991 4001 1197 4081 ἀκριβολογειν.
1234 3999 1315 4062 Nam
1333 3997 1412 4078 quod
1430 4016 1492 4059 rem
1508 3996 1605 4077 ipsam

245 4096 368 4168 attinet,
394 4094 531 4154 defectus
556 4093 614 4154 iste
639 4093 667 4154 in
691 4093 853 4172 plenilunio
877 4092 1056 4171 perexiguus
1081 4099 1137 4164 est,
1163 4088 1242 4169 quod
1264 4086 1333 4150 hinc
1357 4085 1446 4148 facile
1470 4085 1605 4166 colliges,

245 4184 324 4267 qnod
344 4183 413 4263 jam
436 4182 524 4243 modo
549 4181 627 4254 dixi,
652 4180 842 4243 insensibiles
867 4200 935 4242 osse
958 4187 1062 4259 partes
1085 4179 1154 4241 illas
1183 4195 1289 4239 versus
1312 4174 1454 4238 circulum
1481 4173 1606 4235 visionis

245 4273 380 4336 declives
411 4272 602 4351 quantumvis
630 4272 707 4332 satis
736 4288 873 4349 magnas.
920 4268 997 4330 Esto
1026 4286 1153 4347 namque
1183 4265 1330 4328 distantia
1357 4263 1500 4325 luminum
1526 4258 1607 4325 1790

244 4372 276 4426 et
299 4361 485 4442 respondeat
503 4359 570 4439 jam
593 4359 710 4436 integer
732 4360 844 4439 gradus
859 4359 888 4420 in
909 4356 1021 4419 circulo
1040 4355 1122 4437 globi
1136 4356 1240 4417 Lunae
1263 4351 1394 4416 maximo
1415 4369 1470 4431 per
1492 4350 1607 4414 utrius·

245 4470 302 4534 qne
326 4449 429 4512 circuli
454 4446 683 4510 illuminationis
707 4456 739 4509 et
761 4445 886 4509 visionis
913 4446 1000 4526 polos
1024 4446 1129 4518 ducto,
1161 4463 1217 4524 quo
1242 4442 1337 4521 gradu
1365 4437 1607 4502 transcenderint

245 4561 277 4604 se
301 4546 407 4602 mutuo
430 4537 461 4599 hi
484 4538 597 4599 circuli.
646 4534 723 4598 Cum
747 4556 818 4616 ergo
841 4531 903 4600 900
931 4534 1150 4598 subtendentnr
1181 4529 1310 4595 100000
1341 4528 1516 4611 particulis,
1545 4522 1607 4591 89⁰

244 4627 406 4711 particulis
430 4622 554 4703 99985,
579 4624 716 4688 residuus
740 4625 831 4704 igitur
853 4625 966 4704 gradus
996 4622 1123 4685 residuis
1151 4618 1189 4684 15
1214 4617 1371 4699 particulis
1396 4617 1605 4688 subtendetur,

245 4736 321 4800 qnae
346 4716 398 4779 vix
429 4723 479 4777 est
508 4716 622 4795 septies
651 4714 812 4775 millesima
839 4713 989 4793 particula
1013 4712 1049 4772 de
1074 4711 1177 4772 Lunae
1207 4705 1440 4770 semidiametro.
1487 4704 1535 4766 Ex
1557 4703 1606 4766 his

245 4813 385 4888 apparet,
410 4804 523 4866 nullum
547 4804 673 4866 subesse
701 4803 864 4883 pericnlum
892 4799 1170 4874 observationibus,
1200 4795 1318 4878 quando
1349 4793 1477 4857 altitudo
1499 4795 1605 4857 Lunae

245 4896 381 4958 instante
406 4893 594 4973 oppositione
618 4912 672 4973 per
696 4910 842 4955 summum
865 4898 897 4952 ct
920 4890 1010 4952 imum
1034 4889 1137 4950 Lunae
1161 4885 1326 4966 marginem
1349 4882 1407 4947 tuit
1429 4883 1602 4965 explorata:

246 4984 304 5047 etsi
317 4983 417 5056 Luna,
443 4992 567 5061 propter
585 4983 708 5044 boream
730 4979 922 5044 latitudinem
942 4979 980 5040 ab
997 4985 1101 5041 anstm
1122 4976 1171 5038 vel
1193 4982 1308 5052 contra,
1331 4971 1463 5038 noudum
1483 4970 1605 5056 penitus
