3692 5842
709 469 753 506 sau
772 455 906 512 Mercurius
925 458 950 505 iu
970 453 1026 505 Sole
1047 456 1120 506 viras.
1526 451 1592 520 80¹1

243 634 323 694 ditos
346 652 429 707 esse,
463 631 506 692 sic
529 649 585 709 ego
608 651 662 712 pro
686 633 805 694 laetitia
837 651 1001 696 moerorem
1024 632 1079 693 tibi
1111 649 1213 696 meum·
1239 630 1340 711 potius
1372 630 1591 711 epigrammate

242 722 390 802 prodam?
412 722 492 783 Nam
515 719 584 800 quid
608 721 662 783 tibi
687 741 743 800 ego
766 722 889 784 dicam?
913 719 990 784 Gom
1012 716 1067 784 28.
1087 719 1160 798 Maji
1184 720 1388 799 spectaculum
1413 720 1469 782 hoc
1492 725 1591 785 essem

242 821 359 884 nactus,
383 809 520 889 sequenti
544 804 596 872 30.
611 811 686 890 Maii
710 811 827 874 Helena
849 810 959 885 Maria,
985 810 1047 872 filia
1068 808 1201 871 illustris
1220 809 1288 870 Viri
1301 808 1340 871 D.
1357 806 1484 871 loannis
1507 810 1593 873 Mat-

242 900 325 962 thaei
353 899 528 963 Wackherii
559 919 578 959 a
607 900 803 962 Wackeufels
831 899 953 980 Equitio
983 899 1097 972 aurati,
1128 897 1288 977 Rudolpho
1311 899 1352 960 Η.
1386 897 1591 964 Romanorum

241 990 418 1071 Imperatori
443 1009 462 1050 a
487 988 621 1050 consiliis
649 989 774 1062 aulicis,
808 988 998 1068 virguncula,
1027 1007 1109 1067 quae
1139 988 1271 1048 noudum
1298 986 1448 1049 decimum
1480 1009 1590 1050 anuum

242 1097 367 1158 egressa
391 1076 503 1171 latipae
527 1077 646 1157 liuguae
671 1078 836 1158 artiumque
861 1076 1026 1139 liberalium
1056 1076 1225 1156 cognitione
1248 1082 1280 1136 et
1303 1076 1446 1150 exercitio
1468 1078 1592 1140 rarissi-

241 1167 299 1230 mis
323 1169 435 1231 aetatis
459 1175 580 1228 nostrae
604 1167 750 1247 exemplis
773 1166 989 1245 comparanda,
1020 1165 1179 1227 matronali
1203 1165 1377 1244 prudentia,
1402 1185 1478 1246 pene
1502 1186 1594 1247 supra

241 1277 346 1320 sunm
361 1256 451 1320 etiam
471 1255 607 1318 omuibus
631 1255 773 1318 miraculo
790 1256 856 1330 fnit,
876 1254 1017 1316 eximium
1033 1252 1213 1320 Gemmuiae
1229 1254 1320 1316 decus
1340 1255 1449 1331 futura,
1469 1256 1593 1336 variolis

242 1347 464 1430 exstinguitur:
488 1344 572 1424 cujus
590 1344 709 1425 puellae
729 1343 872 1406 virtutem
886 1343 1035 1423 animique
1054 1343 1142 1406 dotes
1161 1362 1227 1408 curu
1245 1344 1437 1408 acerbissime
1461 1345 1593 1416 dolerem

240 1437 423 1509 exstinctas,
448 1434 632 1515 compatris
657 1433 781 1496 Patroni
804 1433 861 1494 mei
885 1432 989 1512 optimi
1014 1432 1177 1512 matrisque
1201 1433 1505 1506 beneficentissimae,
1530 1444 1591 1514 tum

241 1525 335 1586 etiam
358 1525 416 1586 mei
434 1522 546 1585 amoris
570 1541 679 1596 causa,
705 1517 772 1583 illas
791 1530 824 1582 nt
841 1522 930 1602 potui·
950 1521 1170 1583 immortalitati
1192 1523 1375 1597 consecravi,
1400 1523 1593 1603 laetitiaeque

242 1614 324 1676 illius
347 1622 380 1675 et
402 1612 547 1675 moeroris
582 1612 668 1691 hujus
699 1612 869 1673 contrarios
902 1609 1028 1672 affectus
1058 1610 1163 1672 eedem
1192 1612 1303 1674 mentis
1332 1611 1499 1692 agitatione
1522 1631 1594 1693 per-

242 1702 393 1776 miscens,.
409 1721 475 1765 cum
498 1720 594 1782 neque
618 1700 824 1780 spectaculum
847 1719 944 1763 meum
968 1699 1096 1778 digniori
1120 1699 1266 1780 allegoria
1288 1720 1382 1783 neque
1407 1702 1501 1763 fatum
1524 1720 1594 1766 cru-

241 1792 429 1854 delissimum
453 1792 558 1853 domus
582 1789 782 1852 amicissimae
807 1789 972 1852 honestiori
996 1788 1174 1852 emblemate
1198 1807 1343 1852 exornare
1366 1808 1495 1872 possem,
1521 1792 1595 1852 haec

241 1880 323 1943 iuter
346 1891 448 1943 cetera
472 1899 537 1943 sum
560 1880 726 1942 meditatus
749 1877 978 1957 epigrammata.

598 2075 641 2147 In
668 2099 824 2173 persona
849 2071 1007 2146 Helenes
1042 2072 1241 2146 defunctae.

458 2234 639 2310 credideras
663 2243 729 2298 toto
752 2234 878 2315 periisse
903 2253 942 2297 ex
963 2233 1086 2297 aethere
1110 2232 1193 2294 sidus

510 2325 710 2405 Majugeuae,
735 2324 765 2386 iu
789 2323 889 2385 radios
914 2342 948 2384 ae
973 2322 1042 2405 quia
1065 2321 1249 2385 condiderat.

457 2413 512 2478 Sol
535 2422 629 2500 negat
652 2413 808 2476 obnitens:
834 2412 937 2476 Solem
961 2411 1028 2491 quis
1051 2430 1124 2475 vera
1146 2429 1256 2490 negare

510 2503 679 2582 Arguerit?
704 2503 787 2565 Solis
811 2509 919 2565 cuncta
942 2501 1047 2564 vident
1069 2498 1157 2572 oculi,

457 2591 575 2656 Cuncta
597 2593 695 2672 aperit
719 2593 844 2671 lampae,
871 2592 976 2673 clypeo
1000 2609 1036 2651 eu
1060 2588 1117 2652 tibi
1140 2588 1222 2652 sidus
1246 2589 1365 2670 inipso

510 2681 801 2762 Luminieiguarus
826 2680 904 2761 quod
927 2679 1016 2741 modo
1039 2677 1223 2757 perdideras.

457 2768 510 2833 Sol
533 2771 617 2833 Deus
641 2777 711 2845 est,‘
730 2772 860 2836 Hermes
885 2788 960 2849 ago,
985 2769 1093 2841 lumen,
1117 2766 1214 2846 gloria
1235 2766 1318 2829 vitae

511 2858 647 2934 Ooelitis,
672 2845 810 2922 humanis
834 2879 881 2920 me
906 2857 1037 2938 eripiens
1059 2856 1164 2920 oculis.

457 2947 490 3010 Si
507 2948 597 3011 'Dens
621 2945 669 3010 est
687 2951 799 3029 justus,
824 2956 897 3028 post
919 2955 1047 3009 mortem
1069 2946 1127 3008 erit
1150 2946 1248 3008 altera
1270 2945 1352 3006 vita:

512 3037 657 3101 Justitiae
681 3038 738 3100 soli
761 3038 884 3100 subdita
907 3055 966 3100 nou
988 3055 1089 3116 pereo.

246 3213 498 3314 Spectaculum
526 3215 739 3289 astronomis
767 3214 1061 3314 pulcherrimum,
1089 3212 1307 3313 paulopost
1339 3214 1595 3298 occubiturum,

534 3324 648 3396 nubes
676 3336 759 3397 aute
787 3336 931 3422 tempus
960 3322 1068 3395 etiam
1095 3322 1311 3420 eripuerunt.

433 3521 435 3526 ·
514 3483 654 3546 Vidimus
677 3483 755 3546 haud
778 3479 831 3543 ulli
854 3481 952 3542 elisum
975 3482 1033 3544 uisi
1057 3481 1175 3544 nomine
1199 3500 1296 3556 caseo,
1334 3483 1352 3562 Ἰ

419 3615 421 3622 ,
567 3573 715 3653 Scriptori
737 3572 819 3633 vitae
844 3571 953 3634 Carole
976 3572 1088 3650 Magne
1112 3580 1210 3646 tuae,-

350 3697 353 3704 ·
422 3657 424 3662 ’
515 3663 617 3745 Atque
639 3661 747 3734 Arabi,
771 3662 817 3723 cui
841 3661 907 3722 Rhe
932 3670 999 3722 sato
1023 3678 1186 3739 cognomen
1194 3679 1205 3734 ;
1229 3665 1263 3720 at
1283 3657 1357 3720 illud

284 3757 312 3838 J
566 3751 716 3813 Alterutri
739 3750 835 3812 visum
858 3750 908 3810 vix
933 3750 989 3811 dno
1014 3747 1215 3811 crediderant.

471 3855 473 3862 ·
514 3841 663 3916 Vidimus,
689 3848 778 3920 atque
802 3839 904 3900 oculos
928 3838 1025 3917 cupidi
1050 3837 1164 3900 satiare
1187 3836 1314 3900 videndo

401 3921 403 3928 ’
569 3930 694 3992 Turbati
718 3928 829 3990 sensim
853 3927 923 3989 Sole
948 3927 1076 3988 cadente
1100 3947 1211 3990 sumus.

514 4022 598 4081 Ante
621 4020 676 4080 sed
698 4037 837 4080 occasum
860 4018 965 4098 clypeo
988 4017 1128 4078 interiore
1153 4022 1292 4095 receptus
1332 4047 1335 4052 ·

566 4109 735 4171 Firmasset
757 4106 860 4168 crebro
884 4114 964 4168 teste
987 4105 1111 4186 planeta
1133 4106 1231 4168 tidem.

514 4197 627 4260 Invidit
649 4197 752 4270 nubes,
778 4197 919 4257 tenebrae
943 4195 1076 4270 obduxit,
1101 4202 1134 4256 et
1155 4205 1241 4258 astra

567 4287 649 4349 Aute
673 4284 920 4368 propinquantem
943 4284 1078 4346 condidit
1100 4284 1279 4346 occubitum.

515 4393 582 4456 Non
606 4393 703 4471 magis
726 4390 853 4453 indoluit
875 4409 965 4452 cerva
988 4398 1131 4470 pereunte
1151 4390 1331 4468 ‚Petrarcha

569 4480 667 4553 Quam
692 4481 776 4560 niger
799 4489 897 4560 atque·
914 4480 1000 4542 albus
1023 4480 1191 4559 corripuere
1216 4498 1326 4551 canes3

515 4573 601 4634 Nave
625 4572 700 4650 mari
725 4573 831 4645 fracta,
856 4589 1003 4651 versaque
1026 4590 1045 4630 a
1069 4568 1191 4630 fulmine
1215 4570 1319 4641 lauro;

568 4664 664 4724 Fonte
688 4678 774 4722 sacro
798 4660 827 4719 iu
851 4676 958 4721 coecos
982 4657 1137 4719 deficiente
1160 4658 1262 4732 siuns3

516 4750 665 4814 Phoenice
690 4769 705 4810 e
730 4748 818 4811 terris
841 4766 954 4809 vacuas
978 4750 1105 4810 abeunte
1128 4767 1181 4828 per
1204 4764 1312 4819 auras;

570 4841 727 4903 Marcente
751 4857 788 4899 ex
811 4856 911 4900 morsu
935 4838 1080 4918 Virgineo
1104 4856 1155 4898 ore
1178 4834 1274 4915 pedis.

516 4932 630 5012 Accipe
653 4948 729 4991 nunc
753 4946 849 5001 omen,
872 4936 1032 5006 praestans
1056 4945 1073 4988 o
1097 4925 1220 5006 virginis
1244 4924 1349 4997 instar,

569 5020 612 5084 Et
634 5019 782 5088 medicam
803 5036 892 5098 porro
916 5036 1059 5099 quaerere
1082 5016 1184 5078 desine
1208 5033 1305 5094 opem.
