3692 5842
614 548 621 562 .
656 520 784 588 appara
803 523 835 573 aa
858 523 940 589 caput
956 517 976 574 1.
1120 571 1124 581 .
1433 525 1494 594 147

156 689 190 764 8)
217 702 257 756 Et
277 717 338 756 eum
358 699 385 755 id
406 717 505 773 corpus
526 701 654 772 potentia
673 702 847 772 perspicuum
869 710 913 755 est
934 709 999 757 ωηο
1020 702 1056 756 111
1079 706 1213 759 tenebrae
1234 707 1369 763 obtinent.

155 778 189 847 9)
217 783 317 853 ltaque
338 787 473 837 nonleum
501 790 566 837 actu
592 782 766 852 perspicuum
787 790 831 835 est
851 784 898 835 sed
924 800 988 837 cum
1017 791 1173 852 potestate,
1204 794 1268 840 tunc
1293 787 1380 858 igitur
1400 797 1445 845 est
1465 798 1495 845 et

218 864 396 917 tenebrosum
416 869 447 916 et
467 864 588 916 colorum
609 877 711 932 capax.
733 861 828 931 utique
850 863 915 932 quia
937 870 1002 916 tunc
1023 865 1110 918 solum
1132 872 1176 920 est
1198 867 1256 920 siue
1277 870 1377 923 colore.

138 938 189 1005 10)
216 943 292 996 Idem
313 944 397 996 etde
417 943 503 1013 plane
516 960 571 996 non
584 942 651 996 risis
666 944 743 996 etde
762 941 793 994 iis
815 958 886 1010 quae
908 959 994 1013 aegre
1016 945 1221 1013 conspiciuntur
1241 947 1402 1014 affirmatur,
1424 951 1494 1020 quod

218 1022 338 1092 capacia
358 1022 415 1077 sint
434 1024 541 1077 coloris.

139 1097 193 1170 11)
218 1103 275 1156 Est
294 1108 387 1157 autem
408 1103 434 1157 id
456 1105 526 1174 quod
547 1109 612 1157 actu
642 1102 817 1172 perspicuum
838 1110 881 1155 est
902 1103 975 1156 inter
1001 1103 1122 1158 visibilia
1151 1106 1321 1172 habendum,
1350 1125 1405 1162 non
1429 1124 1496 1163 rero

220 1199 252 1236 se
272 1182 335 1252 ipso
355 1184 403 1236 sed
423 1199 474 1251 per
494 1183 614 1237 colorem
634 1183 753 1235 alienum
775 1190 805 1235 et
825 1189 998 1236 extraneum.

138 1261 190 1318 12)
218 1261 265 1315 Fit
286 1269 379 1316 autem
399 1262 467 1315 risio
484 1260 544 1329 (seu
566 1262 670 1315 visione
691 1270 794 1315 natura
815 1262 890 1331 prior
904 1264 996 1326 motio,
1019 1279 1099 1332 quam
1115 1283 1169 1336 ego
1190 1267 1403 1321 illustrationem
1425 1268 1496 1321 oculi

218 1337 353 1410 dicerem)
375 1343 403 1396 in
417 1343 489 1396 bunc
510 1346 626 1397 modum.
655 1342 736 1395 Color
757 1349 849 1395 movet
864 1342 889 1394 id
911 1346 981 1412 quod
997 1350 1040 1396 est
1058 1351 1121 1398 actu
1144 1349 1324 1417 perspicuum,
1348 1355 1380 1401 ut
1394 1353 1495 1410 aeirem,

218 1422 256 1475 ab
277 1421 330 1475 hoc
351 1438 416 1476 rere
437 1423 477 1475 sic
497 1429 584 1486 moto,
607 1422 672 1493 quia
692 1423 848 1475 continuum
877 1439 976 1492 corpus
998 1431 1056 1487 est,
1080 1426 1197 1480 vicissim
1226 1435 1350 1481 moretur
1371 1434 1401 1480 et
1420 1428 1496 1481 visus

218 1502 431 1556 instrumentum
451 1519 500 1555 seu
522 1502 626 1555 oculus.

140 1581 191 1640 13)
219 1585 314 1652 Atque
335 1582 404 1635 haee
418 1598 475 1637 una
497 1582 602 1651 species
618 1590 662 1635 est
682 1581 802 1645 visionis,
825 1586 886 1636 dum
902 1586 979 1638 color
999 1584 1105 1639 scilicet
1126 1586 1241 1649 videtur,
1263 1587 1291 1640 in
1306 1588 1367 1640 lucc
1382 1588 1497 1653 scilicet,

221 1677 361 1731 nunquam
383 1663 505 1726 seorsim,
529 1664 594 1732 quia
615 1663 664 1715 lux
685 1669 730 1714 est
750 1663 867 1732 energia
888 1666 1033 1733 perspicui.

142 1739 193 1804 14)
221 1742 321 1811 ltaque
341 1742 373 1795 11
392 1742 461 1795 risio
483 1738 581 1810 (motio
602 1742 777 1795 instrumenti
798 1758 878 1811 quam
900 1745 1024 1814 sequitur
1039 1740 1121 1813 visio)
1142 1762 1202 1798 cum
1223 1746 1375 1800 sensorium
1396 1747 1498 1802 instru-

220 1828 344 1875 mentum
365 1822 468 1892 aliquid
490 1825 526 1876 ab
547 1822 708 1876 intermedio
730 1822 844 1891 patitur.

142 1901 192 1965 15)
220 1902 319 1971 Neque
340 1902 411 1955 enim
432 1903 540 1971 patitur
560 1903 662 1972 aliquid
685 1905 780 1955 oculus
802 1899 869 1970 (non
891 1909 1016 1955 moretur
1042 1903 1150 1973 inquam
1172 1911 1221 1959 aut
1247 1906 1386 1960 alteratur
1406 1906 1498 1975 paries

221 1979 307 2045 oculi)
329 1983 365 2035 ab
387 1981 447 2051 ipso
469 1983 514 2052 qui
535 1984 644 2035 videtur
664 1983 765 2037 colore.

143 2057 193 2125 16)
222 2063 357 2131 Adeoque
378 2062 401 2115 si
422 2063 542 2131 spatium
569 2063 756 2116 intermedium
787 2064 964 2133 contingeret
990 2062 1107 2132 relinqui
1135 2080 1251 2118 vacuum
1271 2080 1400 2133 corpore,
1431 2063 1499 2117 nihil

221 2141 309 2194 rideri
329 2150 434 2211 posset.

142 2217 192 2285 17)
222 2221 367 2291 Analogia
386 2222 458 2275 enim
480 2228 523 2274 est
543 2221 616 2276 inter
636 2222 731 2286 visum,
754 2224 876 2277 auditum
898 2230 928 2276 et
949 2226 1092 2277 odoratum
1113 2223 1221 2277 ratione
1242 2224 1405 2278 intermedii.

143 2299 192 2365 18)
220 2302 275 2354 Est
295 2309 389 2355 autem
410 2309 440 2356 et
459 2301 517 2354 alia
538 2302 644 2370 spbcies
666 2303 785 2366 visionis,
809 2320 864 2374 qua
884 2322 937 2357 non
959 2304 1077 2357 colorem
1100 2306 1147 2357 sed
1170 2304 1228 2357 alia
1253 2303 1396 2357 cernimus.
1440 2305 1501 2367 Quo

222 2381 332 2434 nomine
354 2381 411 2452 igni
433 2389 463 2434 et
484 2381 541 2434 Soli
563 2382 635 2436 inest
655 2399 736 2435 unum
758 2391 788 2436 et
809 2384 878 2437 idem
900 2383 1049 2454 quippiam.

143 2457 193 2523 19)
221 2460 321 2530 Neque
342 2461 432 2515 omnia
453 2462 481 2514 in
501 2462 562 2513 luce
585 2469 747 2529 cernuntur,
769 2466 816 2516 sed
839 2463 934 2535 aliqua
955 2463 1032 2517 etin
1053 2463 1176 2517 tenebris
1202 2463 1327 2517 efficiunt
1347 2464 1501 2518 sensionem

222 2535 289 2607 (reu
311 2544 523 2610 praecedentem
544 2541 617 2596 hane
637 2549 740 2596 motum
761 2540 957 2606 instrumenti).

141 2618 193 2685 20)
222 2621 295 2674 Nam
317 2621 403 2676 etiam
423 2622 459 2675 ab
480 2621 546 2692 igne
567 2623 740 2692 perspicuum
763 2621 804 2691 (in
826 2620 965 2693 potentia)
986 2623 1018 2675 11
1038 2623 1212 2692 perspicuum
1234 2620 1335 2690 (actu).

141 2696 195 2768 21)
223 2701 264 2754 Et
285 2718 358 2771 quac
380 2708 462 2755 noctu
488 2719 536 2754 seu
559 2703 585 2754 iu
612 2703 733 2756 tenebris
764 2711 928 2766 cernuntur,
960 2720 1053 2755 eorum
1080 2703 1177 2772 aliqua
1206 2705 1354 2773 splendent
1384 2704 1500 2775 quidem,

221 2781 312 2834 lucem
333 2798 399 2834 vero
421 2799 474 2834 non
495 2782 633 2852 ingerunt,
658 2786 784 2854 λαμπυσι
803 2802 857 2855 μεν
876 2779 934 2837 dtl’
954 2777 972 2838 ei
991 2802 1051 2854 φως
1068 2782 1190 2854 ἔμποιει.

231 2878 278 2932 Ex
300 2877 344 2931 bis
366 2877 530 2948 aphorismis
551 2887 678 2948 apparet,
702 2882 771 2950 quod
786 2880 899 2948 majoris
921 2879 1077 2933 evidentiae
1100 2896 1186 2934 causa
1200 2883 1267 2943 dico,
1291 2889 1324 2934 ut
1336 2881 1386 2934 fiat
1408 2898 1501 2935 neces·

141 2958 218 3011 saria
246 2958 320 3011 risui
347 2958 430 3012 motio
461 2958 634 3012 instrumenti
660 2962 695 3013 ad
725 2961 844 3014 colorem
871 2961 1031 3023 videndum,
1063 2962 1130 3012 duos
1163 2963 1199 3015 ab
1227 2960 1381 3013 Aristotele
1411 2967 1501 3015 motus
1599 2971 1601 2976 '

140 3037 244 3108 requiri
266 3038 340 3091 aeris
367 3055 415 3091 seu
442 3038 597 3107 hujusmodi
625 3041 765 3110 corporis:
795 3057 876 3094 unum
899 3055 916 3092 a
937 3041 1011 3100 luce,
1042 3046 1074 3092 ut
1099 3056 1134 3093 ea
1161 3042 1336 3110 perspicuum
1357 3040 1384 3093 in
1411 3047 1503 3095 actum
1566 3071 1570 3075 -

142 3119 276 3172 traducat
296 3115 357 3188 (qui
379 3126 468 3172 motus
482 3136 532 3187 pro
552 3119 668 3172 ridendo
690 3120 779 3173 lucido
801 3137 915 3189 corpore
937 3114 1052 3188 suflicit)
1075 3120 1194 3174 alterum
1208 3138 1226 3174 a
1240 3122 1331 3174 colore
1353 3120 1393 3172 rei
1413 3121 1501 3177 visae.

232 3207 313 3269 Quod
340 3206 427 3277 igitur
455 3206 570 3276 primam
600 3208 704 3261 attinet
733 3210 911 3271 sententiam,
943 3225 979 3261 ea
1006 3208 1113 3278 quidem
1134 3227 1202 3264 rera
1223 3215 1280 3272 est,
1313 3210 1335 3261 si
1358 3217 1450 3263 tamen
1472 3216 1502 3263 et

142 3287 266 3341 definitio
288 3287 389 3340 eoloris
411 3286 538 3357 legitima
558 3296 739 3357 supponatur.
777 3290 840 3342 ideo
862 3306 979 3359 namque
1001 3290 1076 3343 color
1093 3295 1137 3341 est
1157 3288 1332 3344 instrumenti
1352 3289 1445 3343 visorii
1466 3290 1501 3342 ad

142 3369 307 3421 movendum
327 3375 435 3435 potens,
458 3367 524 3437 quia
543 3369 576 3419 de
598 3376 701 3424 natura
721 3369 789 3422 lucis
810 3376 861 3423 est.
893 3370 992 3439 ltaque
1015 3368 1069 3422 luci
1090 3369 1176 3438 primo
1197 3376 1227 3423 et
1247 3386 1297 3438 per
1318 3383 1349 3420 se
1370 3368 1503 3437 competit

142 3446 267 3518 parietes
290 3444 394 3514 (etsie
415 3441 536 3515 oculum)
559 3448 689 3501 alterare.

232 3531 274 3581 At
294 3544 346 3579 nec
367 3526 468 3580 suffieit
489 3528 523 3579 ad
537 3527 589 3580 hoc
610 3529 728 3581 colorem
743 3544 803 3580 esse
819 3528 873 3581 luci
895 3536 1053 3600 cognatum,
1077 3534 1187 3597 oportet
1201 3534 1230 3581 et
1245 3534 1310 3580 actu
1331 3526 1501 3580 illustratum

142 3627 204 3662 esse
219 3624 238 3661 1
254 3608 317 3660 luce
327 3613 358 3660 et
368 3606 406 3660 sic
421 3608 508 3660 lucem
523 3610 660 3677 quandam
675 3608 846 3672 combibisse,
862 3625 933 3677 quae
944 3609 996 3661 hoc
1011 3608 1102 3677 capite
1115 3606 1379 3680 luncommunioata
1393 3605 1501 3661 dicitur.

231 3695 358 3751 Secundo
387 3695 543 3765 aphorismo
574 3698 667 3750 definit
693 3697 861 3750 Aristoteles
892 3699 980 3750 lucem
1008 3697 1109 3750 nonin
1138 3713 1189 3749 sua
1216 3701 1317 3749 natura
1342 3698 1424 3763 puto,
1453 3696 1501 3747 sed

144 3784 285 3849 quatenus
308 3777 341 3830 ad
364 3776 472 3829 videndi
493 3777 635 3847 negotium
657 3778 801 3831 concurrit.
837 3778 898 3830 Etsi
920 3794 984 3829 vero
1007 3776 1176 3846 impossibile
1196 3776 1312 3837 ridetur,
1336 3773 1501 3843 ipsissimam

144 3859 214 3912 lucis
236 3862 368 3911 naturam
390 3856 500 3925 penitus
521 3857 630 3911 rimari:
653 3863 782 3927 praestat
804 3865 896 3909 tamen
918 3857 1014 3926 aliqua
1035 3856 1147 3926 propius
1175 3856 1262 3926 ipsam
1283 3854 1352 3908 lucis
1374 3862 1502 3909 naturam

143 3936 341 3992 concernentia
362 3936 466 4001 rimari,
488 3937 647 4007 priusquam
670 3941 703 3991 ad
725 3937 794 3990 lucis
820 3936 987 3990 functionem
1016 3939 1190 4006 procedatur.
1233 3936 1344 3989 Certum
1365 3934 1438 3988 enim
1458 3942 1503 3987 est

143 4027 210 4072 tune
239 4017 394 4071 rectissime
420 4034 468 4070 nos
496 4018 565 4070 seire
591 4018 653 4088 quid
685 4017 820 4087 quidlibet
849 4017 939 4085 possit
964 4017 991 4071 in
1013 4017 1084 4080 alio,
1116 4034 1174 4070 eum
1197 4017 1260 4086 quid
1282 4015 1310 4069 in
1331 4032 1361 4068 se
1385 4015 1445 4084 ipso
1466 4013 1503 4068 sit

143 4096 377 4153 intellexerimus.
1497 4095 1499 4102 '

231 4180 308 4233 Idem
329 4184 359 4230 et
379 4179 413 4230 de
433 4177 578 4246 perspicuo
600 4177 758 4231 dicendum:
782 4178 852 4246 quod
874 4176 919 4229 hic
940 4175 1035 4228 definit
1051 4175 1217 4228 Aristoteles
1240 4192 1294 4227 non
1316 4174 1399 4226 aliter
1420 4189 1502 4244 quam

142 4261 165 4313 si
186 4256 306 4313 nominis
336 4258 436 4310 reddat
462 4258 605 4310 rationem.
646 4256 824 4326 Perspicuum
852 4256 924 4308 enim
953 4254 1055 4325 aliquid
1085 4262 1149 4308 tunc
1170 4261 1214 4306 est
1241 4270 1300 4306 cum
1323 4270 1372 4321 per
1393 4252 1418 4305 id
1439 4269 1518 4321 per·¹

141 4339 268 4410 spicitur,
290 4343 321 4390 et
340 4336 505 4406 pellucidum
528 4354 586 4390 cum
608 4337 768 4407 quibusdam
794 4336 941 4389 luminibus
967 4335 1100 4404 pellucet.
1142 4338 1182 4387 At
1202 4340 1328 4386 neutrum
1348 4331 1381 4385 fit
1402 4331 1454 4385 nisi
1475 4331 1503 4384 in

142 4421 213 4474 luce.
249 4420 291 4470 At
311 4418 397 4471 multo
419 4416 532 4486 propius
547 4420 581 4470 ad
603 4423 730 4470 naturam
751 4433 841 4470 rerum
863 4415 970 4469 accedit
991 4413 1036 4484 qui
1056 4413 1250 4483 dispositiones
1272 4412 1381 4476 indicat,
1404 4410 1501 4482 quibus

142 4496 341 4570 praesentibus
363 4512 480 4565 corpora
500 4497 641 4566 pellucere
662 4502 731 4565 apta
753 4495 808 4550 sint
829 4514 878 4549 seu
899 4501 1049 4564 praesente
1070 4494 1132 4546 luce
1153 4511 1202 4546 seu
1224 4493 1349 4545 absente.
1392 4491 1503 4544 Certum

141 4579 215 4633 enim
237 4583 298 4640 est,
329 4592 442 4630 accessu
468 4576 537 4629 lucis
567 4583 696 4630 naturam
726 4593 870 4645 corporum
895 4593 949 4629 non
980 4573 1096 4627 mutari:
1130 4579 1160 4626 et
1185 4581 1279 4626 tamen
1300 4571 1357 4624 alia
1386 4585 1518 4650 corpora¹

141 4658 293 4728 utrobique
315 4657 464 4709 tenebrosa
485 4664 604 4719 manent,
627 4656 685 4710 alia
706 4662 812 4709 tantum
835 4657 951 4709 absente
973 4655 1044 4707 luce.

225 4747 274 4801 lta
293 4744 323 4798 in
342 4745 430 4798 tertia
459 4745 598 4799 sententia
621 4745 654 4798 fit
683 4744 792 4814 utrique
813 4743 855 4795 vis
876 4748 906 4795 et
926 4742 982 4795 luci
1002 4748 1032 4794 et
1058 4740 1206 4810 pellucido.
1247 4739 1318 4792 Nam
1338 4737 1380 4791 ita
1404 4742 1506 4813 sonant

142 4827 242 4891 rerba,
266 4823 346 4896 quasi
367 4825 418 4879 lux
438 4824 467 4879 in
487 4830 589 4879 natura
609 4825 646 4877 sit
672 4824 759 4894 primo
790 4821 921 4893 pellucidi
947 4837 1050 4874 causa:
1082 4821 1152 4890 quod
1173 4835 1252 4873 secus
1273 4825 1331 4880 est3
1362 4819 1412 4870 lux
1432 4816 1521 4870 enim·

142 4915 190 4961 est-
220 4905 345 4960 eolorum
375 4903 601 4959 illustrandorum
631 4918 734 4959 eausa:
765 4900 932 4972 pellucidum
952 4917 1018 4954 rero
1048 4899 1190 4968 utriusque
1215 4913 1314 4960 causa,
1345 4895 1451 4950 scilicet
1472 4901 1506 4949 ut

144 4987 259 5042 colores
279 4985 319 5040 ab
338 4999 394 5038 uno
407 4983 473 5039 Sole
493 4985 610 5039 absente
631 4983 766 5038 illustrari
787 4987 908 5052 possent.
936 4981 998 5035 Neu
1019 4979 1114 5050 itaque
1134 4980 1185 5034 lux
1203 4984 1248 5031 est
1268 4982 1346 5030 aetus
1366 4974 1505 5047 perspicui

143 5067 196 5122 sed
216 5062 412 5135 “asperius
433 5063 555 5120 culorum
575 5068 712 5135 quatem
732 5062 862 5118 videntur
881 5076 932 5115 seu
951 5059 1072 5121 radiant.
1516 5055 1522 5064 '

252 5173 254 5178 .
1232 5146 1292 5201 ¹⁰*
1353 5169 1356 5175 .
