3692 5842
352 334 374 369 0

263 453 305 521 18
680 464 782 518 therae
800 467 907 534 Keplsel
924 470 1076 539 albmw
1094 482 1197 529 mutuas

267 648 385 714 papyro
409 633 554 700 inclinato
579 648 664 702 esset
679 661 850 723 supremum
874 650 951 711 radii
976 659 1132 729 punctum,
1156 655 1287 720 Bimum
1305 667 1469 738 puuctum,
1495 658 1635 744 Gpunc·

261 728 324 781 tum
339 721 610 801 circumferentiae,
634 730 687 792 ubi
702 733 790 795 Luna
813 736 941 817 denique
960 740 1044 803 exiit.
1078 742 1179 805 Desiit
1192 748 1283 825 paulo
1297 758 1369 827 post
1388 746 1483 831 Ἣ..
1517 750 1633 816 Statim

1193 1480 1220 1515 ῦὸ
1455 1442 1484 1493 Δ

255 1608 351 1669 parvo
376 1592 546 1669 quadrante
571 1592 637 1671 cepi
662 1591 839 1653 distantiam
863 1589 946 1654 Solis
969 1611 989 1653 a
1011 1592 1124 1654 vertice
1140 1588 1271 1667 53050‘,
1296 1616 1334 1658 ex
1357 1615 1415 1677 quo
1439 1597 1629 1684 horologium

254 1687 336 1741 retro
360 1678 557 1743 observatum
580 1680 711 1742 correxi.
743 1681 812 1742 Non
837 1700 902 1743 sum
926 1681 956 1741 in
980 1681 1035 1742 hoc
1059 1682 1163 1745 falsus.
1200 1683 1281 1746 Nam
1305 1704 1343 1746 ex
1357 1688 1470 1749 ceteris
1495 1686 1517 1754 9
1541 1692 1628 1772 primi

255 1764 372 1829 habent
396 1770 580 1849 particulam
595 1770 701 1831 Lunae
717 1769 796 1831 ultra
819 1769 961 1831 circulum
984 1768 1160 1832 verticalem
1184 1780 1374 1851 protensam.
1399 1776 1527 1858 reliquis
1540 1780 1628 1844 Luna

255 1855 355 1917 altero
380 1858 517 1937 margine
542 1857 650 1920 incidit
674 1857 704 1919 in
730 1858 827 1937 ipsum
842 1858 1033 1930 verticalem,
1059 1858 1126 1920 iude
1141 1860 1297 1938 paullatim
1314 1862 1465 1926 diminuta
1479 1867 1627 1932 subteneo

255 1945 467 2021 portiunculae
484 1946 629 2020 Lunaris,
656 1964 732 2025 quae
748 1946 803 2007 sub
819 1945 892 2008 Sole
908 1954 983 2019 erat,
1009 1946 1037 2007 in
1062 1947 1360 2026 puuctumCdesiit.
1393 1953 1505 2035 Itaque
1535 1958 1626 2022 talem

252 2031 376 2094 institui
400 2034 701 2096 demonstrationem.
738 2034 818 2095 Duxi
844 2034 954 2096 lineam
979 2035 1017 2095 ab
1040 2036 1071 2096 A
1096 2035 1123 2096 iu
1143 2035 1179 2095 B.
1212 2036 1290 2099 linio
1314 2058 1352 2099 ex
1377 2037 1402 2102 0
1426 2043 1541 2108 demisi
1556 2067 1624 2128 per·

251 2120 499 2202 pendicularem‚
534 2123 649 2202 hasque
682 2142 749 2184 snm
781 2142 840 2184 una
868 2142 1010 2183 mensura
1034 2122 1194 2184 dimensus.
1241 2126 1311 2188 Jam
1336 2128 1391 2191 liat
1414 2131 1554 2198 schema.
1599 2135 1624 2202 Ε

719 2237 772 2301 lig.
793 2236 818 2287 4.
1305 2243 1358 2309 rig.
1379 2244 1405 2294 5.

247 3309 397 3386 toramen,
424 3314 481 3375 AB
506 3309 679 3393 prolongati
704 3308 781 3371 radii
806 3306 955 3367 diameter
976 3305 1006 3365 in
1031 3313 1115 3367 certa
1137 3325 1278 3370 mensura
1296 3311 1436 3390 cognita,
1461 3317 1619 3395 quaeritur

245 3398 302 3461 BD
327 3402 355 3462 in
382 3402 528 3481 illa-ipsa
551 3420 701 3462 mensura.
750 3394 825 3458 Cum
849 3395 927 3455 enim
961 3394 989 3455 in
1014 3393 1070 3453 tali
1092 3396 1279 3473 projectione
1302 3406 1421 3463 tanturn
1446 3402 1520 3466 illae
1544 3424 1618 3486 pro-

246 3489 408 3569 longentur
433 3490 590 3563 diametri,
624 3506 700 3569 qnae
725 3506 744 3546 a
767 3482 912 3562 superiori
941 3482 980 3542 ad
1005 3482 1173 3543 inferiorem
1200 3494 1319 3563 partem
1344 3489 1511 3566 ducantur,
1547 3494 1618 3557 illae

244 3594 333 3652 vero,
359 3597 436 3659 quae
455 3600 475 3641 a
489 3579 599 3641 dextra
622 3578 661 3639 ad
677 3575 831 3637 sinistram
850 3574 941 3653 plano
960 3571 1135 3649 parallelae,
1160 3583 1304 3636 maneant
1326 3576 1534 3659 incorruptae,
1559 3581 1618 3644 nial

244 3667 323 3746 qnod
343 3686 403 3729 una
418 3668 481 3730 alia
495 3667 640 3729 remotius
656 3663 781 3735 incidit3
805 3661 847 3722 sit
864 3677 936 3721 vero
953 3658 978 3721 C
993 3660 1206 3738 propemodum
1222 3661 1321 3723 infimo
1336 3664 1402 3726 loco
1420 3669 1514 3740 radii,
1539 3672 1617 3733 adeo

242 3762 279 3816 nt
302 3754 383 3816 linea
405 3775 443 3817 ex
469 3755 494 3819 C
519 3751 776 3836 perpendicularis
800 3750 907 3828 exiguo
932 3748 1092 3809 admodum
1117 3748 1319 3813 extendatur:
1350 3752 1419 3815 ideo
1444 3756 1617 3823 dorimini

242 3840 489 3922 investigandam
513 3864 581 3905 esse
605 3843 661 3903 BD
685 3837 963 3919 perpendicularem
987 3835 1072 3897 radio
1095 3836 1168 3912 ΕΑ,
1192 3837 1262 3912 ΕΒ,
1297 3839 1362 3902 sive
1386 3844 1492 3921 potios
1516 3844 1617 3912 inter·

243 3930 352 3992 medio.
400 3929 462 3993 Sed
487 3930 658 3992 differentia
680 3928 792 4006 exigua
814 3934 871 3988 est.
919 3923 996 3986 Cum
1021 3943 1093 4002 ergo
1117 3926 1244 4003 angulus
1269 3928 1357 3990 ΒΗΑ
1380 3932 1422 3993 sit
1445 3951 1617 4015 propemo.

246 4017 315 4079 dnm
339 4027 456 4087 rectus,
481 4028 513 4080 et
536 4018 623 4079 DAB
648 4035 687 4077 ex
710 4014 869 4077 altitudine
893 4012 975 4075 Solis
998 4013 1137 4091 cognitus
1162 4023 1193 4074 et
1215 4013 1303 4076 DBA
1328 4019 1485 4097 residuus,
1521 4024 1618 4089 datur

242 4124 315 4185 ergo
338 4107 396 4168 BD
421 4108 449 4167 in
475 4127 513 4167 ea
536 4125 690 4179 mensura,
724 4104 753 4164 in
787 4121 847 4183 qna
877 4101 971 4163 scitur
993 4099 1062 4160 BA.
1110 4099 1316 4179 ltaqoo‘cum
1350 4114 1442 4170 antea
1466 4129 1508 4173 ex
1531 4111 1562 4176 G
1586 4115 1617 4178 in

243 4196 300 4256 AB
326 4195 461 4256 duxerim
485 4205 601 4257 rectam
624 4203 743 4264 notam,
768 4191 850 4252 illam
874 4189 976 4267 cogito
995 4188 1058 4266 jam
1083 4188 1121 4247 ad
1144 4188 1201 4251 BD
1225 4190 1364 4267 ductam,
1395 4200 1540 4276 quamvis
1567 4204 1617 4267 hie

228 4281 269 4343 -si
292 4282 336 4343 ita
360 4283 533 4356 duceretur,
567 4283 677 4361 exiguo
707 4279 867 4340 admodum
882 4276 1017 4337 'brevior
1040 4285 1131 4337 esset.
1178 4278 1284 4359 ltaque
1307 4287 1464 4362 proportio
1489 4289 1550 4352 DB
1575 4292 1617 4354 acl

240 4367 295 4433 CF
318 4370 441 4449 cognita
465 4380 514 4431 est
537 4370 659 4448 (nas).
694 4371 739 4430 At
762 4367 817 4428 DB
841 4373 891 4426 est
914 4364 1062 4425 diameter
1085 4362 1181 4439 Solis,
1206 4386 1295 4447 quam
1319 4370 1455 4437 delineat
1478 4377 1617 4443 emulsa

239 4459 409 4532 verticalis,
435 4467 468 4520 et
482 4457 507 4521 C
522 4465 663 4536 punctum
680 4452 950 4524 circumferentiae,
976 4451 1025 4512 ubi
1040 4451 1127 4513 Luna
1151 4455 1246 4516 exirit
1268 4458 1399 4535 penitus.
1446 4463 1534 4547 Ergo
1560 4467 1618 4532 cf*

240 4555 289 4609 est
311 4546 394 4607 sinus
419 4566 507 4607 arcus
532 4544 743 4607 declinationis
759 4545 864 4604 Lunae
888 4561 907 4601 a
931 4539 1077 4602 verticali.
1115 4539 1184 4604 Etsi
1207 4562 1280 4605 vero
1304 4550 1424 4627 operari
1449 4571 1490 4616 ex
1510 4574 1615 4637 pune·

240 4635 280 4698 tis
315 4634 380 4713 ipse
413 4644 519 4714 potes,
556 4643 654 4695 tamen
689 4631 837 4693 ascribam
870 4649 968 4690 meum
997 4628 1153 4690 calculum.
1199 4631 1392 4711 Deprehendi
1417 4634 1474 4704 BC
1503 4664 1615 4709 arcum

240 4719 301 4786 23⁰
328 4723 379 4785 17¹
405 4732 437 4783 et
460 4730 664 4784 consonanter
688 4721 718 4781 in
743 4719 908 4779 schematis
932 4716 1080 4795 prioribus
1111 4737 1229 4797 semper
1260 4722 1417 4795 minorem,
1452 4732 1549 4796 etiam
1581 4735 1614 4797 in

240 4811 378 4872 rotundis
402 4810 583 4884 schematis,
619 4810 667 4870 ubi
699 4806 803 4887 papyri
833 4805 990 4883 longitudo
1021 4806 1111 4882 plano
1140 4809 1396 4886 perpendicularis
1424 4820 1615 4888 verticalem

239 4899 493 4975 repraesentavit,
529 4897 647 4976 Collegi
663 4906 763 4957 autern
779 4912 816 4953 ex
840 4892 999 4954 altitudine
1025 4889 1065 4968 Θ
1090 4894 1171 4954 finali
1195 4892 1326 4960 53⁰50¹
1349 4900 1457 4967 horam
1486 4906 1614 4977 123&

240 4986 489 5066 (praesupposita
511 4986 572 5066 poli
597 4984 757 5046 altitudine
781 4978 843 5042 4ῖο
870 4978 935 5054 10’)
960 4999 1049 5064 quam
1073 4980 1163 5054 bene,
1186 4984 1299 5047 neseio.
1344 4988 1455 5076 ltaque
1480 4996 1512 5061 in
1536 5012 1614 5066 ortu
