3692 5842
756 493 838 560 capue
855 495 887 545 V·
910 493 936 545 ²·
1458 497 1522 564 237

163 668 237 732 nihil
262 669 406 732 distincte
430 667 572 732 cernitur.
618 671 664 733 At
686 690 740 751 per
763 692 866 747 omnes
890 672 1077 733 radiatioues
1110 673 1245 751 ejusdem
1268 675 1371 753 puncti
1405 676 1440 748 (a
1463 695 1521 757 quo

162 757 420 839 perpendicularis
443 777 498 838 per
522 766 627 820 centra
660 761 814 823 foraminis
838 769 869 822 et
893 762 1046 822 humorum
1075 762 1141 823 duci
1173 766 1289 841 potest)
1324 764 1468 825 collectas
1491 766 1520 826 in

162 848 261 927 ipsum
286 857 422 910 centrum
447 847 602 909 foraminis
621 850 706 911 nerui
731 852 800 926 (lll,
827 847 879 914 29.
896 850 1008 922 Vitel.)
1033 850 1151 911 omniuo
1176 852 1292 912 directa
1315 861 1347 913 et
1369 852 1522 932 explicata

146 956 214 998 seu
240 936 388 999 distincta
410 937 444 998 fit
466 936 554 998 risio.

250 1026 311 1087 Est
333 1025 435 1105 itaque
458 1026 575 1087 retinas
600 1026 683 1087 color
706 1046 800 1106 neque
826 1027 1003 1087 tenebrosus
1027 1046 1080 1088 sen
1105 1026 1198 1105 niger,
1224 1045 1260 1086 ue
1285 1029 1401 1088 colores
1423 1025 1521 1093 'rerum

161 1115 305 1194 tingeret,
330 1133 425 1194 neque
448 1115 538 1192 plane
562 1114 803 1182 candidissimus,
828 1134 865 1176 ne
889 1115 1060 1176 claritatem
1085 1116 1204 1176 nimiam
1228 1115 1324 1177 vitreo
1340 1117 1520 1193 infunderet,

161 1211 264 1277 etue,
291 1222 367 1283 qnae
390 1221 481 1282 snper
504 1205 581 1264 huiic
605 1204 676 1265 alba
691 1214 722 1265 et
746 1204 845 1265 lueida
868 1212 1143 1283 repraesentantur,
1168 1204 1367 1266 immoderata
1390 1225 1519 1285 propor-

161 1293 243 1354 tione
267 1292 427 1353 obfuerent
449 1291 601 1354 tinetiora.
650 1293 728 1353 Vide
752 1293 844 1353 corel.
870 1294 908 1353 ad
934 1290 985 1354 30.
1012 1303 1043 1353 et
1066 1291 1117 1355 31.
1143 1312 1229 1371 prop.
1256 1291 1331 1371 Cap.
1356 1296 1381 1354 Ι.
1409 1296 1521 1374 Figura

163 1381 279 1443 retinae
316 1380 386 1460 plus
419 1388 468 1442 est
500 1400 588 1460 quam
618 1381 888 1460 hemisphaerium,
918 1382 1045 1460 primum
1074 1383 1143 1461 quia
1176 1383 1427 1461 hemisphaerium
1450 1403 1519 1445 esse

159 1471 295 1550 oportuit
325 1470 364 1530 ad
398 1471 655 1548 proportionatam
686 1472 774 1532 rebus
805 1471 954 1551 picturam
983 1470 1200 1548 recipiendam,
1233 1480 1267 1531 nt
1290 1472 1354 1549 jam
1386 1472 1517 1533 dictum:

160 1560 294 1639 reliquus
318 1576 389 1619 vero
414 1559 521 1620 limbus
540 1579 634 1638 usqne
658 1560 696 1620 ad
712 1559 831 1620 eiliares
849 1579 1010 1638 processus
1035 1568 1082 1620 est
1098 1560 1301 1631 continuatus,
1325 1568 1359 1621 ut
1386 1561 1519 1624 infarctu

159 1648 249 1709 vitrei
283 1647 365 1726 globi
398 1648 577 1709 retineretur
604 1648 703 1709 retina
731 1649 876 1722 distenta,
909 1650 987 1710 eollo
1012 1649 1077 1727 jam
1107 1649 1281 1727 angustiore
1314 1650 1396 1710 facto
1428 1669 1516 1730 quam

159 1746 276 1798 uentre.
325 1736 471 1815 Nuspiam
504 1756 610 1815 nempe
644 1738 762 1815 alligari
790 1738 889 1817 potuit
921 1738 959 1798 ob
993 1738 1223 1798 teneritudinem
1251 1745 1283 1798 et
1315 1738 1517 1801 subtilitatem

158 1826 285 1907 spiritus
309 1824 432 1886 visorii:
457 1826 503 1886 cui
528 1825 620 1886 etiam
644 1826 743 1887 canali
767 1846 841 1905 opns
865 1827 921 1887 fuit
945 1826 974 1886 in
999 1845 1090 1887 nervo
1114 1835 1221 1887 contra
1243 1826 1421 1907 reliquorum
1446 1847 1517 1889 ner·

160 1934 265 1977 eornm
289 1924 438 1985 naturam,
463 1934 499 1974 ne
524 1915 725 1975 substantiam
749 1916 868 1994 quidem
892 1915 974 1976 nervi
999 1914 1170 1978 sustinenti.
1217 1915 1297 1976 Nam
1321 1916 1346 1976 si
1367 1918 1517 1995 non-plue

160 2002 380 2082 hemisphaerio
406 2012 586 2082 occupasset
608 2004 716 2076 retina,
741 2004 893 2083 corrugari
918 2012 950 2064 et
973 2004 1010 2064 ad
1025 2004 1110 2065 nervi
1133 2022 1242 2065 nexum
1262 2004 1350 2065 facile
1364 2006 1516 2082 potuisset

158 2111 322 2156 recurrere.
369 2095 417 2153 Ac
442 2094 533 2153 etiam
557 2092 671 2154 hiatum
695 2113 819 2153 neeesse
851 2093 906 2153 fuit
934 2093 1076 2170 compleri
1105 2092 1143 2152 ab
1171 2092 1390 2171 hemisphaerio
1421 2113 1516 2173 usqne

159 2183 200 2243 ad
223 2181 345 2243 ciliares
368 2199 546 2261 processus:
572 2181 679 2242 fuisset
702 2183 794 2261 igitur
817 2182 872 2241 hoc
896 2191 949 2241 aut
973 2202 991 2241 a
1014 2181 1154 2242 choroide
1169 2182 1393 2259 praestandum,
1420 2193 1474 2243 aut
1498 2204 1517 2244 a

157 2271 266 2333 vitreo.
314 2270 471 2330 Pulchrios
503 2289 574 2330 vero
598 2270 628 2330 id
652 2272 713 2331 fieri
742 2270 891 2331 aretina.
940 2269 1001 2331 Sed
1034 2289 1129 2349 neque
1159 2289 1280 2331 cessare
1308 2271 1428 2331 videtur
1457 2271 1517 2332 iste

158 2360 269 2423 limbus
295 2380 313 2419 a
335 2358 457 2419 videndi
481 2359 640 2420 functione.
688 2357 834 2429 Quamvis
857 2379 887 2420 n.
912 2377 1052 2419 cenorum
1080 2376 1135 2436 per
1162 2359 1369 2439 crystallinum
1401 2360 1514 2421 f'orma-

158 2460 257 2511 torum
282 2448 381 2508 nullus
405 2448 501 2526 ipsum
525 2449 696 2527 contingat:
721 2449 860 2510 videntur
883 2456 984 2509 tamen
1009 2448 1038 2508 in
1062 2448 1118 2508 hoc
1142 2448 1240 2526 ipsum
1261 2449 1407 2509 formatae
1421 2449 1515 2510 rimae

158 2538 306 2599 ciliarium
321 2555 522 2615 processuum,
549 2548 582 2597 ut
606 2539 656 2599 lux
679 2558 697 2597 a
720 2537 865 2599 lateribus
890 2537 1109 2616 quadamtenus
1134 2537 1338 2616 ingrederetur
1361 2556 1414 2615 per
1428 2537 1541 2599 cilia-¹

158 2647 207 2689 res
230 2645 392 2706 processus
416 2636 447 2686 et
471 2627 628 2687 aretinae
652 2626 711 2687 isto
736 2627 825 2687 limbo
850 2626 1022 2687 abundante
1046 2626 1243 2704 exciperetur.
1286 2626 1406 2687 Etenim
1431 2636 1516 2688 recta

157 2718 197 2778 ab
220 2715 415 2777 extremitate
440 2734 566 2775 corneae
589 2733 644 2793 per
667 2716 834 2795 propiorem
865 2715 987 2776 limbum
1018 2714 1172 2775 foraminis
1201 2733 1294 2775 nveae
1328 2716 1419 2776 ducta
1453 2717 1514 2777 fere

156 2806 262 2868 incidit
286 2805 316 2865 iu
341 2803 566 2865 commissuram
592 2804 758 2884 crystallini
781 2823 847 2864 cum
872 2804 1025 2864 eiliaribus
1048 2804 1239 2881 processibus
1267 2822 1321 2883 per
1344 2806 1515 2882 oppositum
1572 2856 1580 2864 .

157 2893 315 2957 foraminis
340 2893 460 2953 limbum
484 2894 593 2964 ducta,
623 2892 723 2970 tangit
753 2893 813 2953 fere
845 2901 941 2953 ortum
966 2892 1111 2953 ciliarium
1145 2911 1338 2971 processuum
1363 2912 1398 2953 ex
1428 2912 1513 2954 uvea.

155 2987 259 3065 Atque
286 2982 341 3042 hoc
356 2981 596 3043 machinamento
615 2982 734 3042 videtur
747 2990 856 3042 natura
874 2981 1050 3055 obtinuisse,
1074 2990 1109 3042 nt
1130 2984 1197 3060 plus
1217 3001 1305 3062 qnam
1321 2982 1514 3061 hemisphae-

156 3074 233 3135 rium
265 3090 455 3133 cerneremus
489 3071 620 3131 immotis
651 3070 761 3131 oculis:
795 3070 912 3130 omniuo
942 3078 1085 3149 quantum
1118 3090 1172 3149 per
1200 3071 1312 3132 hircum
1344 3072 1516 3134 admittitur

156 3163 243 3225 oculo
269 3160 389 3222 minime
414 3161 537 3220 reflexo.
584 3159 693 3220 Parum
723 3159 860 3239 equidem
894 3159 982 3220 abest
1010 3159 1079 3239 quin
1112 3160 1262 3221 auriculas
1291 3161 1388 3239 ipsas,
1422 3179 1513 3240 prae-

156 3252 263 3314 sertim
292 3249 319 3310 si
351 3249 500 3327 longiores
530 3248 655 3323 fuerint,
685 3248 793 3308 intueri
830 3248 930 3326 possis
966 3250 1052 3308 oculo
1089 3248 1196 3309 vicino.
1244 3249 1315 3309 Vidi
1354 3269 1445 3329 saepo
1483 3257 1516 3311 et

157 3342 284 3402 miratus
310 3356 375 3399 sum
400 3347 432 3399 et
455 3336 556 3399 Solem
581 3345 613 3398 et
636 3337 771 3398 umbram
795 3356 904 3412 meam,
933 3337 1018 3417 qnasi
1051 3345 1174 3416 uterque
1207 3338 1237 3397 in
1261 3338 1414 3399 anteriora
1444 3357 1515 3400 ver-

155 3438 264 3510 gerent
289 3446 345 3489 nec
369 3434 599 3507 opponerentur.
645 3427 731 3487 llanc
755 3427 923 3487 cautionem
952 3434 1062 3486 natura
1084 3426 1202 3487 ridetur
1226 3428 1339 3487 tutelae
1362 3428 1515 3488 oculorum

156 3518 348 3590 adhibuisse,
374 3525 506 3595 atquae
532 3536 550 3576 a
574 3535 695 3576 camera
718 3535 775 3576 non
801 3523 1020 3587 averterentur,
1047 3533 1106 3592 qna
1128 3524 1232 3595 patere
1256 3516 1339 3575 illam
1373 3515 1513 3593 oportuit,

154 3610 209 3670 illa
240 3607 475 3687 propinquantia
506 3605 611 3666 statim
642 3605 672 3665 iu
703 3614 895 3683 conspectum
932 3603 1070 3663 venirent
1107 3622 1362 3684 quorsumcunque
1399 3604 1514 3665 intento

154 3697 251 3759 oculo.
299 3696 379 3757 Nam
403 3694 452 3774 qui
477 3703 573 3755 totum
598 3693 708 3754 animal
732 3694 878 3755 custodit:
904 3693 973 3773 quin
997 3711 1056 3753 non
1079 3702 1112 3752 et
1135 3711 1202 3753 sese
1226 3692 1386 3772 diligenter
1409 3702 1514 3753 custo-

155 3787 222 3848 diat
245 3792 278 3846 et
300 3784 357 3845 hoc
382 3803 487 3844 munus
512 3783 557 3843 sui
581 3783 715 3859 eorporis
740 3801 828 3843 curae
852 3781 985 3843 tribuat?

247 3873 373 3935 Vitreus
396 3890 484 3951 porro
509 3872 680 3950 pelliculam
704 3871 841 3943 obtinuit,
868 3891 904 3932 ne
928 3870 1149 3931 humectatione
1174 3887 1296 3931 nervum
1320 3888 1373 3932 seu
1387 3869 1515 3932 retinam

155 3970 318 4025 enervaret
341 3969 373 4022 et
396 3963 574 4022 flaccescere
599 3961 734 4032 faceret;
768 3979 841 4019 nere
871 3960 1015 4020 anteriori
1044 3966 1131 4038 parte
1159 3977 1213 4038 per
1245 3958 1336 4020 rimas
1370 3960 1516 4021 ciliarium

154 4069 348 4133 processuum
374 4068 440 4111 cum
470 4068 565 4130 aqueo
594 4048 836 4109 confunderetur.
884 4049 1013 4109 Differre
1042 4049 1125 4108 illnm
1154 4048 1287 4126 oportuit
1316 4048 1468 4110 densitate
1498 4071 1516 4111 a

155 4140 335 4225 crystallino
360 4140 493 4217 adeoque
518 4148 548 4199 et
573 4138 609 4197 ab
636 4157 729 4217 aqueo
754 4157 847 4198 causa
871 4136 1069 4198 retractionis.
1116 4136 1183 4199 Nisi
1209 4137 1287 4197 enim
1310 4138 1405 4198 rarior
1433 4146 1517 4199 esset

154 4229 346 4313 crystallino,
371 4246 431 4288 uon
446 4227 660 4305 colligerentur
681 4226 759 4288 radii
783 4247 801 4286 a
824 4225 1119 4306 perpendicularibus
1143 4226 1206 4286 snis
1222 4227 1260 4286 ad
1275 4226 1340 4286 coni
1356 4226 1517 4304 cujuslibet

154 4321 253 4382 axem.
302 4316 419 4387 Quodsi
450 4325 482 4377 et
515 4315 634 4377 densior
672 4317 786 4377 vitreus
828 4335 938 4395 aqneo,
976 4333 1032 4393 quo
1071 4314 1203 4388 densior,
1246 4315 1301 4374 hoc
1338 4315 1515 4392 profundius

153 4407 339 4471 descendere
363 4413 514 4486 poterunt,
539 4405 587 4484 qni
619 4424 673 4483 per
696 4405 816 4465 ciliare's
840 4405 932 4465 rimas
957 4402 1164 4481 ingrediuntur
1194 4411 1225 4463 et
1253 4404 1397 4464 extremis
1430 4403 1514 4465 conis

154 4518 209 4579 per
232 4495 443 4578 crystallinum
468 4494 663 4556 conformatis
688 4493 977 4572 appropinquabunt.
1536 4489 1542 4498 '

244 4584 450 4669 Crystallinns
471 4584 537 4663 jam
561 4583 723 4644 tuniculam
748 4591 796 4641 est
818 4589 941 4654 nactus,
967 4601 1013 4653 ne,
1039 4579 1136 4640 mollis
1162 4599 1228 4640 cum
1253 4580 1303 4654 sit,
1329 4598 1396 4640 cnm
1419 4598 1515 4659 aqneo

154 4677 398 4739 confunderetur.
444 4674 544 4733 Minor
567 4680 667 4732 autem
692 4680 757 4743 est,
782 4690 870 4750 quam
895 4678 929 4730 ut
953 4671 1050 4730 latera
1073 4668 1188 4729 retiuae
1213 4675 1371 4747 tangeret,
1401 4677 1435 4730 nt
1458 4669 1513 4729 hoc

154 4767 339 4829 diastemate
368 4762 445 4824 radii
476 4780 615 4822 conorum
646 4760 859 4838 colligerentur
888 4758 927 4818 ad
951 4766 1101 4837 punctum.
1150 4754 1252 4825 Quare
1276 4765 1308 4818 et
1330 4756 1458 4818 stabiliri
1482 4764 1514 4818 et

154 4854 294 4917 connecti
319 4851 493 4913 nutrimenti
526 4869 619 4911 causa
652 4848 763 4921 debuit,
794 4866 848 4926 per
880 4846 998 4908 ciliares
1022 4863 1182 4926 processus
1206 4846 1338 4909 choroidi
1367 4864 1511 4908 annexus.

155 4941 216 5015 Qui
230 4944 309 5024 nigri
329 4949 401 5003 suut
423 4939 562 5020 undique,
587 4956 623 4998 ne
648 4937 791 4998 illustrati
815 4935 985 4997 claritatem
1010 4938 1163 4997 facerent:
1188 4935 1325 5010 conferti,
1340 4943 1374 4996 nt
1392 4935 1514 4997 inferior

154 5033 244 5097 vitrei
267 5048 402 5104 camera,
426 5029 504 5111 qnod
526 5045 583 5110 par
606 5028 671 5102 fuit,
696 5026 822 5088 obscura
846 5033 929 5086 esset
951 5044 1046 5108 neque
1069 5024 1183 5087 vitreus
1207 5025 1376 5088 illustratus
1395 5024 1512 5107 species
