3692 5842
324 481 387 551 1'40
798 484 989 552 Paralipomena
1007 487 1033 538 in
1054 486 1219 540 Vitellionem.

321 662 502 726 mechanicis
526 672 574 726 est
604 664 852 726 demonstratum.
901 666 994 728 Patet
1017 685 1088 746 ergo
1114 664 1310 745 propositum.
1358 665 1440 745 Ergo
1464 683 1518 744 per
1541 662 1683 724 subsum-

320 752 431 815 tionem
455 760 556 832 patet,
590 773 642 814 cur
667 754 761 815 librae
793 752 919 814 brachia
952 756 1145 818 revolvantur
1169 755 1207 815 ad
1237 754 1454 833 aequilibrium.
1502 751 1579 815 Onm
1604 751 1683 815 euim

321 860 414 922 aeque
437 844 616 921 ponderent,
651 843 792 922 aequales
826 842 917 903 etiam
943 845 970 906 iu
995 845 1105 906 circulo
1129 845 1191 905 fieri
1227 843 1389 904 descensus
1413 862 1468 924 par
1493 852 1551 904 est.
1599 843 1685 905 Haec

321 930 419 992 obiter
442 939 474 990 et
502 932 587 1011 quasi
617 930 645 992 in
679 933 931 1012 protheorematis
966 937 1041 995 loco.
1089 934 1175 995 Nunc
1206 934 1244 993 ad
1276 941 1388 994 motum
1422 932 1602 1013 physicum,
1633 930 1684 1011 qui

320 1019 487 1082 corrmunis
512 1029 560 1083 est
584 1019 654 1083 luci.

538 1127 590 1192 rig.
613 1122 656 1175 ⁴³.
970 1109 1020 1172 Sit
1044 1110 1149 1172 tabula
1172 1111 1239 1185 AB,
1264 1120 1399 1173 centrum
1420 1107 1454 1182 C,
1480 1109 1683 1191 perpendicn-

884 1201 955 1262 laris
980 1218 1033 1279 per
1056 1200 1128 1261 illud
1143 1198 1217 1273 ED;
1243 1199 1366 1279 quodsi
1390 1200 1498 1279 globus
1513 1208 1567 1261 aut
1590 1200 1684 1261 mlum

517 1302 536 1347 n
686 1332 709 1377 K
824 1318 838 1363 1
882 1289 969 1350 exE
1001 1289 1129 1350 ferretur
1161 1288 1188 1348 in
1222 1289 1355 1349 tabulam
1386 1289 1459 1360 AB,
1490 1288 1685 1369 protruderet

518 1362 813 1638 ,ff
882 1380 963 1440 illam
997 1397 1100 1439 versus
1125 1377 1171 1451 D;
1206 1386 1259 1438 ant
1287 1378 1311 1438 si
1337 1379 1380 1445 Α,
1414 1378 1439 1439 Β
1470 1388 1575 1440 essent
1607 1376 1684 1440 remi

882 1468 1019 1545 utrinque
1054 1485 1147 1545 aeque
1182 1466 1261 1541 longi
1293 1476 1324 1527 et
1348 1466 1403 1527 ΕΙ)
1437 1469 1554 1529 llumen.
1602 1465 1685 1537 Quia

407 1632 413 1637 Π
527 1644 541 1691 c
672 1667 714 1720 B.
882 1555 959 1617 enim
983 1554 1085 1629 ECA,
1110 1553 1190 1615 ECB
1215 1555 1299 1626 recti,
1324 1555 1447 1616 brachia
1469 1555 1542 1629 Ac,
1573 1555 1629 1618 CB
1652 1556 1683 1616 in

879 1645 1078 1727 aequipondio
1118 1652 1189 1704 sunt
1228 1643 1307 1712 sita,
1348 1653 1381 1705 et
1413 1646 1531 1725 aequali
1569 1646 1683 1707 virtute

879 1740 1039 1796 occurrunt
1062 1732 1194 1812 impacto
1219 1732 1330 1795 mobili.
1378 1734 1498 1796 incidat
1517 1735 1584 1813 jam
1610 1732 1682 1796 ioC

878 1823 1000 1902 obliqua
1021 1820 1073 1884 FC
1103 1832 1135 1882 et
1167 1821 1357 1883 continuetur
1384 1823 1466 1884 init
1499 1824 1682 1903 advoletque

879 1912 965 1973 exF
998 1910 1089 1972 telum
1122 1919 1175 1972 out
1207 1910 1314 1972 fluvius
1340 1912 1367 1972 in
1392 1913 1459 1975 AB.
1507 1911 1585 1975 Cum
1610 1931 1682 1992 ergo

317 1997 402 2062 ACF
424 2004 551 2083 angulus
576 2002 671 2064 minor
690 2001 731 2064 sit
749 2001 828 2064 rcss
854 2002 973 2080 angulo,
998 2019 1055 2061 non
1076 2000 1193 2079 aequali
1218 1999 1245 2060 vi
1267 2001 1464 2078 pulsabuntur
1482 2010 1589 2080 partes
1605 1999 1675 2072 AO,

317 2087 390 2164 css;
415 2091 467 2152 sed
492 2092 558 2171 plus
583 2092 696 2153 sentiet
720 2092 819 2165 ictum,
846 2110 920 2171 quae
944 2091 1012 2170 plus
1037 2089 1160 2151 resistit.
1209 2088 1281 2149 Plus
1311 2097 1411 2151 autem
1439 2091 1571 2164 resistit,
1598 2109 1678 2171 qnae

317 2180 428 2258 angulo
452 2181 570 2255 obtuso,
596 2200 685 2261 quam
709 2200 786 2261 qnae
810 2189 898 2241 acuto
923 2180 1036 2240 obstat.
1085 2175 1186 2248 Quare
1210 2179 1342 2239 exterior
1366 2178 1429 2241 CB.
1476 2181 1557 2242 Nam
1582 2180 1678 2240 etiam

316 2267 342 2328 si
366 2267 422 2330 ΚΟ
446 2270 560 2331 trutina
584 2271 646 2344 fiat,
672 2268 724 2332 CB
750 2271 903 2331 fortiorem
929 2268 1020 2329 babet
1044 2262 1135 2344 donne
1158 2285 1263 2327 versus
1287 2270 1312 2329 F
1338 2287 1425 2348 quam
1450 2267 1517 2331 Ac.
1557 2269 1677 2347 Estque

316 2356 365 2417 hic
389 2358 494 2419 eadem
517 2360 671 2439 proportio
705 2359 898 2421 resistentiae
932 2357 1100 2436 aequalium
1133 2356 1335 2435 potentiarum
1360 2357 1389 2418 in
1418 2367 1499 2419 motu
1530 2358 1677 2426 violento,

317 2463 393 2525 qnae
417 2466 510 2528 sopra
534 2448 591 2510 luit
613 2450 777 2528 pondemm
802 2447 1000 2527 inaequalium
1026 2445 1053 2506 in
1079 2454 1159 2505 motu
1190 2446 1352 2507 secundum
1377 2456 1530 2520 naturam,
1558 2447 1680 2509 scilicet

316 2552 373 2595 nou
399 2536 499 2613 anguli
529 2537 583 2597 sed
613 2537 709 2598 lineae
739 2538 903 2599 metiuntur
927 2554 1002 2596 eam.
1050 2532 1151 2604 Quare
1177 2534 1203 2594 in
1231 2532 1283 2595 CB
1316 2535 1411 2613 rnajor
1440 2546 1488 2598 est
1518 2536 1679 2616 impressio

316 2631 415 2686 motus
447 2625 580 2687 violenti.
629 2624 703 2688 Cum
738 2645 809 2706 ergo
838 2625 894 2687 AB
929 2625 993 2686 loco
1027 2632 1181 2695 movetur,
1215 2624 1282 2701 plns
1315 2624 1434 2703 prolicit
1462 2626 1488 2686 ll
1522 2644 1613 2705 quam
1638 2624 1677 2686 A.

314 2711 392 2775 Dico
416 2714 545 2776 futurum
570 2715 626 2776 hoc
641 2725 741 2795 pacto,
767 2724 800 2778 ut
815 2713 840 2776 C
856 2723 990 2775 centrum
1012 2733 1068 2775 non
1096 2713 1209 2773 feratur
1224 2712 1252 2772 in
1274 2712 1353 2774 linea
1368 2712 1432 2781 FK‚
1457 2713 1510 2774 sed
1532 2713 1681 2775 deflectat

315 2801 354 2863 ad
384 2803 661 2883 perpendicularem
694 2804 768 2878 CD,
803 2814 835 2866 et
865 2805 908 2877 A,
935 2804 960 2863 Β
989 2821 1102 2865 remum
1132 2802 1250 2862 tandem
1280 2803 1318 2862 ad
1348 2800 1419 2863 litus
1448 2813 1603 2864 extrusum
1634 2801 1679 2875 iri,

314 2891 341 2954 si
378 2900 444 2955 arte
482 2893 512 2955 in
546 2894 600 2954 lroc
639 2894 694 2955 AB
728 2893 787 2955 situ
829 2893 1015 2955 retineatur:
1051 2900 1082 2951 et
1121 2890 1266 2968 sagittam
1297 2890 1355 2952 CK
1393 2891 1592 2954 transversarii
1624 2890 1680 2953 AB

315 2979 445 3060 obliquo,
471 3002 489 3042 a
513 2999 604 3059 scopo
629 2984 667 3043 ad
691 2983 846 3044 sinistram
871 2981 1090 3042 aberraturarn.
1137 2979 1338 3041 Describatur
1362 2981 1438 3041 enim
1463 3001 1500 3041 ex
1527 2980 1551 3041 ‚t
1578 2980 1678 3059 parti-

315 3069 384 3130 cula
416 3069 530 3130 itineris
556 3073 584 3133 Α
616 3071 727 3151 fiatque
760 3071 924 3151 parallelos
958 3070 997 3129 ad
1021 3067 1094 3139 CK,
1130 3086 1224 3146 nequo
1257 3069 1335 3129 enim
1369 3070 1436 3148 plus
1467 3070 1503 3129 ad
1538 3070 1678 3130 dextram

316 3157 468 3231 deflectet,
494 3178 560 3220 cunr
585 3169 683 3220 motus
708 3160 772 3239 ipse
796 3161 947 3220 violentus
972 3177 1028 3218 nou
1054 3157 1096 3218 sit
1118 3157 1266 3237 obliquior
1290 3178 1379 3238 quam
1399 3159 1462 3231 FK,
1489 3160 1587 3237 sitque
1607 3158 1676 3219 llll.

313 3245 356 3307 Et
379 3265 468 3325 super
491 3267 626 3309 connexa
651 3249 705 3309 llll
731 3257 866 3310 struatur
890 3247 1083 3325 triangulum,
1112 3248 1206 3307 latere
1231 3265 1288 3307 uno
1313 3246 1357 3307 lll
1382 3247 1499 3327 aequali
1526 3247 1583 3325 ipsi
1611 3247 1676 3316 AB,

314 3334 411 3397 altero
435 3335 476 3398 Bl
500 3338 614 3415 majore
638 3358 725 3418 quarn
750 3339 817 3399 All.
863 3338 905 3398 Et
931 3338 973 3397 lli
998 3344 1080 3395 secet
1104 3333 1155 3395 FC
1180 3336 1208 3395 in
1234 3336 1272 3395 K.
1313 3336 1449 3415 Denique
1474 3337 1604 3397 ducatur
1620 3335 1676 3396 itt,

313 3424 521 3505 aequidistans
547 3428 605 3506 ipsi
630 3428 695 3498 AB,
723 3447 830 3488 secans
855 3424 906 3488 l'C
931 3427 959 3486 in
984 3425 1026 3485 Μ.
1066 3423 1142 3485 Cum
1166 3443 1237 3503 ergo
1262 3426 1330 3495 All,
1357 3426 1409 3484 ΓΚ
1435 3425 1678 3504 aequidistantes

314 3513 353 3575 ab
376 3514 648 3594 aequidistantibus
673 3516 745 3588 AB,
772 3517 827 3576 llL
852 3521 990 3575 resecent
1012 3523 1115 3591 partes
1145 3514 1285 3593 aequales
1310 3511 1381 3585 Ac,
1408 3514 1471 3574 ΗΜ
1495 3525 1526 3575 et
1551 3511 1608 3575 Ac
1634 3513 1676 3573 sit

313 3602 437 3664 dimidia
461 3605 534 3677 AB,
570 3624 642 3684 ergo
671 3614 703 3666 et
727 3605 789 3665 ΗΜ
820 3613 867 3664 est
900 3602 1024 3663 dimidia
1051 3604 1120 3664 AB.
1169 3603 1268 3681 lllajor
1298 3621 1369 3662 vero
1395 3603 1451 3662 HK
1486 3622 1576 3683 qnam
1604 3601 1676 3668 titt.

313 3691 409 3770 major
432 3711 503 3767 crgo
528 3695 584 3754 llK
611 3713 699 3774 quam
732 3692 855 3754 dimidia
881 3693 956 3761 AB,
989 3692 1044 3751 lroc
1074 3700 1121 3751 est
1154 3711 1242 3771 quam
1276 3691 1400 3752 dimidia
1424 3692 1478 3752 lll.
1528 3689 1675 3752 Centrum

313 3797 385 3859 ergo
410 3789 458 3840 est
485 3782 629 3856 interii,
655 3784 682 3842 Κ
707 3792 738 3843 ct
762 3800 818 3842 non
844 3782 871 3841 in
897 3782 935 3853 K,
961 3781 1123 3842 declinavit
1147 3800 1218 3858 ergo
1243 3781 1408 3857 adportes
1433 3781 1475 3854 D,
1506 3780 1585 3860 quod
1611 3787 1677 3839 erat

314 3868 591 3932 demonstrandum.
634 3870 722 3942 Quod
747 3871 772 3933 si
797 3871 855 3931 All
881 3869 924 3930 sic
949 3870 1084 3942 ducatur,
1110 3877 1141 3930 ut
1164 3888 1268 3930 versus
1293 3870 1317 3930 li
1337 3878 1496 3930 concurrat
1519 3888 1587 3930 curn
1613 3867 1675 3938 CF,

313 3964 347 4018 ut
370 3956 413 4017 sic
438 3957 529 4019 etiam
553 3960 583 4021 A
608 3980 624 4020 e
648 3960 697 4020 via
726 3959 923 4021 declinaverit
956 3978 1060 4019 versus
1092 3959 1264 4030 sinistram,
1298 3958 1350 4018 liet
1374 3958 1436 4017 ΗΜ
1467 3957 1563 4037 major
1586 3975 1676 4037 quam

312 4043 380 4120 ΑΟ,
405 4064 496 4125 quare
521 4047 579 4108 llK
615 4049 708 4109 multo
742 4050 839 4127 major
863 4068 950 4128 quam
976 4047 1099 4108 dimidia
1122 4048 1178 4108 AB
1204 4047 1251 4107 vel
1276 4047 1330 4107 lll.
1379 4047 1443 4106 lloc
1467 4048 1495 4107 in
1520 4046 1601 4106 omni
1627 4046 1675 4107 in·

314 4133 476 4196 clinatione
501 4138 649 4208 usuvenit,
676 4138 751 4197 aden
766 4146 799 4198 ut
814 4137 945 4209 tandem,
971 4138 994 4195 si
1017 4137 1124 4197 mobile
1144 4136 1277 4214 proxime
1293 4135 1546 4214 aequidistantem
1563 4135 1673 4195 lineam

313 4222 370 4303 ipsi
395 4225 560 4302 superficiei
586 4235 750 4293 moveatur,
776 4224 843 4304 ipsa
866 4225 1037 4302 superficies
1063 4225 1169 4303 leviter
1193 4224 1254 4284 icta
1276 4243 1352 4302 pene
1377 4224 1406 4284 in
1431 4245 1518 4285 stram
1542 4243 1675 4303 perpen-

312 4312 475 4374 dicularem
499 4314 641 4386 resultet,
667 4314 724 4374 nisi
750 4313 887 4374 immanis
910 4314 956 4373 vis
987 4322 1083 4373 motus
1107 4313 1189 4373 illam
1219 4313 1352 4373 nonnihil
1382 4314 1541 4392 provehat.
1592 4314 1674 4373 llaec

313 4400 413 4481 itaque
447 4402 564 4483 physici
598 4403 721 4463 violenti
755 4412 853 4463 motus
886 4402 1005 4462 allectio
1039 4422 1105 4462 cum
1139 4421 1192 4462 suo
1226 4421 1335 4479 genere
1366 4402 1393 4461 in
1430 4404 1523 4463 lucem
1559 4420 1676 4483 qnoque

312 4490 470 4552 redundat.

402 4580 490 4659 Prop.
515 4577 602 4640 xxi.
651 4577 698 4639 Et
721 4578 940 4657 repercussi
966 4587 1001 4636 et
1026 4577 1185 4640 refracti
1210 4580 1304 4640 radii
1330 4591 1419 4658 post
1445 4580 1564 4641 locum
1590 4599 1674 4660 pas·

312 4667 436 4728 sionis
461 4667 557 4729 recti
583 4676 680 4729 suut.
729 4668 806 4728 Nam
832 4666 907 4726 lucis
932 4678 1039 4726 natura
1063 4678 1111 4726 est
1134 4668 1271 4745 trajicere
1298 4669 1398 4741 rectis,
1426 4678 1575 4747 quatenus
1601 4666 1672 4728 nibil

313 4755 431 4832 nlvjectu
456 4754 678 4836 superficierum
702 4754 817 4833 patitur
840 4774 894 4833 per
913 4749 945 4814 l.
973 4774 1026 4814 ucc
1050 4757 1207 4834 quicquain
1227 4777 1246 4816 a
1261 4758 1349 4818 medii
1375 4756 1532 4817 scrlirlitate
1557 4758 1674 4835 patitur

313 4842 440 4920 muplius
464 4852 535 4922 post
558 4843 724 4922 superficiei
750 4844 909 4920 trajectum
935 4861 987 4919 per
1015 4842 1062 4903 10.
1112 4845 1156 4905 At
1182 4853 1280 4905 motus
1308 4847 1423 4927 physici
1454 4856 1619 4907 curvantur
1643 4845 1671 4904 in

312 4949 419 5002 arcus;
451 4949 665 5011 repercussus,
694 4932 763 5011 quia
786 4933 872 4993 linita
894 4931 958 5008 ejus
983 4934 1097 5004 virtus,
1131 4933 1295 5006 infractus,
1326 4935 1396 5015 quia
1425 4936 1553 4996 medium
1579 4935 1672 4995 etiam

313 5016 468 5080 soliditate
491 5029 691 5098 cooperatur:
716 5038 792 5101 quae
817 5019 846 5081 iu
872 5020 967 5081 lucem
991 5040 1049 5082 uon
1073 5031 1255 5100 competunt
