3692 5842
371 462 436 531 466
794 462 896 516 maras
913 462 1016 530 Koplart
1035 464 1186 531 atiormnqua
1201 470 1305 517 nomae

401 646 404 654 '
461 644 523 707 Sed
548 644 624 705 satis
647 642 909 706 ratiocinationum
935 662 1078 707 meamm.
1116 643 1285 707 Audiamus
1308 641 1524 725 uuucEpilogi
1544 640 1615 703 loco
1636 641 1721 702 etiam

373 726 506 797 Galilaei
537 733 799 795 ratiocinationem
832 754 869 795 ex
898 733 1034 795 omnibus
1065 754 1142 815 quae
1180 734 1286 796 attulit
1315 733 1481 815 perspicilli
1513 729 1721 812 experimentis

373 831 568 886 exstructam.
617 822 668 884 Sic
692 823 742 883 ille
765 823 881 884 denuo:

463 912 610 986 „Mirifice
639 930 686 972 me
716 912 905 972 delectarunt
927 910 1051 972 ultimae
1075 919 1145 973 tuae
1177 912 1302 986 literae,
1336 908 1499 989 praecipue
1522 908 1574 971 ubi
1598 907 1637 969 de
1658 908 1721 969 illu-

372 1002 448 1063 stria
471 1001 510 1062 D.
527 999 699 1062 consiliarii
720 999 863 1063 Caesarei
887 1000 926 1062 D.
941 999 1115 1061 Wackherii
1139 1001 1283 1062 benevolo
1307 999 1337 1060 iu
1361 1019 1410 1060 me
1433 999 1535 1060 animo
1558 1006 1721 1059 testantur:

372 1110 459 1171 quem
478 1108 534 1169 ego
554 1090 671 1171 quidem
692 1090 814 1151 maximi
834 1090 922 1150 facio.
956 1086 1043 1157 Quae
1064 1090 1165 1169 gratia
1182 1108 1249 1151 cum
1269 1089 1338 1149 iude
1362 1088 1405 1149 sit
1424 1095 1503 1160 orta,
1523 1086 1607 1167 quod
1622 1086 1721 1148 obser·

373 1179 545 1241 rationibus
574 1198 630 1256 ego
655 1179 803 1239 nonnullis
832 1178 1006 1240 necessaria
1028 1178 1144 1240 ratione
1172 1178 1376 1239 demonstravi
1406 1178 1550 1238 conclusa
1575 1176 1721 1256 quaedam,

374 1287 449 1348 quae
462 1268 528 1346 ipse
542 1267 656 1346 pridem
676 1286 729 1347 pro
745 1267 824 1327 veris
845 1266 1007 1328 habuerat:
1029 1268 1168 1347 utigitur
1186 1268 1264 1328 banc
1277 1265 1349 1328 mihi
1368 1265 1596 1345 possessiouem
1616 1265 1720 1343 gratiae

375 1366 438 1418 tam
462 1356 572 1417 charae
595 1357 754 1417 firmiorem
777 1356 914 1429 efficiam,
940 1374 1013 1435 rugo
1038 1356 1079 1417 illi
1103 1358 1178 1418 baec
1202 1375 1286 1417 ame
1309 1355 1453 1417 nuncies:
1485 1373 1556 1415 esse
1579 1354 1653 1415 mibi
1673 1352 1720 1413 de·

377 1445 614 1506 monstrationes
638 1445 825 1506 certissimas
850 1444 878 1503 iu
902 1454 1040 1524 promtu,
1072 1447 1166 1526 quod,
1189 1445 1280 1525 plane
1303 1452 1338 1505 ut
1359 1444 1424 1523 ipae
1454 1451 1560 1518 tenet,
1591 1443 1720 1521 planetae

377 1535 495 1615 quidem
519 1553 622 1595 omues
646 1533 743 1595 lumen
769 1555 787 1594 a
812 1532 883 1594 Sole
916 1533 1080 1613 recipiant,
1113 1534 1169 1614 ipsi
1201 1554 1255 1595 sua
1285 1543 1395 1593 natura
1417 1550 1547 1611 corpora
1573 1531 1721 1592 tenebrosa

298 1685 302 1693 ,
377 1632 410 1683 et
433 1641 545 1701 opaca;
582 1623 658 1683 fixae
688 1640 760 1683 vero
788 1623 897 1683 stellae
920 1622 1041 1701 proprio
1065 1631 1097 1684 et
1119 1623 1248 1686 naturali
1272 1622 1383 1682 lumine
1405 1620 1642 1699 resplendeant,
1672 1637 1719 1679 uon

374 1712 546 1790 indigentes
563 1712 796 1772 illustrationes
819 1710 900 1772 Solis
924 1711 1035 1773 radiis:
1061 1712 1170 1792 quippe
1193 1711 1252 1793 qui,
1276 1730 1314 1771 an
1338 1711 1377 1771 ad
1400 1710 1528 1771 lixarum
1552 1709 1719 1770 altissimam

376 1800 530 1879 regionem
555 1800 583 1860 iu
613 1808 699 1861 tanta
722 1800 814 1860 etiam
838 1800 976 1861 claritate
1007 1801 1201 1880 pertingant,
1239 1800 1383 1880 quantula
1414 1797 1558 1859 claritate
1593 1797 1660 1859 iude
1688 1797 1719 1856 ad

378 1909 433 1950 nos
466 1890 654 1949 descendunt
685 1890 810 1950 lixarum
846 1890 939 1961 radii,
980 1888 1063 1951 Deus
1100 1891 1192 1951 norit.
1253 1888 1449 1950 Potissimum
1487 1885 1719 1948 ratiocinationis

380 1997 464 2038 meae
490 1977 714 2039 fundamentum
738 1979 767 2038 iu
791 1979 846 2038 boc
871 1977 1028 2051 consistit,
1054 1980 1131 2058 quod
1156 1998 1222 2040 eum
1245 1977 1357 2039 oculari
1381 1976 1540 2037 evidenter
1562 1974 1719 2040 obsonari

375 2068 525 2145 planetas,
550 2067 730 2147 utquisque
755 2067 888 2145 quolibet
912 2075 1045 2146 tempore
1070 2068 1156 2128 nobis
1180 2079 1211 2127 et
1235 2065 1299 2129 Soli
1323 2065 1447 2127 vicinior
1471 2065 1572 2137 luerit,
1598 2064 1642 2125 sic
1662 2082 1718 2125 ma·

372 2158 472 2236 jurem
495 2157 629 2235 recipere
653 2156 843 2236 splendorem
871 2165 902 2216 et
933 2155 1079 2217 illustrius
1112 2156 1238 2218 eundem
1270 2154 1482 2216 reverberare:
1522 2154 1624 2233 itaque
1646 2153 1718 2214 blare

375 2246 545 2325 perigaeus,
569 2246 671 2307 Terris
695 2245 831 2306 nimirum
856 2245 1077 2319 vicinissimus,
1106 2245 1264 2324 splendore
1286 2243 1394 2304 Jovem
1419 2261 1477 2302 uon
1502 2242 1613 2321 exigno
1637 2243 1718 2303 inter·

374 2334 455 2394 vallo
482 2342 553 2413 post
583 2354 615 2394 se
650 2334 810 2414 relinquit,
835 2335 1027 2413 quantumvis
1059 2334 1137 2395 mole
1160 2333 1295 2413 corporis
1317 2333 1386 2412 ipsa
1406 2330 1477 2391 Jovi
1513 2332 1604 2410 longe
1632 2330 1717 2391 cedat

373 2424 520 2502 Adeoque
544 2422 664 2484 difficile
688 2432 736 2482 est
760 2422 956 2483 radiationem
981 2424 1058 2484 hauc
1081 2422 1192 2484 Martis
1215 2413 1328 2483 oculari
1350 2420 1510 2500 excipere;
1539 2429 1629 2481 tauta
1650 2419 1716 2479 enim

374 2519 432 2586 est,
457 2520 492 2572 ut.
513 2511 660 2591 impediat
678 2512 784 2580 risum,
810 2531 866 2591 quo
885 2513 981 2572 minus
1004 2512 1030 2572 is
1054 2512 1169 2573 discum
1184 2510 1317 2590 corporis
1331 2509 1440 2571 stellae
1455 2509 1591 2571 Martiae
1605 2506 1716 2571 rotunde

374 2600 565 2662 terminatum
588 2601 792 2662 internoscere
815 2602 921 2680 possit.
969 2601 1004 2661 ld
1036 2602 1066 2662 iu
1089 2601 1167 2662 Jove
1191 2620 1249 2661 nou
1272 2619 1328 2660 usu
1355 2598 1455 2670 renit,
1487 2608 1616 2678 apparet
1647 2596 1713 2656 enin

373 2690 522 2769 exquisite
554 2690 718 2751 circularis.
767 2690 845 2751 Post
875 2690 950 2750 bunc
983 2690 1133 2751 Saturnus
1165 2697 1290 2769 propter
1322 2687 1448 2748 eandem
1481 2706 1571 2748 suam
1604 2703 1714 2764 eamque

374 2779 578 2856 longissimam
602 2780 796 2840 remotionem
819 2789 947 2857 apparet
971 2779 1163 2840 exactissime
1187 2778 1386 2849 terminatua;
1410 2784 1474 2837 tam
1498 2776 1598 2855 major
1620 2775 1714 2854 globm

373 2868 403 2928 iu
427 2868 525 2928 medio
549 2887 636 2947 quam
661 2868 737 2928 duae
760 2869 826 2946 ejus
849 2868 961 2946 pilulae
986 2868 1117 2929 minutae
1141 2867 1179 2929 ad
1206 2868 1312 2928 latera
1359 2867 1501 2944 Apparet
1519 2865 1600 2926 enim
1619 2861 1715 2925 lumine

375 2955 517 3034 languido
540 2964 571 3015 et
596 2956 709 3029 tracto,
743 2957 807 3016 siue
830 2957 1024 3017 irradiatione
1048 2958 1122 3030 tali,
1157 2976 1233 3035 quae
1256 2954 1399 3033 impediat
1432 2954 1611 3015 distinctam
1640 2952 1716 3013 trium

376 3046 442 3122 ejus
465 3044 776 3105 terminatissimorum
800 3046 987 3124 globulorum
1011 3045 1291 3126 apprehensionem.
1338 3042 1414 3105 Cum
1448 3042 1543 3120 igitur
1574 3042 1715 3102 videamus

376 3135 506 3194 Martem
530 3133 567 3193 de
591 3134 756 3212 propinquo
782 3135 869 3194 ralde
903 3135 1060 3214 splendide
1093 3134 1237 3195 illustrari
1269 3155 1288 3193 a
1312 3131 1402 3205 Sole,
1440 3130 1529 3192 Joris
1560 3128 1718 3192 remotioris

376 3222 475 3282 lumen
500 3222 592 3283 multo
616 3241 684 3282 esse
710 3223 877 3300 languidius
902 3224 1110 3302 (quantumvis
1140 3223 1218 3283 citra
1248 3221 1440 3282 instrumenti
1473 3240 1560 3282 usum
1594 3220 1667 3281 satis
1694 3217 1718 3277 id

377 3312 488 3370 clarum
514 3321 670 3389 appareat,
696 3312 726 3371 id
751 3313 828 3391 quud
852 3312 962 3372 accidit
983 3312 1009 3371 ei
1025 3321 1148 3391 propter
1163 3310 1398 3389 magnitudinem
1422 3318 1454 3369 et
1477 3309 1640 3370 candorem
1661 3325 1715 3367 cor·

377 3400 494 3479 poris),
527 3399 651 3461 Saturni
677 3401 867 3462 remotissimi
892 3401 1149 3480 languidissimum
1174 3409 1207 3461 et
1229 3399 1322 3460 relati
1355 3417 1499 3479 aqueum:
1531 3399 1621 3478 quale
1643 3407 1718 3477 putas

378 3493 502 3550 lixarum
528 3490 624 3550 lumen
656 3501 738 3550 esset
770 3490 991 3569 appariturum,
1025 3510 1101 3569 quae
1135 3488 1276 3550 ineffabili
1309 3487 1469 3548 intervallo
1503 3488 1622 3565 longius
1645 3501 1718 3565 quam

378 3579 526 3639 Saturnus
550 3599 569 3637 a
592 3579 664 3639 Sole
688 3578 808 3653 absunt,
833 3581 858 3638 si
883 3601 900 3639 a
924 3577 997 3639 Sole
1021 3588 1138 3639 tautum
1166 3577 1409 3639 illustrarentur?
1450 3574 1584 3638 Omnino
1608 3574 1717 3636 debilis·

378 3670 495 3739 simum,
519 3668 668 3728 turbidum
694 3676 725 3727 et
748 3677 923 3729 emortuum.
962 3668 1056 3747 Atqui
1077 3668 1167 3745 plane
1183 3666 1365 3727 contrarium
1385 3664 1566 3743 experimur.
1605 3665 1717 3725 Lustre·

379 3776 443 3815 nms
468 3757 545 3815 euim
570 3758 663 3816 oculis
688 3756 815 3836 exempli
839 3777 933 3817 causa
957 3756 1076 3818 stellam
1103 3754 1211 3828 Canis,
1245 3765 1382 3816 occurret
1412 3754 1500 3814 nobis
1532 3754 1632 3831 fulgor
1652 3749 1717 3810 riri·

380 3844 536 3906 (tissimus.
571 3847 619 3923 qui
654 3846 745 3906 veluti
777 3846 882 3925 pungit
917 3846 1035 3906 oculum
1068 3864 1134 3905 cum
1161 3844 1330 3905 vibratione
1361 3843 1510 3904 radiorum
1543 3839 1718 3922 rapidissima

381 3932 458 3991 tanti
483 3934 613 4010 rigoris,
648 3944 681 3994 ut
710 3935 748 3995 ad
780 3935 861 3996 illum
886 3935 1051 4013 comparati
1077 3935 1235 4013 planetae,
1267 3943 1342 4011 puta
1362 3930 1486 4010 Jupiter
1509 3933 1634 4012 ipsaque
1656 3928 1717 3987 adeo

381 4022 494 4092 Venus,
520 4021 563 4081 sic
588 4025 809 4084 conlaudantnr
832 4035 863 4084 et
887 4024 1107 4103 deprimantur,
1132 4032 1166 4082 ut
1188 4023 1297 4083 eirmm
1321 4020 1498 4081 vilissimum
1522 4032 1555 4081 et
1579 4021 1715 4099 inpurum

379 4118 587 4188 comparatum
622 4113 660 4171 ad
693 4113 892 4173 tersissimum
925 4123 957 4173 et
989 4111 1223 4173 illustrissimum
1261 4109 1464 4170 adamantem.
1520 4109 1563 4170 Et
1600 4104 1716 4189 quamvis

380 4199 488 4258 stellae
513 4196 606 4259 Canis
641 4201 742 4260 discus
781 4221 838 4261 uon
877 4202 974 4280 major
1007 4210 1154 4279 appareat
1187 4198 1435 4279 quinquagesima
1472 4198 1624 4276 particula
1656 4189 1716 4253 disci

379 4287 476 4356 doris,
500 4287 593 4348 nihilo
617 4290 716 4348 secius
740 4290 868 4350 radiatio
892 4292 957 4367 eJ'us
982 4302 1028 4349 est
1053 4291 1160 4368 ingens
1184 4299 1215 4348 et
1237 4287 1371 4348 violenta
1394 4287 1576 4362 admodum,
1605 4284 1673 4346 adeo
1691 4290 1716 4338 tl

380 4376 498 4453 species
532 4377 591 4436 ista
623 4376 697 4437 disci
732 4397 799 4437 sese
829 4378 909 4438 intra
932 4379 1031 4438 crines
1056 4378 1148 4438 reluti
1173 4376 1352 4436 radiationis
1376 4395 1450 4436 suae
1480 4376 1642 4443 recondat.
1671 4371 1715 4429 im·

380 4465 471 4542 plicet
495 4475 526 4524 et
545 4466 630 4543 qnasi
646 4477 818 4538 evanescat,
844 4487 898 4527 nec
922 4467 979 4527 uisi
1004 4486 1068 4527 cum
1093 4466 1271 4527 difficultate
1295 4466 1397 4542 aliqua
1420 4463 1612 4525 discematur
1632 4483 1650 4522 a
1668 4458 1714 4518 cir·

381 4554 524 4612 eumt‘nsis
557 4555 705 4614 crinibus:
745 4555 792 4615 ubi
824 4566 931 4616 contra
953 4555 1073 4634 Jupiter
1106 4567 1136 4614 et
1168 4554 1262 4614 multu
1295 4553 1394 4632 magis
1417 4552 1571 4614 Saturnus
1598 4552 1715 4612 ridentur

379 4641 550 4708 terminati,
587 4643 633 4701 lux
668 4663 769 4705 eorum
803 4644 944 4720 languida
977 4659 1007 4704 et
1039 4655 1070 4703 ut
1099 4645 1144 4703 ita
1168 4644 1267 4703 dicam
1291 4643 1404 4720 quieta.
1451 4640 1644 4721 Quapropter
1663 4635 1714 4695 eri·

381 4729 470 4788 stium
495 4741 577 4789 reete
602 4750 656 4790 nos
681 4732 954 4811 philosophaturus.
979 4733 1003 4791 si
1029 4751 1151 4792 eausam
1175 4731 1402 4792 scintillationis
1421 4731 1547 4791 fixarum
1572 4731 1714 4791 referamus

381 4818 419 4875 arl
444 4817 642 4878 librationem
667 4821 835 4899 splendoris
859 4822 970 4900 proprii
996 4835 1026 4880 et
1051 4821 1164 4890 nativi,
1199 4822 1228 4880 in
1262 4820 1466 4880 substantiam
1498 4839 1600 4880 eorum
1632 4811 1712 4876 insiti:

382 4905 515 4965 uicissim
539 4908 568 4966 in
593 4910 748 4986 superficie
771 4910 962 4984 planetarum
996 4910 1128 4970 dicamus
1152 4909 1307 4969 terminari
1332 4910 1369 4969 de
1392 4908 1561 4987 propinquo
1585 4905 1711 4967 illumina·

383 4992 494 5054 tionem
517 4994 611 5067 illam,
637 5016 713 5075 quae
737 5018 755 5057 a
770 4997 841 5059 Sole
857 4999 995 5060 derivata
1009 4999 1038 5059 iu
1056 5000 1196 5060 muudum
1212 4998 1357 5059 diditur·⁶
1390 4997 1711 5055 macerarentur·
