3692 5842
336 453 402 521 234
808 456 999 521 Paralipomena
1017 458 1043 507 in
1061 456 1227 508 Vitellionem.

425 633 513 695 Visio
537 633 630 713 igitur
652 634 686 694 fit
709 651 763 713 per
788 634 936 713 picturam
969 634 1012 694 rei
1041 632 1169 693 visibilis
1193 635 1231 694 ad
1256 633 1356 696 album
1388 634 1505 697 retinae
1530 641 1562 696 et
1585 651 1694 695 casnm

335 725 499 804 parietem;
524 730 556 783 et
578 741 653 803 quae
679 722 750 782 foris
775 723 882 783 dextra
906 731 984 789 sunt,
1011 724 1049 782 ad
1073 722 1226 784 sinistrum
1251 723 1375 802 parietis
1390 725 1480 796 latus,
1505 713 1641 785 sinistra
1656 721 1695 781 ad

337 815 483 884 dextrum,
510 831 620 892 supera
644 811 682 872 ad
707 811 844 883 inferum,
869 811 967 871 infera
990 812 1028 872 ad
1053 829 1191 889 superum
1216 812 1434 891 depinguntur:
1466 813 1575 875 viridia
1599 812 1693 873 etiarn

336 904 436 965 colore
460 901 546 962 viridi
572 908 604 962 et
628 900 655 960 in
672 899 841 961 universnm
865 919 913 960 res
930 918 1121 980 quaecunque
1146 920 1198 960 suo
1223 902 1322 961 colore
1338 903 1418 963 intra
1436 902 1592 981 pingitur;
1617 901 1695 961 adeo

335 1001 378 1067 nt,
403 991 427 1051 si
452 990 595 1070 possibile
611 997 702 1061 esset,
728 988 873 1068 picturam
899 989 980 1049 illam
1001 989 1029 1048 in
1055 989 1151 1050 retina
1166 990 1246 1049 foras
1272 990 1299 1050 in
1324 991 1420 1051 lucem
1444 998 1603 1071 protracta
1620 1007 1694 1069 per-

335 1100 456 1142 manere
481 1078 604 1140 remotis
629 1078 841 1150 anterioribus,
868 1098 943 1156 quae
969 1078 1051 1138 illam
1076 1078 1290 1150 efformabant,
1315 1079 1485 1159 hominique
1511 1080 1601 1141 alicui
1625 1079 1694 1139 suf·

334 1168 437 1231 ficiens
462 1177 544 1229 esset
568 1167 649 1227 risus
675 1167 766 1240 acies,
792 1167 817 1226 is
842 1167 997 1245 agniturus
1022 1175 1104 1226 esset
1128 1167 1308 1244 ipsissimam
1335 1168 1550 1247 hemisphaerii
1567 1169 1694 1247 figuram

335 1259 363 1318 in
389 1267 450 1318 taur
475 1265 602 1335 angusto
627 1257 741 1317 retinae
766 1256 931 1332 complexu.
970 1255 1092 1315 Etenim
1116 1264 1147 1314 et
1170 1258 1324 1334 proportio
1340 1268 1479 1319 servatur
1503 1278 1550 1330 ea,
1576 1265 1612 1318 ut
1633 1274 1693 1335 qno

334 1348 444 1426 angulo
469 1346 506 1406 ad
531 1354 644 1407 certum
669 1344 788 1423 aliquod
820 1353 961 1423 punctum
996 1345 1075 1403 intra
1099 1346 1283 1422 complexum
1308 1348 1385 1407 oculi
1410 1348 1520 1407 ductae
1546 1353 1650 1407 rectae
1675 1365 1695 1404 a

333 1435 453 1515 punctis
478 1435 706 1515 aspectabilium
730 1433 857 1510 singulis
885 1451 1082 1494 concursurae
1112 1434 1250 1504 fuerunt;
1285 1435 1389 1495 eodem
1418 1434 1637 1514 propemodum
1662 1443 1695 1493 et

333 1524 470 1602 singulae
494 1531 597 1603 partes
622 1523 701 1583 intra
724 1521 786 1581 sint
809 1521 968 1599 depictae;
993 1522 1068 1580 adeo
1092 1531 1184 1581 utne
1209 1522 1411 1585 minutissima
1434 1524 1555 1603 quidem
1579 1531 1695 1602 puncta

334 1613 543 1692 negligantur;
569 1613 702 1690 adeoque
729 1620 842 1690 quauta
865 1618 913 1670 est
937 1610 1091 1670 subtilitas
1115 1611 1196 1669 risus
1220 1611 1248 1670 in
1274 1613 1408 1690 quolibet
1430 1612 1569 1685 homine,
1604 1619 1696 1673 tanta

334 1702 375 1763 sit
398 1710 429 1762 et
453 1701 606 1763 subtilitas
631 1699 718 1777 hujus
742 1700 878 1779 picturae
903 1698 983 1759 intra
1007 1699 1071 1776 ejus
1096 1699 1222 1759 oculum.

421 1790 491 1851 Jam
515 1799 548 1850 ut
571 1790 609 1849 ad
634 1789 750 1849 modum
775 1788 851 1848 huuc
876 1788 1017 1866 pingendi
1050 1787 1172 1866 propius
1210 1789 1351 1848 accedam
1390 1796 1423 1848 et
1455 1808 1502 1849 me
1541 1788 1694 1867 paulatim

333 1879 584 1942 demonstrationi
609 1897 797 1956 praeparem,
823 1877 889 1937 dico
914 1876 1060 1953 picturam
1085 1877 1162 1936 hanc
1182 1886 1321 1938 constare
1346 1897 1381 1936 er
1398 1878 1526 1938 totidem
1549 1896 1694 1937 conorum

332 1968 470 2047 paribus,
501 1977 574 2046 quot
597 1975 667 2027 snut
691 1966 719 2026 in
744 1985 775 2025 rc
802 1966 866 2025 risa
890 1973 1020 2044 puncta,
1045 1964 1122 2024 binis
1146 1984 1264 2043 semper
1287 1967 1393 2026 eadem
1418 1966 1503 2038 basi,
1531 1965 1694 2026 latitudine

332 2056 500 2135 crystallini
525 2066 578 2115 ant
602 2057 667 2134 ejus
691 2053 840 2132 particula
873 2054 1042 2114 utentibus:
1081 2054 1124 2113 sic
1157 2063 1190 2114 ut
1222 2054 1300 2115 alter
1328 2074 1469 2116 conornm
1503 2056 1620 2115 vertice
1655 2055 1694 2115 ad

336 2154 478 2225 punctum
503 2145 610 2217 risum,
637 2144 703 2204 basi
728 2162 799 2203 vero
824 2144 863 2202 ad
887 2142 1094 2222 crystallinum
1119 2150 1272 2204 statuatur
1296 2144 1492 2214 (refractione
1518 2143 1641 2222 quidem
1666 2144 1694 2204 in

333 2235 471 2314 ingressu
494 2253 620 2294 corneae
644 2231 777 2293 nonuihil
800 2231 969 2303 variatus),
999 2230 1077 2290 alter
1108 2230 1174 2291 basi
1205 2232 1244 2291 ad
1277 2233 1483 2311 crystallinum
1508 2252 1575 2293 curn
1600 2232 1695 2312 priori

332 2323 489 2395 communi,
516 2323 627 2383 uertice
652 2322 690 2381 ad
709 2329 850 2400 punctum
867 2319 987 2398 aliquod
1002 2319 1136 2397 picturae
1161 2320 1190 2379 in
1214 2321 1369 2398 superficie
1390 2322 1504 2382 retinae
1519 2320 1694 2399 pertingat3

332 2411 544 2474 refractionem
568 2410 686 2488 etipse
711 2429 819 2488 passus
845 2409 872 2468 in
898 2408 979 2468 exitu
1003 2408 1179 2487 crystallini.
1227 2410 1267 2469 Et
1290 2428 1432 2471 concrum
1457 2410 1580 2490 quidem
1603 2421 1694 2470 exte-

332 2501 426 2563 riores
451 2520 554 2561 nmnes
578 2501 606 2560 io
632 2498 777 2559 foramine
801 2516 894 2557 ureae
911 2504 1098 2565 concurrunt.
1124 2515 1181 2575 quo
1207 2497 1234 2558 in
1259 2498 1359 2576 spatio
1383 2500 1415 2559 lit
1435 2518 1578 2560 concrum
1596 2499 1695 2561 inter·

331 2590 427 2652 sectio
451 2598 483 2650 et
507 2590 614 2649 dextra
637 2588 712 2648 fiunt
735 2585 868 2646 sinistra.
916 2593 999 2661 (Vidn
1021 2595 1131 2647 schema
1153 2614 1209 2667 seq.
1231 2598 1426 2667 propositionis
1450 2593 1509 2660 23.)
1654 2597 1661 2611 ’

419 2680 463 2741 Ut
486 2678 562 2738 haec
586 2676 744 2755 capiantur
767 2676 883 2747 melius,
909 2682 1043 2752 repetam
1077 2692 1130 2752 per
1160 2684 1272 2754 partes,
1321 2676 1369 2737 Sit
1404 2687 1547 2758 punctum
1572 2677 1695 2756 aliquod

334 2767 453 2829 risibile
478 2767 590 2827 directe
615 2766 700 2826 oculo
724 2764 902 2842 oppositum,
928 2763 971 2822 sic
996 2770 1028 2821 ut
1052 2763 1130 2822 linea
1154 2783 1208 2842 per
1230 2765 1373 2826 orificium
1397 2766 1480 2826 nervi
1508 2775 1540 2827 et
1555 2778 1695 2828 centrum

332 2856 487 2917 foraminis
512 2873 605 2915 ureae
629 2854 744 2913 incidat
767 2853 795 2912 in
820 2852 875 2912 hoc
900 2850 1018 2911 risibile
1043 2861 1194 2929 punctum.
1234 2851 1309 2914 Cum
1335 2874 1406 2932 ergo
1423 2855 1580 2933 quodlibet
1594 2874 1693 2933 punc-

331 2953 394 3006 tum
420 2944 518 3004 radiet
541 2944 569 3004 in
595 2942 705 3015 orbem,
731 2941 862 3002 radiabit
886 2940 968 3000 etin
993 2949 1096 3017 partes
1120 2942 1209 3015 orbis,
1246 2962 1337 3020 qnare
1362 2953 1393 3003 et
1417 2944 1445 3004 in
1470 2951 1568 3004 totam
1593 2945 1695 3023 porti-

333 3033 471 3094 unculam
496 3031 673 3110 sphaerulae
697 3050 823 3091 corneae
857 3028 1079 3107 illustrabitque
1114 3030 1220 3090 iridem
1244 3039 1275 3090 et
1299 3032 1428 3092 modium
1463 3032 1530 3110 ejus
1562 3034 1693 3111 nigrum,

333 3141 386 3183 sen
413 3122 544 3182 foramen
569 3139 673 3180 ureae.
713 3117 846 3198 Cumque
871 3117 922 3177 iris
948 3117 988 3177 sit
1011 3136 1106 3195 opaca
1130 3127 1161 3178 et
1185 3119 1280 3196 nigra,
1303 3121 1563 3182 circumsistentes
1588 3121 1695 3182 radios

333 3210 446 3271 avertit
469 3219 500 3270 et
523 3209 678 3286 prohibet,
711 3208 792 3268 solos
816 3206 930 3267 medios
956 3206 1131 3267 intromittit
1155 3217 1297 3286 quantum
1330 3211 1474 3270 foramine
1498 3219 1597 3289 patet.
1647 3215 1694 3272 Ac

332 3317 398 3359 cum
423 3318 548 3370 cornea,
583 3298 688 3375 etqui
717 3297 771 3357 sub
796 3298 852 3357 hac
876 3304 926 3355 est
949 3295 1053 3355 humor
1077 3315 1188 3374 aqueus
1223 3298 1313 3375 (qnae
1344 3308 1469 3378 utraque
1500 3318 1555 3377 pro
1586 3301 1695 3360 eodem

333 3388 431 3449 medio
456 3407 548 3447 cansa
572 3386 732 3447 densitatis
766 3386 877 3452 habeo)
907 3384 967 3446 siut
1002 3384 1129 3443 medium
1169 3385 1290 3445 densius
1330 3394 1413 3460 aere,
1447 3407 1539 3465 quare
1573 3389 1652 3448 radii
1677 3409 1697 3448 a

331 3486 442 3556 puncto
481 3477 509 3536 in
546 3477 661 3536 devexa
699 3475 879 3553 sphaerulae
918 3472 1039 3532 demissi
1084 3474 1286 3550 refringentur
1323 3477 1359 3535 ad
1398 3477 1695 3554 perpendicularem.

334 3567 440 3644 ltaque
474 3565 523 3644 qni
554 3565 637 3642 prius
670 3566 697 3624 in
729 3571 798 3624 alre
827 3580 988 3641 progressu
1018 3562 1251 3638 spargebantur,
1282 3583 1358 3623 nunc
1386 3584 1526 3626 corneam
1561 3566 1695 3644 ingressi

332 3655 526 3732 colliguntnr;
551 3655 626 3712 adeo
651 3664 683 3713 ut
700 3651 834 3730 qnarnris
850 3650 976 3710 circulus
992 3650 1139 3710 maximus
1155 3652 1192 3709 ab
1213 3651 1250 3709 iis
1265 3653 1357 3713 radiis
1382 3654 1410 3713 in
1427 3674 1536 3714 cornea
1551 3655 1696 3735 descrip-

332 3753 400 3815 tus,
426 3742 474 3822 qui
500 3742 654 3802 foraminis
679 3741 829 3818 margines
854 3739 997 3798 descensu
1022 3739 1193 3814 attingunt,
1219 3740 1259 3799 sit
1284 3741 1373 3802 latior
1396 3743 1507 3803 circulo
1533 3743 1697 3807 foraminis

333 3848 438 3900 ureae,
465 3831 492 3890 hi
518 3840 618 3891 tamen
644 3830 718 3891 radii
744 3848 836 3907 usquc
862 3828 899 3886 ad
926 3827 1057 3887 foramen
1083 3847 1175 3887 ureae
1200 3847 1253 3906 per
1278 3831 1424 3891 tantulam
1449 3833 1537 3910 aquei
1562 3834 1695 3909 profun-

336 3917 462 3979 ditatem
488 3927 645 3996 tantopere
669 3918 868 3996 colligantur,
900 3925 933 3975 ut
950 3916 1014 3993 jam
1039 3916 1102 3995 ejus
1128 3917 1283 3977 foraminis
1307 3921 1458 3998 margines
1484 3922 1522 3980 ab
1547 3924 1697 3984 extremis

333 4006 487 4076 radantur,
513 4007 718 4086 descensuque
744 4011 823 4066 lacto
848 4004 989 4064 minorem
1011 4004 1037 4064 in
1056 4006 1222 4083 crystallini
1247 4008 1403 4084 superficie
1425 4010 1595 4085 portionem
1621 4011 1696 4072 illu-

332 4104 445 4165 strent‚
472 4114 558 4173 quam
583 4105 631 4156 est
656 4097 787 4156 foramen
812 4112 916 4153 ureae.
957 4093 1025 4152 Jarn
1051 4092 1078 4152 in
1104 4094 1288 4172 superficiem
1313 4097 1493 4158 anteriorem
1519 4100 1695 4180 crystallini

333 4183 474 4263 ingressi,
510 4184 654 4261 siqnidem
679 4206 697 4243 a
720 4190 830 4263 puncto
855 4190 956 4242 certae
982 4190 1014 4240 et
1036 4182 1283 4259 proportionatae
1307 4185 1472 4246 distantiae
1506 4189 1601 4267 (quae
1627 4190 1696 4250 cni-

332 4271 408 4333 libet
432 4273 518 4333 oculo
543 4292 598 4332 sua
621 4281 669 4332 est
693 4292 747 4333 uec
771 4272 860 4349 plane
885 4270 1021 4329 omnibns
1037 4271 1158 4340 eadem)
1183 4272 1319 4348 primitus
1337 4274 1447 4335 fuerint
1471 4278 1541 4344 orti,
1566 4287 1697 4357 propter

332 4362 459 4422 similem
484 4380 610 4420 corneae
635 4371 665 4421 et
680 4360 847 4439 crystallini
873 4360 1093 4418 convexitatem
1118 4378 1221 4420 ornnes
1246 4362 1288 4421 illi
1312 4365 1527 4443 propemodum
1557 4385 1695 4445 perpen-

333 4448 507 4510 diculariter
531 4448 674 4509 incidunt.
714 4446 814 4517 Quare
838 4447 939 4525 puncti
957 4447 1069 4507 directe
1085 4448 1161 4508 risui
1184 4451 1315 4527 oppositi
1340 4462 1369 4512 et
1385 4454 1531 4514 concinne
1547 4455 1696 4517 distantis

333 4671 540 4738 quadamtenus.
590 4670 710 4723 Dubium
741 4670 849 4738 itaque,
878 4688 940 4724 num
968 4673 1061 4725 hiatus
1092 4674 1191 4744 aliquis
1222 4674 1250 4724 in
1277 4690 1367 4727 rucua
1397 4676 1468 4728 oculi
1499 4693 1614 4732 marera
1641 4696 1694 4748 per

332 4747 408 4800 illam
431 4748 531 4800 lineam
553 4766 658 4802 sursum
681 4750 706 4801 in
729 4760 811 4817 eaput
841 4752 930 4818 adque
957 4754 1031 4804 uerri
1060 4755 1151 4807 visorii
1180 4753 1388 4815 extremitates,
1416 4756 1562 4824 spirituum
1589 4760 1693 4816 sedem.

332 4827 530 4897 porrigeretur,
553 4844 588 4882 an
610 4846 674 4882 sero
696 4830 765 4882 idem
788 4828 899 4896 spiritus
921 4832 1005 4883 etiam
1027 4832 1053 4884 in
1075 4834 1195 4887 olfactus
1218 4833 1401 4888 instrumenta
1422 4836 1631 4892 diffunderetur.

422 4907 604 4962 Confirmatur
625 4909 677 4962 hoc
697 4910 826 4977 exenrplo
848 4908 873 4960 id
896 4911 1052 4980 praecipue,
1074 4916 1144 4983 quod
1165 4914 1279 4983 spiritus
1299 4915 1367 4968 lucis
1384 4925 1413 4969 et
1427 4916 1549 4972 colorum
1570 4934 1692 4988 capaces

333 4997 396 5036 ecte
416 4991 585 5041 statuuntur.
