3692 5842
629 1623 680 1725 u.
714 1626 979 1752 liudolpho
1012 1626 1075 1725 11.

204 1807 557 1928 ROllllNOllllll
594 1808 935 1929 lllPlRlTOlll
969 1809 1185 1928 ShllPEll
1223 1806 1490 1927 AUGUSTO.

746 1998 781 2059 P.
806 2000 840 2060 F.
865 1999 899 2059 Ρ.
924 2000 959 2061 Ρ.

346 2173 529 2253 Hungariae‚
555 2173 719 2236 Bohemiae
743 2174 795 2236 duc.
821 2174 910 2255 Regi,
936 2175 1098 2237 Archiduci
1123 2176 1267 2238 Austriae
1292 2176 1346 2237 hc.

265 2314 342 2378 Cum
365 2315 440 2375 haec
469 2323 555 2375 aetas
579 2325 696 2390 nostra,
723 2313 862 2379 Caesar
885 2317 1175 2397 Angustissime,
1206 2316 1366 2396 protulerit
1390 2316 1531 2378 eximium

168 2404 257 2466 illum
281 2412 486 2464 astronomum
510 2405 681 2485 Tychonem
705 2404 821 2479 Brahe,
857 2406 906 2486 qui
937 2406 1182 2485 exquisitissimis
1212 2404 1475 2467 observationibus
1499 2412 1532 2466 et

169 2492 347 2555 subtilitate
371 2492 537 2553 incredibili
563 2513 628 2553 cum
652 2494 719 2573 ipsa
743 2503 975 2555 rerumnatura
999 2496 1142 2569 certavit,
1169 2495 1338 2575 habeatque
1364 2493 1532 2557 Germania

168 2591 296 2663 praeter
320 2579 444 2660 antiqua
467 2581 520 2642 illa
548 2582 782 2644 mathematicae
806 2584 963 2644 facultatis
989 2584 1113 2657 lumina,
1146 2584 1379 2658 Peurbachium,
1413 2582 1531 2662 Regio-

169 2681 355 2744 montanum,
380 2670 534 2749 Apianum
558 2680 589 2732 et
613 2691 686 2751 quos
711 2673 800 2750 longo
816 2673 918 2732 ordine
943 2692 1101 2734 recensere
1124 2681 1226 2753 potest
1248 2671 1433 2733 Viennensis
1457 2691 1531 2733 aca-

169 2760 288 2832 demia,
313 2759 504 2821 nuncetiam
529 2778 637 2823 novom
662 2761 717 2822 hoc
741 2762 910 2840 exemplum
935 2760 1023 2842 idque
1048 2763 1173 2823 sublimo
1197 2768 1229 2823 et
1253 2762 1458 2822 admirandum
1482 2760 1531 2821 di·

170 2848 320 2929 ligantias
345 2857 376 2909 et
399 2848 611 2927 perfectionis:
637 2869 764 2929 aequum
789 2869 856 2911 esse
881 2850 1024 2924 arbitror,
1051 2871 1117 2912 cum
1141 2859 1175 2911 ut
1198 2850 1328 2912 universi
1344 2850 1419 2912 artis
1443 2850 1531 2928 hujus

168 2939 363 3019 professores
408 2939 662 3016 praestantissimi
709 2939 834 2999 artificis
880 2939 1012 3017 vestigia
1058 2949 1179 3001 strenue
1224 2948 1389 3020 sequantur
1432 2939 1529 3018 adque

169 3028 238 3108 ejus
261 3027 430 3104 exemplum
464 3045 530 3087 sese
556 3036 754 3106 componant,
789 3035 852 3088 tum
884 3029 1014 3089 maxime
1044 3037 1077 3089 ut
1106 3028 1250 3090 Germani
1274 3028 1303 3087 in
1330 3028 1360 3088 id
1392 3027 1531 3089 laborent

171 3134 230 3195 pro
254 3135 288 3176 se
314 3114 449 3196 quisque,
473 3123 507 3176 ut
531 3115 618 3194 hujus
633 3117 748 3195 gloriae
772 3117 913 3196 palmam,
939 3117 1087 3178 hactenus
1112 3118 1277 3191 obtentam,
1303 3135 1391 3196 porro
1416 3134 1533 3196 quoqne

170 3206 200 3266 in
229 3223 286 3265 sua
309 3213 399 3282 gente
423 3204 585 3265 retineant.
624 3206 825 3267 inexhaustus
848 3205 926 3266 enim
951 3215 999 3267 est
1018 3215 1144 3268 naturae
1161 3226 1337 3267 arcanorum
1361 3205 1538 3276 thesaurus,¹

170 3293 335 3375 opulentia
357 3293 585 3366 inenarrabilis;
611 3314 664 3355 nec
685 3294 765 3356 allud
789 3302 942 3373 praestat,
968 3296 1016 3374 qui
1036 3314 1142 3356 novum
1159 3296 1269 3374 aliquid
1287 3295 1322 3354 de
1339 3313 1376 3353 ea
1391 3294 1420 3355 in
1437 3295 1533 3355 lucem

169 3382 304 3463 profert,
342 3400 431 3463 quam
455 3383 531 3461 quod
557 3384 636 3443 viam
660 3384 729 3444 aliis
754 3383 852 3462 aperit
877 3384 914 3444 ad
946 3385 1140 3445 succedentia
1163 3382 1408 3464 pervestiganda.
1456 3382 1533 3443 Mihi

171 3473 267 3546 adeo,
293 3470 344 3551 qui
368 3470 476 3549 opticis
500 3472 808 3550 contemplationibus
824 3473 956 3534 nonnihil
982 3473 1125 3551 temporis
1149 3473 1369 3551 impenderam,
1395 3470 1533 3531 occasio-

170 3580 242 3622 nem
266 3560 473 3640 suppeditavit
497 3562 681 3622 astronomia
696 3560 881 3643 Tychonica‚
907 3562 993 3639 cujus
1019 3581 1065 3622 ute
1080 3561 1258 3640 participem
1277 3561 1345 3620 vivo
1370 3558 1533 3621 etiamnum

171 3657 298 3711 auctore
325 3648 398 3710 fecit
422 3648 666 3728 splendidissima
690 3649 764 3711 haec
779 3649 956 3727 Majestatis
973 3650 1055 3711 Tuae
1080 3651 1164 3723 aula,
1190 3659 1222 3710 ut
1246 3649 1391 3728 quaedam
1417 3648 1533 3727 optices

172 3739 382 3811 theoremata,
407 3738 507 3818 specie
532 3738 657 3818 exigua,
684 3740 739 3799 sed
762 3758 859 3800 rerum
883 3740 1079 3800 maximarum
1094 3738 1272 3811 seminaria,
1296 3738 1480 3818 percolenda
1503 3746 1534 3799 et

168 3828 307 3909 penitius
331 3827 517 3889 enucleanda
541 3847 704 3889 censerem.
752 3827 910 3907 Indignum
936 3828 1013 3889 enim
1038 3829 1140 3908 optica
1163 3828 1292 3890 scientia
1315 3827 1431 3908 putavi,
1466 3846 1533 3889 cum

170 3918 201 3978 in
230 3915 417 3977 astronomia
440 3935 547 3977 sensus
572 3925 603 3977 et
626 3918 827 3978 instrumenta
842 3918 1045 3998 requirantur,
1071 3919 1100 3979 in
1118 3920 1216 3999 optice
1232 3916 1417 3998 geometrica
1441 3916 1534 3978 certi-

170 4006 248 4066 tudo
273 4024 332 4066 non
356 4005 452 4073 desit,
478 4006 612 4085 superari
635 4006 713 4067 hanc
738 4008 777 4068 ab
801 4006 868 4081 illa,
899 4026 994 4086 neque
1020 4008 1327 4069 demonstrationibus
1351 4005 1399 4068 hic
1422 4005 1532 4068 firmari

169 4114 284 4176 posse,
310 4093 389 4174 quod
413 4093 474 4155 illio
498 4094 576 4156 oculi
600 4095 914 4174 comprehendissent:
947 4096 1101 4175 indignum
1124 4098 1219 4159 multo
1244 4096 1359 4176 magis,
1383 4113 1533 4175 provoca-

170 4193 238 4247 tam
263 4183 301 4244 ab
325 4183 509 4245 astronomis
534 4184 666 4264 opticen,
702 4185 741 4244 ad
765 4203 852 4263 opem
883 4185 941 4245 sibi
966 4186 1136 4260 ferendam,
1171 4205 1229 4246 non
1255 4203 1442 4265 comparere,
1467 4184 1534 4244 cul-

170 4293 303 4355 pamque
336 4273 500 4352 impeditae
537 4273 716 4334 subtilitatis
752 4274 987 4348 astronomicae,
1023 4274 1107 4353 cujus
1141 4274 1380 4345 insimularetur,
1415 4294 1434 4333 a
1466 4290 1535 4333 sese

169 4362 292 4425 amoliri
315 4381 374 4424 non
398 4379 499 4440 posse.
546 4363 654 4443 Itaque
678 4381 737 4423 non
763 4365 828 4425 leve
853 4363 945 4424 decus
969 4362 1155 4441 existimavi,
1189 4364 1215 4424 si
1239 4363 1310 4424 mihi
1335 4361 1532 4440 contingeret,

170 4452 287 4523 nodos,
312 4451 362 4531 qui
386 4451 600 4530 objicerentur,
626 4452 706 4512 bona
730 4452 869 4513 methodo
894 4462 926 4513 et
941 4453 1227 4514 demonstrationum
1244 4450 1397 4513 evidentia
1420 4449 1533 4511 dissol-

170 4559 245 4602 vere
283 4550 315 4602 et
348 4540 480 4619 opticam
513 4541 671 4601 scientiam
696 4541 734 4601 ad
759 4561 824 4603 eam
858 4540 1059 4602 subtilitatem
1083 4542 1260 4621 perducere,
1295 4548 1329 4601 ut
1361 4545 1534 4600 astronomo

170 4630 354 4693 satisfacere
380 4628 434 4690 illa
457 4639 571 4708 posset.
619 4628 709 4699 Quod
732 4650 829 4692 meum
853 4629 1039 4704 institutum,
1064 4639 1225 4710 postquam
1250 4626 1285 4691 C.
1302 4627 1454 4707 Majostas
1469 4626 1535 4688 'l'ua

109 4759 118 4770 -
169 4719 323 4800 probavit,
359 4737 474 4780 summa
497 4737 564 4778 cum
593 4717 742 4781 industria
771 4721 910 4801 persequi
936 4720 1036 4799 coepi,
1071 4719 1269 4798 comportatis
1300 4716 1383 4778 etin
1408 4717 1534 4777 formam

170 4809 243 4871 libri
267 4807 415 4882 redactis,
441 4827 516 4888 quae
541 4808 588 4868 vel
614 4808 684 4870 olim
707 4810 736 4871 in
753 4809 871 4891 styria,
896 4809 1129 4871 Provincialium
1154 4808 1307 4886 stipendia
1330 4824 1460 4880 merens,
1483 4806 1533 4868 iu·

171 4916 331 4973 veneram,
356 4896 404 4958 vel
428 4896 558 4958 inventis
583 4905 669 4959 erant
694 4900 820 4979 denique
840 4898 1086 4978 superaddenda,
1112 4897 1242 4959 omnium
1267 4896 1386 4978 quidem
1410 4895 1533 4958 diflicil-

171 4987 249 5050 lima
271 5005 309 5050 ea
330 4994 365 5048 et
386 4986 634 5048 laboriosissima.
