3692 5842
767 496 823 530 cum
840 480 940 532 Nencie
960 480 1068 531 Siderea.
1527 478 1592 546 503

234 656 364 735 sophica
388 657 495 729 dicam,
522 656 659 716 doctrina
683 657 718 716 de
743 659 930 735 aspectibus,
956 677 1021 718 cum
1051 673 1201 714 numerum
1231 653 1420 731 planetarum
1450 665 1592 735 aspectus

234 746 411 807 facientium
448 746 486 805 ad
521 745 596 805 hauc
624 764 718 823 usque
750 747 827 807 diem
853 747 1098 825 ignoraverimus.
1148 742 1259 802 Verum
1298 742 1317 802 ii
1358 743 1471 805 frustra
1507 756 1592 807 sunt:

233 842 327 895 aetra
349 834 426 895 enirn
451 834 480 893 in
505 853 559 893 nos
583 842 677 911 agunt
701 834 737 894 iis
761 837 905 909 modulis,
938 836 1043 914 quibus
1072 851 1172 892 eorum
1201 840 1299 890 motus
1328 850 1396 891 sese
1421 833 1467 894 his
1491 833 1592 895 Terris

236 922 406 983 insinuant.
455 923 513 983 Per
539 929 681 1000 aspectus
706 922 782 983 enim
816 934 927 1003 agunt;
961 933 993 984 at
1017 928 1158 999 aspectus
1191 921 1317 980 affectus
1350 928 1398 980 est
1430 922 1531 1000 anguli
1564 923 1594 983 in

234 1019 344 1073 centro
375 1012 486 1071 Terrae
517 1011 566 1070 vel
599 1011 685 1073 oculi.
733 1011 860 1073 Scilicet
889 1032 946 1073 non
986 1012 1052 1091 ipsa
1081 1010 1108 1069 in
1138 1028 1191 1067 nos
1229 1016 1335 1086 agunt,
1366 1009 1421 1069 sed
1451 1018 1594 1089 aspectus

234 1118 340 1163 eornm
374 1102 449 1160 finnt
481 1098 629 1177 objectum
663 1109 694 1159 et
726 1102 864 1161 stimulus
901 1102 1078 1162 facultatum
1111 1098 1298 1158 terrestrium
1327 1097 1443 1159 ratione
1468 1099 1593 1178 partici-

233 1188 375 1269 pantium
400 1190 476 1249 citra
499 1189 665 1249 discursum
690 1190 755 1250 solo
780 1191 933 1252 instinctu.
980 1190 1051 1250 Jam
1071 1204 1141 1248 vero
1166 1194 1293 1264 quatuor
1318 1185 1364 1253 hi,
1399 1196 1433 1247 ut
1465 1208 1502 1248 ex
1534 1187 1595 1249 tuis

235 1274 380 1339 Galilaea
405 1277 665 1338 observationibus
688 1287 783 1355 patet,
809 1288 840 1339 et
864 1277 976 1340 minimi
1000 1286 1070 1339 sunt
1093 1285 1125 1337 et
1148 1293 1296 1353 nunquam
1313 1273 1420 1334 aJove
1441 1277 1521 1339 ultra
1542 1273 1594 1339 Μ’

236 1364 469 1445 digrediuntur:
495 1374 528 1425 nt
551 1374 633 1426 totus
656 1367 759 1426 extimi
778 1369 919 1446 planetae
945 1367 1024 1428 orbis
1049 1366 1144 1426 minor
1162 1363 1204 1423 sit
1222 1363 1304 1423 disco
1320 1362 1400 1423 Solis
1416 1366 1464 1425 vel
1478 1367 1593 1427 Lunae.

234 1452 343 1525 Quare
375 1463 410 1515 ut
442 1456 528 1528 dem,
564 1454 645 1533 ipsos
678 1474 735 1514 non
770 1457 949 1535 impediente
983 1456 1098 1515 minuta
1129 1452 1298 1533 quantitate
1334 1470 1508 1515 concurrere
1541 1473 1595 1533 per

234 1550 382 1622 aspectus
402 1543 441 1603 ad
465 1544 628 1603 movendas
654 1544 815 1605 facultates
839 1546 1026 1616 sublunares,
1050 1563 1107 1603 non
1133 1551 1234 1602 tamen
1259 1541 1386 1618 amplius
1410 1542 1480 1621 qnid
1504 1551 1594 1622 pote-

234 1640 327 1704 rent,
362 1651 450 1711 qnam
482 1641 515 1692 ut
549 1640 580 1691 et
611 1632 669 1709 ipsi
703 1643 831 1709 quatuor
862 1644 893 1694 et
914 1633 1053 1711 Jupiter,
1087 1640 1222 1692 centrum
1246 1630 1458 1691 curriculorum
1482 1650 1593 1706 eorum,

230 1720 366 1801 junctim
390 1729 518 1799 aequent
541 1722 609 1791 (nec
635 1721 663 1780 id
688 1722 806 1794 crebro)
822 1722 924 1783 Solem
949 1721 976 1781 in
1002 1721 1199 1782 diuturnitate
1223 1720 1365 1780 nonnulla
1380 1727 1531 1799 aspectus,
1557 1721 1595 1782 ob

237 1809 382 1871 diametri
406 1808 604 1870 latitudinem.

328 1898 430 1976 Atque
461 1898 516 1958 hoc
549 1907 638 1976 pacto
662 1908 764 1960 manet
791 1899 958 1977 astrologia
987 1916 1041 1958 suo
1071 1897 1135 1957 loco
1163 1905 1307 1975 patetque
1335 1897 1437 1971 simul,
1468 1907 1595 1978 quatuor

236 1985 297 2049 bes
311 2005 406 2047 novos
420 2006 477 2047 non
495 1986 635 2065 primario
661 1990 745 2047 nobis
770 1987 798 2046 in
815 1987 935 2047 Tellure
955 1986 1155 2059 versantibus,
1181 1985 1235 2045 sed
1258 1986 1360 2063 procul
1383 1987 1471 2047 dnbio
1485 1987 1594 2048 Jovia-

237 2074 320 2137 libns
343 2075 490 2136 creaturis
514 2076 634 2153 globum
657 2075 744 2137 Jovis
768 2075 1087 2136 circumhabitantibus
1111 2084 1313 2152 comparatos

330 2164 365 2224 Id
393 2164 563 2225 evidentius
595 2173 683 2242 patet
714 2165 776 2236 illi,
814 2164 861 2242 qui
895 2173 995 2225 tecum
1020 2163 1158 2223 Galilaee
1192 2183 1364 2243 mecumque
1396 2163 1596 2243 Cepernicnm

237 2254 379 2332 sequitur
401 2253 430 2313 in
455 2261 620 2332 systemate
644 2254 809 2313 mundano:
848 2251 983 2314 videmus
1011 2252 1142 2312 enimin
1167 2271 1202 2313 eo
1226 2253 1358 2327 Lunam,
1384 2253 1594 2316 circnmtcrre-

238 2349 337 2403 strem
361 2342 531 2420 planetam,
558 2342 602 2402 sic
625 2350 852 2421 comparatam,
876 2349 909 2401 ut
938 2361 995 2401 non
1019 2341 1118 2419 possit
1145 2341 1239 2401 videri
1264 2341 1332 2401 aliis
1355 2343 1472 2420 globis,
1506 2364 1594 2424 quam

237 2430 299 2492 soli
323 2431 447 2504 Telluri,
472 2450 560 2510 quam
584 2433 721 2492 cursibus
745 2431 809 2491 suis
833 2430 937 2508 cingit,
961 2430 1125 2490 destinata.
1172 2430 1248 2508 Ejus
1280 2431 1417 2492 curriculi
1448 2432 1595 2494 diameter

238 2518 371 2581 babetur
394 2538 449 2598 pro
472 2520 616 2580 vicesima
639 2520 776 2581 diametri
802 2518 881 2580 orbis
909 2520 1009 2597 magni
1034 2518 1162 2580 Telluris
1195 2519 1276 2579 circa
1299 2518 1420 2594 Solem,
1456 2540 1511 2600 ego
1545 2522 1596 2583 vix

237 2608 423 2671 tricesimam
448 2609 597 2669 existimo.
645 2608 808 2670 Subtendit
830 2608 921 2686 igitur
945 2609 1041 2669 minus
1066 2604 1112 2680 3⁰,
1138 2609 1200 2675 vel,
1226 2618 1259 2668 nt
1282 2626 1348 2687 ego,
1374 2610 1471 2670 minus
1495 2605 1534 2671 2⁰
1557 2629 1595 2670 ex

237 2694 315 2759 Sole
337 2697 501 2775 inspectus.
550 2698 596 2757 Ac
620 2717 686 2758 cum
706 2697 829 2758 Saturni
854 2698 983 2757 altitudo
1008 2698 1049 2758 sit
1072 2697 1212 2775 decupla,
1241 2697 1328 2757 Jovis
1352 2698 1510 2777 quirrtnpla
1532 2698 1593 2760 cir-

238 2785 327 2859 citer,
353 2805 391 2845 ex
414 2784 546 2847 Saturno
571 2786 662 2864 igitur
684 2788 822 2865 inspecta
846 2794 951 2846 nostra
975 2787 1062 2846 Luna
1085 2804 1142 2845 non
1167 2787 1246 2846 ultra
1275 2783 1325 2848 18¹
1340 2788 1389 2848 vel
1410 2783 1458 2847 12‘
1482 2787 1595 2866 poterit

238 2874 395 2936 eTellure
415 2874 578 2947 discedere,
604 2894 641 2934 ex
655 2875 732 2935 Jove
756 2876 794 2935 ad
819 2870 872 2935 361
888 2876 936 2935 vel
951 2870 1022 2936 24⁴:
1047 2894 1104 2954 qno
1128 2883 1218 2953 pacto
1242 2884 1291 2935 est
1314 2876 1378 2953 ejus
1402 2876 1480 2937 ratio
1503 2877 1593 2955 plane

237 2963 347 3026 eadem
371 2962 522 3024 Saturniis
546 2971 578 3023 et
600 2963 697 3024 Joviis
723 2964 842 3036 incolis,
875 2982 951 3042 quae
975 2965 1164 3041 planetarum
1187 2963 1483 3026 circum-Jovialium
1506 2964 1593 3027 nobis

238 3052 448 3113 Terrestribns
481 3052 637 3113 creaturis.
693 3053 758 3114 Nec
791 3052 907 3113 abludit
939 3053 1153 3132 magnitudinis
1186 3053 1273 3113 ratio.
1319 3052 1396 3115 Esto
1429 3054 1527 3129 enim,
1561 3062 1596 3114 nt

236 3142 406 3221 parallaxis
430 3140 511 3202 Solis
539 3141 582 3202 sit
604 3136 646 3215 3‘,
681 3142 738 3202 etsi
768 3142 862 3202 multo
891 3140 1035 3201 minorem
1064 3161 1131 3202 esse
1159 3151 1279 3220 putem,
1313 3143 1407 3203 Terra
1436 3143 1529 3222 igitur
1556 3161 1595 3203 ex

237 3228 312 3292 Sole
336 3229 476 3308 inspecta
498 3230 623 3290 habebit
646 3226 688 3301 δ’,
721 3231 808 3291 Luna
840 3229 955 3313 sesqui..
997 3229 1061 3289 Imo
1085 3231 1199 3303 Terra,
1233 3233 1326 3292 multo
1359 3232 1467 3301 minor,
1501 3232 1594 3293 etiam

237 3318 347 3383 Lunae
371 3318 513 3398 relinquit
536 3319 652 3392 minus,
677 3338 782 3398 nempe
808 3338 865 3378 non
893 3317 929 3381 i‘.
978 3317 1079 3397 Atque
1113 3318 1170 3378 boc
1201 3337 1239 3379 ex
1262 3318 1394 3381 Saturno
1426 3321 1595 3399 inspectum

237 3404 283 3472 6¹¹
307 3409 388 3469 forte
412 3407 570 3482 videbitur,
596 3426 633 3467 ex
654 3408 732 3468 Jove
760 3403 833 3468 12¹¹.
881 3407 974 3466 Plane
1000 3406 1090 3485 igitur
1114 3406 1157 3467 sic
1182 3415 1245 3481 est,
1280 3409 1358 3487 qnod
1382 3408 1468 3469 nobis
1492 3409 1594 3469 estin

236 3496 362 3559 Tellure
385 3504 490 3556 nostra
513 3496 611 3569 Luna,
634 3495 690 3557 hoc
723 3515 781 3556 non
815 3502 862 3555 est
885 3494 984 3574 globis
1008 3495 1135 3564 ceteris,
1169 3503 1201 3555 et
1230 3497 1307 3575 quod
1330 3497 1400 3558 Jovi
1431 3505 1502 3558 sunt
1524 3496 1595 3557 illae

236 3594 372 3667 quatuor
396 3585 524 3657 lunulae,
550 3584 581 3645 id
604 3603 661 3645 non
687 3592 758 3646 sunt
779 3584 880 3657 nobis,
907 3591 939 3644 et
967 3582 1100 3645 vicissim
1132 3583 1259 3663 singulis
1282 3585 1471 3664 planetarum
1496 3583 1596 3664 globis

235 3692 401 3752 eorumque
432 3673 538 3734 incolis
575 3674 621 3734 sui
659 3674 796 3736 serviunt
838 3673 1045 3733 circulatores.
1105 3672 1152 3733 Ex
1186 3692 1245 3751 qua
1281 3673 1520 3735 consideratione
1558 3674 1595 3733 de

235 3762 348 3825 ineolis
370 3760 540 3823 Jovialibns
571 3782 687 3823 summa
718 3762 932 3842 probabilitate
956 3761 1174 3831 concludimus,
1206 3761 1282 3840 quod
1316 3762 1434 3843 quidem
1467 3772 1499 3825 et
1530 3762 1595 3844 Ty·

234 3852 330 3915 eboni
352 3851 472 3912 Brabeo
509 3871 548 3912 ex
585 3853 652 3913 sola
687 3852 929 3914 consideratione
962 3850 1118 3912 vastitatis
1155 3851 1271 3911 illomrn
1308 3852 1463 3930 globorum
1500 3870 1595 3932 aeque

235 3940 340 4003 visum
363 3940 430 4001 luit.
476 3939 623 4020 Adeoque
647 3949 679 4002 et
701 3941 756 4002 hoc
780 3940 975 4020 argutissime
997 3939 1198 4001 Wackherius
1221 3941 1344 4016 monuit,
1369 3941 1462 4004 etiam
1484 3941 1594 4004 Jovem

234 4029 324 4095 eirea
346 4048 433 4090 snum
456 4029 537 4091 volvi
560 4049 647 4091 axem
680 4037 714 4091 nt
745 4038 880 4092 nostram
904 4030 1074 4103 Tellurem,
1108 4036 1140 4090 ut
1171 4029 1210 4089 ad
1241 4030 1325 4091 illam
1354 4032 1594 4094 convolutionem

235 4116 363 4201 gyratio
386 4118 439 4180 illa
462 4113 650 4180 dLunarum
673 4128 826 4198 sequatur,
851 4118 896 4179 uti
919 4118 958 4179 ad
981 4128 1102 4179 nostrae
1117 4117 1245 4180 Telluris
1261 4119 1447 4200 gyrationem
1471 4126 1593 4182 nostrae

236 4208 351 4271 Lunae
373 4206 529 4268 conversio
551 4208 582 4269 in
607 4208 733 4268 eandem
754 4210 878 4286 plagam
900 4206 1210 4287 seqniturt'adeoque
1234 4227 1311 4269 nunc
1327 4209 1445 4270 demum
1468 4229 1500 4270 se
1524 4227 1593 4269 cre·

238 4296 316 4361 dere
339 4295 507 4358 rationibus
531 4294 722 4376 magneticis,
754 4296 860 4375 quibus
884 4294 913 4357 in
937 4314 1050 4375 nupero
1074 4315 1140 4356 meo
1168 4297 1311 4377 physicae
1339 4295 1481 4358 coelestis
1509 4315 1593 4357 com-

234 4384 391 4449 mentario
415 4390 459 4454 (ds
477 4399 546 4442 motu
564 4392 754 4444 cellaonicus
771 4391 831 4456 eap.
847 4389 879 4440 ³3
898 4390 944 4452 ss.)
967 4385 1117 4446 volutione
1134 4383 1216 4446 Solis
1239 4385 1320 4446 circa
1343 4405 1431 4447 axem
1454 4391 1486 4445 et
1508 4385 1595 4464 polos

236 4473 380 4555 eorporis
403 4493 512 4536 causas
536 4484 666 4536 motuum
691 4473 925 4553 planetariorum
958 4472 1108 4551 expedivi.
1153 4472 1302 4535 Nimirum
1326 4475 1376 4547 (nt
1397 4480 1430 4535 tu
1454 4468 1594 4535 Galilaea

234 4563 366 4645 pulchre
399 4563 508 4636 infers)
540 4565 566 4626 si
593 4565 701 4625 Jovem
732 4563 877 4624 curriculo
912 4560 952 4624 12
975 4579 1119 4623 annorum
1150 4570 1328 4642 occupatum
1356 4558 1595 4624 dcirculatores

234 4658 393 4734 neptae
417 4653 552 4732 cingent,
578 4651 647 4732 qnid
672 4651 793 4713 absurdi
818 4650 895 4711 dixit
918 4648 1120 4730 Cepernicns,
1144 4650 1268 4725 Telluri,
1299 4651 1369 4713 dnm
1392 4669 1489 4713 annno
1513 4658 1596 4713 motu

234 4741 329 4817 redit,
355 4760 446 4803 unam
469 4741 587 4803 Lunam
610 4741 715 4802 eadem
739 4739 856 4803 ratione
880 4739 1109 4801 adhaerescere.

333 4827 417 4902 Quid
439 4830 550 4910 igitur,
584 4830 720 4909 inquies,
748 4828 775 4891 si
805 4836 875 4889 sunt
902 4828 932 4889 in
956 4828 1040 4889 coelo
1064 4826 1146 4907 globi
1170 4826 1283 4889 similes
1307 4834 1430 4890 nostrae
1454 4825 1594 4903 Telluris,

235 4936 319 4983 me
342 4918 436 4999 igitur
468 4919 619 4981 cumillis
642 4919 672 4981 in
696 4924 848 4980 certamen
880 4915 1030 4992 venimus,
1063 4916 1123 4978 utri
1155 4915 1307 4979 meliorem
1339 4914 1439 4978 mundi
1470 4916 1595 4997 plagam

236 5007 390 5073 meanti
436 5007 518 5071 Nem
540 5007 568 5070 si
595 5005 757 5070 nobiliores
788 5005 907 5068 illerum
939 5003 1039 5084 globi,
1076 5021 1137 5067 nen
1169 5022 1271 5069 sumes
1302 5022 1358 5070 nos
1390 5013 1597 5070 creaturarum
