3692 5842
239 471 282 540 46
658 470 758 520 Literae
777 468 879 534 Kaplad
897 469 1047 534 adsumtae
1065 477 1167 522 mamae

240 673 328 726 vcra,
353 658 476 730 propter
498 647 663 728 perspicilli
686 645 858 708 sensibilem
881 647 1102 726 proportionem
1127 648 1166 709 ad
1189 647 1273 709 risum
1295 645 1498 709 latitudinem.
1528 645 1598 706 Hoc

240 753 292 803 est
309 740 471 802 maximum
497 745 703 815 argumentum
727 754 863 815 promea
886 754 979 797 causa
1003 735 1161 797 locationis
1183 736 1339 816 imaginis:
1363 734 1417 796 sed
1441 733 1597 796 latitudini

240 830 372 910 pupillae
396 826 553 898 adimitur,
579 826 657 904 quod
681 826 708 886 ei
732 842 789 903 ego
813 823 920 886 tribuo.
966 823 1045 886 Nam
1068 833 1138 885 tene
1161 843 1267 886 carum
1296 821 1503 904 perspicillum
1525 821 1597 883 uni·

242 937 308 980 cum
331 916 460 978 medium
485 914 563 975 inter
577 913 693 974 oculum
708 921 740 974 et
753 931 896 994 papymm
917 913 1014 975 literis
1033 913 1187 992 scriptam,
1207 912 1338 993 nihilque
1353 930 1485 986 moveas,
1509 910 1597 973 oculo

242 1026 300 1069 uuo
316 1013 422 1085 aperto
437 1003 511 1064 nihil
526 1001 676 1063 videbitur
689 1002 800 1063 elevari
816 1002 913 1080 portio
928 1020 982 1080 per
995 1002 1199 1081 perspicillum
1215 1010 1411 1081 transponens
1425 1020 1446 1061 a
1458 999 1598 1080 portione

243 1091 460 1165 circumstanti,
486 1098 610 1171 utroque
635 1092 719 1153 oculo
743 1098 847 1170 aperto
871 1090 977 1151 statim
1001 1089 1168 1152 elevabitur
1191 1091 1291 1171 imago
1314 1090 1483 1170 scripturae
1506 1105 1598 1169 supra

242 1185 366 1264 planum
388 1199 478 1241 verae
502 1179 678 1258 scripturae.
726 1178 915 1241 Contrarium
940 1181 977 1241 de
1001 1180 1152 1240 convenis.

334 1272 438 1350 ltaque
467 1287 525 1329 non
558 1274 674 1329 tautum
705 1267 845 1329 consistit
875 1287 943 1329 mea
966 1288 1058 1329 causa
1085 1275 1191 1329 contra
1214 1276 1296 1330 tuum
1320 1268 1446 1330 arietem
1468 1285 1524 1348 per
1545 1283 1597 1326 re·

247 1360 409 1424 fractiones
434 1357 601 1437 impulsum,
626 1358 679 1418 sed
703 1357 824 1436 insuper
847 1364 879 1417 et
905 1365 1029 1436 pugnat.
1077 1355 1222 1428 Quamvis
1246 1366 1278 1420 et
1300 1357 1329 1418 in
1353 1354 1597 1427 retractionibus,

247 1469 323 1530 quae
347 1447 375 1508 in
400 1445 531 1507 densiori
554 1446 661 1520 medio,
697 1447 775 1507 idem
805 1453 903 1506 tecum
927 1446 1030 1506 thema
1060 1445 1180 1506 detendi
1202 1465 1262 1507 non
1285 1446 1383 1508 minus
1402 1463 1493 1526 quam
1516 1443 1599 1524 prins

246 1539 277 1600 in
301 1535 445 1616 speculis,
464 1534 524 1596 imo
549 1553 602 1614 per
621 1536 740 1596 eosdem
765 1534 882 1609 modos,
907 1543 941 1595 ut
964 1534 1049 1595 vides
1074 1533 1148 1613 Cap.
1163 1535 1218 1608 lll,
1235 1533 1266 1597 2.
1291 1554 1374 1616 prop.
1403 1530 1456 1598 ¹9.
1494 1534 1598 1611 Imago

246 1626 288 1690 ibi
312 1625 374 1686 exit
397 1643 413 1685 e
437 1624 573 1697 catheto,
599 1631 632 1685 at
655 1644 709 1686 nec
732 1642 862 1702 semper,
887 1641 941 1683 nec
966 1639 1085 1703 semper
1106 1624 1298 1686 sensibiliter.

335 1714 547 1779 Brenggerus:
576 1713 675 1762 Accede
703 1712 818 1768 adalia,
847 1726 911 1775 quac
940 1711 1045 1761 breviter
1062 1726 1209 1775 percurram.
1247 1712 1328 1762 Multa
1346 1719 1405 1761 sunt
1422 1708 1556 1774 praeclara
1573 1715 1600 1758 et

248 1785 441 1852 ingeniosissime
459 1786 573 1840 inventa,
593 1798 657 1848 quae
675 1784 734 1832 libro
753 1789 795 1831 tuo
813 1784 952 1837 inseruisti,
972 1797 1072 1846 quornm
1091 1782 1196 1833 lectione
1214 1782 1282 1834 haud
1300 1797 1386 1847 parum
1405 1796 1446 1831 me
1463 1780 1599 1846 proiecisse

247 1859 340 1921 tibique
357 1854 405 1905 hoo
422 1854 541 1906 minereal
560 1855 649 1905 debers
667 1855 753 1904 labens
770 1854 865 1909 tateor,
894 1868 941 1903 nec
961 1853 1044 1902 dubito
1064 1855 1121 1918 quin
1140 1861 1166 1903 et
1184 1855 1239 1904 aliis
1257 1855 1399 1904 matheseos
1416 1852 1534 1902 emelinde
1552 1851 1600 1900 iata

248 1929 320 1979 labor
337 1933 394 1976 tuus
412 1927 445 1975 sit
462 1932 490 1977 et
506 1926 626 1977 arrisurns
644 1933 670 1977 et
687 1925 817 1990 plurimum
832 1924 948 1973 utilitatis
968 1924 1096 1974 allaturus.
1127 1922 1272 1975 Naturae
1294 1926 1377 1976 lucie
1396 1923 1557 1988 investigatio
1574 1927 1600 1972 et

249 1999 380 2064 explicatio
398 1998 474 2061 primo
494 1998 576 2060 capita
594 1999 718 2062 proposita
740 1997 840 2060 elegans
863 2002 900 2044 est
919 2002 946 2044 et
956 1996 1094 2060 ingeniosa.
1119 1995 1212 2045 Verum
1225 2011 1271 2062 ego
1290 1997 1523 2046 retractionem
1538 1993 1600 2044 luds

245 2087 294 2121 noa
323 2084 340 2119 a
363 2069 546 2134 superficie
570 2069 687 2132 displieni
710 2069 754 2118 sed
777 2073 866 2116 atota
890 2069 944 2128 ejus
969 2066 1140 2116 soliditate
1162 2068 1215 2117 deri
1238 2074 1312 2132 putor
1337 2067 1402 2132 quod
1419 2067 1456 2116 ato
1483 2065 1597 2116 mdo:

247 2143 305 2192 Esto
333 2155 419 2204 corpus
444 2156 534 2197 unum.
560 2144 703 2192 continuum
731 2147 757 2189 et
784 2137 935 2200 diaphanum
954 2137 1000 2188 Kc
1018 2153 1068 2188 non
1085 2139 1175 2202 ubique
1192 2141 1265 2190 auius
1284 2139 1428 2198 densitatis,
1460 2137 1508 2187 aad
1534 2138 1601 2188 circa

774 2208 927 2271 superficiem
945 2210 1036 2266 rarius.
1065 2211 1091 2258 in
1109 2210 1184 2259 tundo
1202 2211 1313 2269 densius,
1338 2211 1364 2260 in
1383 2208 1465 2260 medio
1481 2207 1600 2264 medin·

774 2285 800 2328 et
817 2279 900 2328 radius
919 2278 981 2328 lucis
1000 2277 1096 2344 oblique
1115 2280 1225 2330 incidens
1243 2282 1277 2331 sit
1288 2279 1342 2330 ΔΝ.
1368 2279 1469 2341 Quaero
1482 2292 1516 2330 an
1527 2275 1609 2342 buiu‘

772 2350 889 2399 retractio
908 2352 941 2399 sit
957 2351 1041 2400 tutura
1060 2350 1148 2400 eadem
1167 2358 1193 2401 et
1209 2352 1337 2402 uniformis
1355 2365 1399 2416 per
1411 2356 1492 2402 totum
1512 2361 1600 2414 corpus

668 2469 672 2480 ,
774 2416 1056 2486 abNusqueain
1093 2422 1161 2471 ldsi
1189 2422 1470 2480 etlirnras,eritdausi
1497 2427 1526 2471 et
1551 2419 1600 2470 rael

774 2492 862 2541 eadem
879 2493 1011 2551 retractio,
1030 2494 1094 2557 quod
1113 2501 1152 2544 est
1164 2494 1303 2544 absurdum.
1341 2492 1386 2544 Sia
1402 2507 1485 2559 negas
1506 2499 1535 2542 et
1553 2491 1601 2542 d·

773 2577 858 2613 norem
876 2564 939 2613 tacis
958 2564 1076 2629 angulum
1094 2566 1249 2616 retractionis
1262 2567 1287 2616 in
1300 2564 1361 2621 n'0.
1378 2567 1499 2627 malorem
1511 2565 1539 2614 in
1547 2559 1600 2620 01’·

773 2636 908 2684 marimum
928 2635 952 2683 iu
971 2635 1028 2696 PQ,
1048 2635 1127 2688 habeo
1146 2637 1212 2702 quod
1229 2636 1296 2698 rolo,
1314 2637 1344 2685 fit
1361 2637 1427 2688 enim
1445 2634 1600 2686 nfrafflouis

773 2707 879 2755 mutatio
899 2706 924 2753 in
944 2707 998 2768 ipsa
1017 2708 1123 2770 corporis
1142 2707 1323 2771 profunditate,
1342 2707 1384 2757 ubi
1395 2703 1600 2772 superlicieiml-

772 2776 811 2825 lua
831 2782 870 2826 est
887 2776 972 2835 locus,
992 2777 1110 2841 siquidem
1130 2793 1217 2844 corpus
1236 2777 1387 2842 diaphannm
1404 2779 1504 2844 ponitur
1522 2777 1600 2828 wull-

774 2862 850 2896 nnum
878 2846 952 2896 nullis
978 2848 1153 2912 superficiebus
1180 2851 1349 2901 intersectum.
1386 2849 1458 2900 nude
1486 2848 1553 2914 quod
1575 2853 1603 2898 et

774 2918 982 2983 perpendicularis
995 2918 1079 2969 radius
1092 2935 1108 2969 a
1120 2922 1268 2972 rotracfioue
1280 2937 1330 2971 nou
1343 2927 1382 2974 cst
1398 2922 1525 2978 immunis,
1543 2919 1602 2970 liae

774 2990 849 3053 optici
878 2989 951 3038 aliter
969 2990 999 3039 de
1025 3005 1054 3039 eo
1073 2997 1195 3042 statuant.
1232 2991 1353 3044 Nummus
1381 2994 1446 3042 enirn
1473 2993 1500 3042 iu
1526 2989 1602 3042 tunde

706 3097 714 3110 .
775 3062 840 3109 rasis
864 3061 936 3109 vacui
954 3061 1061 3124 positus,
1091 3064 1123 3112 ab
1141 3063 1212 3113 oculo
1230 3065 1335 3129 desuper
1352 3063 1420 3113 illurn
1438 3071 1508 3114 recte
1525 3061 1601 3125 luant·

776 3133 856 3180 ciente
875 3133 983 3181 ccrnitur
1000 3133 1026 3180 in
1044 3147 1103 3182 rera
1121 3134 1248 3184 distantia.
1284 3135 1342 3185 Janr
1360 3137 1381 3185 ai
1399 3148 1468 3200 aqua
1484 3132 1601 3184 tutanda·

775 3211 829 3258 tur,
857 3202 952 3251 ridebis
979 3205 1088 3266 speciem
1115 3208 1168 3267 ejus
1195 3205 1227 3255 ad
1256 3208 1334 3256 risum
1351 3207 1451 3272 propius
1469 3205 1600 3262 atttdflt.

777 3272 918 3338 retringitur
939 3289 1011 3339 ergo,
1038 3274 1083 3324 sed
1108 3277 1221 3326 retractio
1246 3292 1296 3326 non
1321 3278 1350 3326 lit
1373 3279 1399 3327 in
1422 3277 1555 3342 superlicio
1571 3273 1603 3326 ab

249 3359 371 3403 mutatum
392 3348 510 3414 angulum
528 3344 678 3395 incidentiae
697 3345 723 3392 in
742 3344 887 3402 retractum,
916 3344 1135 3408 quodhiclocum
1155 3347 1312 3398 nonhabet:
1338 3350 1414 3414 igitar
1433 3364 1448 3398 a
1467 3348 1602 3399 soliditate·

250 3430 284 3476 st
302 3425 384 3478 dices,
402 3421 499 3470 oculum
518 3417 569 3467 tulli
589 3422 614 3465 ct
632 3415 683 3464 tale
696 3414 754 3478 quid
773 3416 903 3479 imaginari
921 3417 967 3464 sibi
986 3418 1080 3472 renas,
1099 3431 1173 3482 quam
1191 3417 1280 3470 ridere.
1318 3419 1384 3470 Ecce
1402 3421 1479 3485 igitur
1496 3431 1603 3484 nqueo·

249 3497 404 3562 diagram
416 3489 470 3556 (fig.
485 3487 539 3550 27).
566 3488 626 3536 Esto
638 3488 660 3534 A
671 3487 757 3536 oculus
775 3487 801 3535 in
820 3491 876 3535 atre
895 3488 1015 3536 existens:
1035 3488 1082 3539 KB
1095 3489 1236 3553 superficies
1254 3505 1349 3555 aquae,
1368 3491 1411 3541 ‘l'L
1425 3491 1528 3542 lundam
1541 3493 1602 3554 alu

247 3568 306 3619 Jam
324 3567 391 3617 tacto
409 3559 582 3629 perpendiculo
602 3557 669 3607 ABL
688 3559 870 3620 constitutoque
895 3558 986 3623 angulo
1005 3558 1070 3608 BAC
1091 3557 1152 3616 10⁰.
1178 3561 1248 3611 BAD
1268 3561 1330 3622 20⁰,
1359 3562 1428 3612 ΒΔΕ
1447 3560 1508 3622 30“’,
1536 3560 1603 3612 BA?

252 3635 301 3689 40ο
320 3645 346 3688 et
363 3637 398 3686 sic
418 3635 534 3697 deinceps
551 3645 596 3695 per
613 3629 741 3679 denarium
761 3628 933 3677 ascendendo:
952 3629 1041 3679 deinde
1060 3632 1156 3696 angulis
1174 3635 1327 3684 retractionis
1343 3638 1416 3697 juxta
1433 3645 1604 3684 mensurans

249 3711 286 3762 'l'e
304 3709 480 3775 praescriptam
499 3703 567 3766 (cap.
582 3700 626 3750 lv.
638 3697 663 3748 d.
676 3715 743 3764 prop.
757 3697 785 3760 8)
805 3701 935 3755 assumtis,
954 3702 1068 3750 nimimm
1087 3701 1157 3752 XCM
1176 3700 1207 3753 2⁰
1225 3701 1281 3754 26’.
1305 3704 1376 3755 uult
1396 3702 1428 3754 4⁰
1446 3703 1504 3769 ὅθ’,
1532 3701 1603 3754 ΖΕΘ

250 3780 280 3829 7⁰
299 3779 350 3839 ⁴9¹,
371 3777 438 3827 Al?
458 3773 505 3823 11⁰
524 3773 563 3829 2¹.
585 3770 655 3832 OGQ
676 3768 791 3828 “⁰⁴⁸2
812 3765 1009 3827 1stlB19⁰8‘‚
1037 3771 1095 3821 ‹nls
1115 3770 1162 3820 24υ
1182 3773 1232 3832 ll‘,
1259 3773 1415 3827 ¹1¹KT30⁰.
1443 3789 1549 3827 necesse
1566 3781 1606 3826 eat

252 3867 296 3916 per
314 3851 486 3900 redactionem
505 3851 624 3910 punctum
643 3842 711 3891 tundi
730 3841 757 3891 ll
777 3855 895 3905 apparere
914 3843 939 3890 in
958 3843 998 3896 X.
1017 3842 1041 3891 N
1059 3845 1084 3892 in
1108 3845 1143 3904 Y,
1166 3844 1190 3893 0
1208 3847 1233 3895 ln
1251 3847 1287 3903 Z,
1306 3845 1327 3896 P
1344 3849 1368 3896 in
1389 3847 1428 3904 A.
1448 3846 1515 3907 Qua
1535 3841 1605 3900 &B

251 3926 278 3972 in
297 3921 336 3977 11,
356 3919 374 3969 S
392 3920 418 3969 ln
439 3918 478 3975 Φ,
498 3916 519 3964 Τ
537 3916 562 3964 ln
583 3915 622 3962 ¹1¹:
646 3921 720 3978 atque
739 3912 802 3962 adeo
821 3923 915 3975 partem
944 3913 1013 3961 tundi
1031 3913 1081 3962 TM
1099 3930 1218 3979 apparere
1237 3918 1262 3966 in
1281 3918 1414 3968 conchoide
1433 3919 1536 3968 sinuosa
1554 3917 1603 3966 ele·

253 3999 336 4042 eatam
366 3984 596 4038 ΨΦῙΙΘΔΖΥΧ.
631 3984 722 4033 Restat
746 3985 824 4047 portio
843 3984 908 4036 lli..
937 3998 1001 4046 quae
1020 3986 1128 4034 nondum
1150 3987 1230 4038 locum
1249 3989 1342 4039 invenit
1359 3989 1475 4054 imaglnl;
1504 4001 1604 4052 quum.

252 4077 325 4128 qm
343 4063 378 4112 1111
396 4061 529 4125 largiturus
546 4058 594 4105 als:
613 4063 695 4106 utrum
714 4054 767 4104 XV
786 4069 819 4104 au
838 4055 909 4103 XL?
947 4053 973 4104 Si
992 4055 1070 4112 banc.
1089 4056 1160 4107 hiatu
1179 4058 1280 4108 deformi
1298 4060 1396 4109 sitiabis
1414 4065 1495 4109 totam
1511 4059 1604 4110 ruht

252 4136 326 4186 tionis
344 4134 461 4199 speciem,
479 4135 578 4194 praetm
594 4128 629 4185 id,
647 4125 712 4191 quod
730 4127 881 4189 experientia
899 4125 977 4175 ubivis
996 4127 1068 4177 obvia
1085 4137 1163 4194 negat
1180 4129 1231 4181 tals
1242 4130 1302 4194 quid
1319 4132 1434 4194 spectari,
1463 4129 1509 4182 sm
1526 4129 1605 4188 iliu.

250 4219 308 4256 mea
319 4212 371 4255 stat
383 4203 517 4261 nnuntia,
536 4198 601 4265 quod
614 4197 697 4248 radius
715 4196 923 4262 perpendicularis
937 4198 1013 4247 etiam
1026 4199 1198 4250 retractionem
1215 4203 1334 4265 patiatur,
1353 4201 1473 4252 elevando
1486 4201 1509 4252 L
1527 4203 1554 4250 in
1566 4199 1604 4252 Vt

252 4285 278 4328 et
295 4276 359 4329 haee
376 4275 455 4339 portio
474 4269 527 4320 XV
545 4277 613 4320 recte
632 4269 792 4319 continuatur
810 4282 865 4316 cum
884 4266 981 4332 reliqua
997 4269 1063 4333 prius
1085 4271 1192 4321 lormata
1218 4271 1286 4322 linea
1307 4273 1407 4328 ΨΦΧ.
1435 4279 1465 4324 nt
1491 4271 1607 4338 pertenta

250 4350 283 4398 ait
301 4355 327 4398 et
345 4346 459 4396 absoluta
477 4341 545 4392 tundi
563 4342 647 4405 lrnago
660 4339 720 4388 ΨΥ.
758 4337 848 4386 Viden·
866 4344 902 4394 tu,
921 4337 961 4388 hio
979 4345 1026 4389 tua
1043 4341 1163 4405 principia
1180 4343 1327 4394 labetactarl
1345 4344 1543 4396 atrctractionea
1554 4355 1605 4394 naa

253 4419 285 4469 ab
305 4418 448 4484 angulorum
467 4416 535 4464 circa
552 4412 705 4476 superficiem
724 4409 841 4472 diapbani
860 4411 1030 4461 contractione
1040 4419 1084 4462 aut
1097 4413 1251 4472 dilatatione,
1270 4414 1314 4464 sed
1329 4415 1361 4464 ab
1373 4416 1510 4481 imaginum
1521 4422 1604 4466 traua

252 4492 287 4540 itu
306 4505 360 4541 ease
379 4483 548 4539 definiendas?

340 4561 542 4640 Keplerus:
568 4555 615 4616 De
631 4552 811 4614 retractione
836 4550 911 4612 lucis
927 4572 946 4612 a
960 4553 1115 4617 soliditate
1140 4576 1186 4620 me
1206 4557 1399 4620 vehementer
1421 4575 1527 4636 urges;
1551 4555 1606 4619 sed

251 4650 367 4734 pridem
386 4650 452 4730 jam
476 4647 505 4708 in
536 4644 593 4706 hac
617 4641 753 4704 buccella
776 4639 971 4720 deglutienda
993 4642 1137 4720 laboravi,
1161 4667 1231 4709 nam
1256 4648 1367 4710 attinet
1390 4647 1488 4727 ipsum
1513 4653 1607 4726 caput

252 4738 466 4821 disputationis
498 4743 596 4808 (comp.
623 4741 684 4806 cap.
703 4739 741 4796 1..
775 4755 842 4805 prop.
864 4735 922 4798 12).
976 4730 1010 4793 Si
1051 4735 1129 4797 enim
1169 4754 1242 4799 vera
1284 4747 1332 4798 est
1366 4747 1421 4798 tua
1459 4735 1605 4814 objectio,

254 4828 411 4890 mmcrarie
436 4846 482 4888 me
506 4827 699 4890 Rothmauuo
724 4832 755 4884 et
774 4821 907 4902 Tychoni
932 4823 1110 4900 opposuisse
1133 4825 1245 4887 videor.
1281 4825 1345 4888 Sed
1367 4825 1444 4887 lianc
1467 4823 1607 4886 nltimam

253 4916 452 4996 suspicionem
475 4916 558 4995 prius
582 4916 706 4978 diluam.
754 4911 832 4973 lllud
856 4910 1015 4985 fateberis,
1041 4913 1067 4975 si
1091 4914 1169 4976 intra
1192 4913 1323 4977 crassior
1345 4921 1412 4990 adr,
1436 4911 1607 4994 aequabili-

253 5015 301 5070 tcr
324 5001 461 5066 diffusam
480 5004 564 5066 illam
588 5000 757 5064 crassitiem
774 4999 855 5063 circa
868 4999 1008 5062 Terram:
1033 5011 1068 5066 ut
1090 5011 1121 5064 et
1134 5002 1285 5082 puriorem
1299 5009 1411 5068 aerem.
1439 5001 1507 5066 lloo
1521 5001 1607 5076 dno,
