3692 5842
1609 484 1993 554 Paralipomoua
2026 490 2078 539 in
2116 488 2449 541 Vitelliorum.

1210 664 1342 724 illo
1400 674 1673 742 puncto
1731 665 2061 746 propius.
2149 676 2413 743 (Vocibus
2465 694 2828 749 conver-gere.
2890 677 3217 752 diremerit,
3276 687 3406 733 utor

1216 754 1511 808 brevitatis
1555 771 1731 809 causa
1771 758 1839 809 de
1883 759 2066 821 rectis,
2112 774 2255 828 quae
2283 757 2329 810 si
2372 760 2749 827 producantur
2787 758 3123 831 altrobique,
3167 759 3224 813 in
3266 760 3405 814 iden

1212 850 1402 887 omnes
1446 845 1710 905 punctum
1754 837 2186 902 concurrerent.)
2291 835 2391 896 Sit
2455 846 2660 897 centro
2724 860 2766 897 α
2828 837 3045 917 globus
3109 837 3406 900 densioris

1213 922 1393 983 medii
1444 920 1531 997 βζ,
1581 924 1639 984 in
1691 944 1805 1003 quo
1854 927 1947 1000 βλ,
1996 950 2079 1004 yn,
2127 930 2202 999 δι,
2249 930 2348 998 σθ,
2400 920 2467 1002 Cn
2511 934 2885 1003 convergant
2928 926 3006 987 ad
3052 948 3118 988 n.
3196 926 3285 988 Et
3326 926 3407 987 sit

1212 1011 1337 1088 βαπ
1382 1010 1534 1074 axis.
1629 1012 1793 1092 Ergo
1840 1032 1950 1092 per
1996 1014 2307 1094 superiora
2352 1007 2419 1091 ζη
2464 1013 2829 1092 refringetur
2871 1014 2930 1076 in
2966 1035 3061 1091 ηο,
3110 1024 3179 1075 et
3222 1018 3307 1076 ιθ
3349 1015 3405 1075 in

1211 1097 1316 1172 θξ,
1367 1108 1431 1160 et
1477 1105 1532 1161 δι
1577 1100 1638 1161 in
1688 1123 1755 1175 cv,
1807 1113 1872 1163 et
1915 1126 1978 1181 yn
2024 1104 2081 1166 in
2132 1127 2226 1179 κμ.
2322 1100 2518 1181 Cupio
2580 1121 2791 1165 omnes
2850 1103 3060 1165 radios
3105 1105 3169 1165 iu
3228 1121 3405 1164 unum

1211 1195 1500 1268 punctum
1549 1189 1858 1268 colligere.
1935 1189 2106 1269 Opus
2152 1191 2338 1272 igitur
2392 1193 2535 1254 mihi
2598 1192 2717 1254 erit
2759 1193 2818 1254 iu
2864 1216 2911 1264 ι,
2960 1215 2997 1255 ιι
3037 1192 3408 1255 refractione

1211 1276 1447 1355 majori,
1496 1287 1566 1339 ut
1612 1301 1706 1354 κμ,
1756 1301 1807 1339 ιν
1853 1279 2029 1341 citius
2079 1299 2209 1341 cum
2256 1301 2343 1342 απ
2386 1288 2638 1350 coeant3
2686 1280 2745 1341 in
2790 1285 2861 1354 θ,
2900 1303 2939 1359 q
2983 1299 3126 1343 vero
3172 1281 3408 1343 refrac-

1213 1366 1376 1427 tione
1427 1366 1641 1427 minori
1688 1386 1859 1447 opus,
1909 1377 1977 1429 ut
2023 1368 2312 1430 remotius
2358 1377 2577 1430 coeant
2612 1391 2704 1446 ηο,
2743 1369 2831 1442 θξ
2874 1388 3008 1432 cum
3052 1391 3161 1443 α,
3210 1379 3279 1430 et
3320 1373 3409 1431 sic

1216 1451 1362 1530 οξνμ
1407 1456 1555 1516 fiant
1600 1476 1777 1518 unum
1825 1467 2128 1535 punctum.
2220 1456 2360 1519 Erit
2405 1469 2606 1519 autem
2663 1458 2950 1519 refractio
3004 1457 3205 1536 major
3248 1459 3311 1519 in
3356 1481 3406 1532 a,

1215 1543 1267 1603 si
1314 1566 1376 1622 yn
1420 1544 1717 1624 obliquius
1765 1545 2026 1618 incidat,
2095 1554 2160 1607 et
2204 1547 2397 1608 minor
2440 1547 2500 1608 in
2548 1568 2611 1623 η,
2676 1546 2729 1608 si
2778 1544 2845 1624 ζη
2886 1547 3113 1609 rectius
3177 1547 3409 1609 incidat

1216 1633 1272 1693 in
1331 1633 1726 1712 superficiem.
1818 1636 1911 1696 At
1974 1635 2113 1715 quia
2176 1642 2422 1697 manent
2482 1657 2573 1714 γι,
2623 1631 2723 1712 (q,
2788 1636 3165 1716 superficiem
3226 1636 3408 1714 igitur

1214 1723 1390 1799 ηθικλ
1452 1730 1691 1801 oportet
1755 1724 2006 1799 mutari,
2067 1731 2131 1786 ut
2177 1724 2236 1786 in
2283 1745 2320 1801 η
2365 1742 2479 1787 non
2529 1724 2613 1786 sit
2656 1724 2747 1786 ita
2804 1725 3057 1787 declivis
3103 1724 3185 1785 ad
3231 1721 3304 1801 ζη
3346 1733 3408 1785 ct

1216 1810 1275 1871 in
1324 1834 1356 1871 κ
1401 1810 1691 1873 declivior
1736 1812 1814 1873 ad
1862 1836 1942 1890 yx.
2036 1813 2108 1874 Id
2175 1822 2374 1874 autem
2440 1821 2751 1892 utrumque
2797 1813 2869 1875 fit
2930 1832 3045 1875 non
3110 1830 3224 1892 per
3288 1814 3406 1874 cir-

1216 1900 1412 1961 culum
1460 1899 1640 1960 alium
1690 1910 1872 1980 atque
1919 1901 2136 1974 alium,
2201 1902 2307 1963 sed
2353 1921 2462 1981 per
2524 1902 2768 1964 conicas
2824 1902 3154 1964 sectiones.
3249 1902 3407 1965 Nam

1218 1987 1525 2067 quaelibet
1570 1989 1804 2050 illarum
1854 1998 2061 2068 potest
2105 1991 2387 2052 circulum
2430 1991 2688 2069 aliquem
2733 2007 2943 2052 secare
2972 1990 3033 2053 in
3065 1986 3110 2053 4
3139 1992 3399 2071 punctis.

1218 2076 1378 2138 Vide
1424 2077 1733 2156 Apollonii
1784 2077 1884 2141 lib.
1940 2078 2047 2140 lV.
2095 2097 2264 2161 prop.
2313 2076 2421 2142 25.
2516 2076 2722 2150 Quare
2780 2079 2875 2142 bis
2926 2081 2991 2141 iu
3050 2078 3170 2142 hoc
3216 2081 3406 2141 semi·

1217 2165 1457 2236 circulo,
1505 2166 1597 2227 bis
1646 2167 1703 2228 in
1754 2168 1967 2229 altero.
2062 2165 2293 2229 Secans
2347 2168 2535 2246 igitur
2594 2169 2654 2229 in
2701 2189 2738 2245 η
2781 2168 2901 2243 sic,
2951 2178 3019 2229 ut
3064 2168 3152 2230 ibi
3196 2169 3402 2249 ingre-

1220 2254 1421 2316 diatur
1464 2254 1776 2330 circulum,
1844 2256 2068 2318 rectius
2133 2256 2449 2336 objicietur
2493 2257 2610 2335 ipsi
2655 2253 2749 2333 ηζ,
2812 2257 3066 2319 euudem
3124 2258 3408 2320 circulum

1219 2362 1437 2404 secans
1484 2344 1541 2404 in
1582 2367 1632 2416 κ,
1682 2364 1915 2406 rursum
1965 2363 2211 2424 egressu
2261 2345 2424 2408 facto
2470 2344 2766 2426 obliquius
2812 2345 3134 2426 objicietur
3168 2346 3288 2426 ipsi
3326 2369 3405 2425 γι.

1223 2432 1409 2493 Porro
1476 2451 1549 2492 ex
1615 2433 1839 2495 conicis
1905 2433 2272 2495 sectionibus
2337 2434 2472 2496 sola
2532 2432 2860 2515 hyperbole
2925 2435 3026 2495 vel
3083 2435 3140 2495 ei
3208 2433 3411 2515 aliqua

1100 2581 1104 2589 ,
1217 2520 1494 2599 proxima
1559 2522 1718 2583 linea
1783 2522 2030 2585 metitur
2088 2522 2522 2597 retractiones,
2592 2531 2658 2583 ut
2703 2523 2907 2603 capite
2971 2530 3195 2604 quarto
3238 2541 3302 2584 n.
3349 2521 3407 2585 5.

1220 2618 1317 2670 est
1363 2618 1692 2672 ostensum.
1771 2608 1929 2681 Quin
1978 2613 2091 2674 hoc
2137 2612 2331 2691 ipsum
2378 2611 2459 2672 ibi
2507 2612 2983 2672 demonstratum
3024 2618 3145 2685 eat,
3194 2628 3408 2690 auper-

1218 2697 1411 2760 ficiem
1459 2716 1668 2760 omnes
1715 2700 2087 2762 radiationes
2131 2701 2461 2781 parallelas
2508 2699 2656 2761 foris
2701 2709 3045 2780 cogentem,
3092 2700 3405 2769 conoidea,

1116 2789 1136 2809 ·”
1220 2805 1336 2848 non
1385 2788 1566 2849 aliam
1617 2807 1794 2868 quam
1844 2789 2287 2870 hyperbolicam
2334 2807 2492 2850 esse.

1398 2878 1897 2933 Corollarium.
1954 2880 2096 2933 Hinc
2139 2885 2380 2949 apparet
2421 2877 2710 2933 consilium
2752 2886 2989 2932 naturae
3030 2877 3183 2932 circa
3222 2885 3408 2948 ponte·

1217 2958 1416 3011 riorem
1476 2959 1788 3029 crystallini
1851 2960 2092 3013 humoris
2153 2961 2207 3013 in
2261 2962 2420 3014 oculo
2481 2958 2844 3028 superficiem.
2945 2958 3140 3013 Voluit
3198 2957 3411 3012 scilieet

1218 3039 1517 3107 cujuslibet
1558 3040 1635 3092 rei
1681 3038 1912 3092 visibilis
1964 3040 2301 3094 radiationea
2359 3056 2549 3092 omnes
2605 3038 2891 3108 ingressas
2939 3039 3191 3093 foramen
3235 3053 3409 3092 uveae

1218 3118 1485 3189 colligere
1515 3119 1570 3172 in
1598 3135 1765 3172 unum
1808 3120 2023 3172 retinae
2067 3127 2346 3188 punctum.
2390 3136 2511 3172 cum
2539 3127 2606 3172 ut
2643 3126 2907 3187 punctum
2947 3119 3210 3188 picturae
3253 3127 3409 3173 tanto

1219 3208 1371 3252 esset
1411 3199 1737 3262 evidentius,
1784 3208 1898 3252 tum
1930 3206 1991 3251 ut
2029 3208 2219 3252 cetera
2259 3207 2471 3269 puncta
2509 3199 2764 3267 picturae
2794 3216 2902 3251 uon
2943 3199 3411 3253 confunderentur

1221 3287 1429 3332 temere
1472 3279 1830 3349 vagantibus,
1876 3297 1978 3332 nec
2022 3278 2269 3332 collectis
2313 3277 2510 3333 alienis
2553 3277 2742 3332 radiis.

1396 3361 1654 3427 Apparet
1712 3358 1910 3421 etiam,
1985 3357 2118 3411 nihil
2180 3359 2332 3412 aliud
2396 3358 2587 3430 quaeri
2650 3374 2752 3427 per
2819 3355 3172 3410 laxationem
3235 3372 3411 3410 ureae

1217 3436 1527 3500 foraminis,
1590 3453 1753 3509 quam
1797 3438 1848 3491 id
1893 3439 2035 3509 quod
2096 3454 2267 3509 supra
2326 3438 2469 3503 dixi,
2533 3455 2633 3491 nec
2674 3453 2747 3491 ea
2797 3436 3053 3490 confundi
3115 3437 3409 3507 picturam.

1217 3518 1430 3571 scilicet
1471 3526 1688 3572 tantum
1731 3519 2056 3572 clarescere.

1392 3597 1484 3657 Pr
1500 3616 1632 3675 opo
1649 3598 1828 3658 sitio
1868 3597 2075 3657 XXV.
2154 3595 2468 3666 Quomodo
2498 3596 2651 3657 radii
2691 3602 3129 3674 eonvergentes
3160 3594 3222 3655 in
3259 3596 3410 3656 idem

1217 3694 1499 3765 punctum
1521 3694 1816 3764 cogantur
1834 3687 1891 3746 in
1911 3685 2156 3766 propius
2177 3696 2481 3764 punctum,
2507 3686 2633 3766 jam
2655 3692 2751 3746 est
2774 3684 3172 3763 explicatum.
3194 3682 3414 3745 Danda

1218 3791 1358 3836 vero
1403 3773 1575 3835 nobis
1623 3783 1721 3836 est
1765 3792 1975 3854 opera,
2026 3782 2094 3835 ut
2141 3782 2204 3834 et
2249 3774 2361 3835 hoc
2408 3776 2754 3847 doceamus,
2814 3772 3114 3851 quomodo
3160 3773 3293 3840 fiat,
3341 3784 3415 3833 ut

1215 3862 1333 3942 qui
1388 3872 1561 3923 sunt
1604 3863 1817 3925 intra
1862 3862 2165 3923 medium
2215 3861 2513 3924 densius
2558 3870 3031 3941 convergant
3076 3860 3173 3922 ad
3220 3860 3415 3923 ide-

1213 3960 1595 4032 punctum‚
1645 3952 1761 4033 qui
1810 3961 2052 4012 tamen
2100 3950 2447 4030 primitus
2495 3951 2585 4011 ab
2632 3951 2879 4011 eodem
2927 3959 3203 4029 puncto
3260 3951 3415 4012 flu-

1212 4046 1503 4102 xerunt.
1551 4037 1639 4101 Ut
1666 4040 1716 4101 si
1751 4041 1805 4101 in
1836 4042 2027 4120 figura
2054 4039 2250 4119 priore
2297 4039 2448 4101 radii
2478 4043 2569 4117 λβ,
2603 4062 2680 4117 ny,
2722 4044 2793 4113 ιδ,
2825 4042 2925 4107 Os,
2956 4036 3041 4115 ηζ,
3090 4039 3414 4101 venientes

1214 4129 1293 4191 ab
1339 4126 1549 4190 eodem
1592 4150 1637 4189 π
1680 4138 1922 4210 puncto,
1972 4129 2288 4207 colligendi
2341 4128 2462 4190 sint
2510 4129 2569 4190 in
2616 4128 2776 4189 idem
2811 4151 2848 4188 ν
2892 4138 3200 4207 puuctum.
3260 4126 3415 4191 Cum

681 4231 902 4298 autem,
956 4233 1021 4287 ut
1059 4223 1189 4303 jam
1238 4233 1421 4297 saepe
1468 4217 1711 4292 dictum,
1761 4218 1930 4279 nulla
1976 4217 2317 4279 differentia
2361 4217 2782 4279 refu-actionum
2832 4217 2943 4290 sit,
2994 4217 3127 4278 sive
3176 4217 3412 4296 ingredi

682 4312 948 4374 dicamus
996 4312 1199 4373 radios
1248 4307 1377 4368 sive
1426 4308 1629 4386 egredi
1677 4325 1710 4367 e
1759 4307 1954 4369 medio
1984 4305 2279 4368 densiori:
2329 4305 2445 4366 erit
2492 4305 2675 4385 igitur
2702 4306 3147 4367 demonstratio
3174 4306 3413 4379 eadem,

687 4399 799 4461 hoc
844 4402 977 4463 solo
1026 4402 1266 4472 demto,
1315 4397 1473 4475 quod
1530 4397 1902 4475 superficies,
1969 4414 2120 4476 quae
2171 4395 2555 4474 divergentes
2604 4395 2763 4456 intra
2808 4394 3067 4456 medium
3117 4395 3269 4456 foris
3321 4405 3417 4456 est

682 4489 1064 4569 muigstura,
1113 4487 1348 4550 acutior
1391 4504 1529 4549 esse
1575 4484 1757 4546 debet
1784 4504 1959 4565 quam
1991 4486 2112 4558 illa,
2164 4501 2338 4565 quam
2366 4502 2496 4564 cap.
2529 4483 2646 4544 lv,
2697 4502 2854 4547 num.
2891 4482 2954 4546 5.
3006 4483 3414 4563 investigavi-

685 4596 836 4650 mus‚
888 4598 959 4640 eo
1009 4578 1166 4659 quod
1213 4575 1320 4638 illa
1363 4573 1710 4655 parallelos,
1759 4574 1870 4634 hoc
1918 4582 2012 4634 est
2061 4594 2249 4653 neque
2298 4583 2733 4651 convergeutes
2782 4591 2974 4653 neque
3020 4574 3415 4654 divergentcs

681 4666 866 4746 cogit.
960 4666 1015 4728 E
1060 4664 1366 4728 contrario
1429 4663 1648 4744 igitur,
1703 4681 1859 4742 quae
1916 4669 2349 4742 convergentes
2414 4670 2480 4722 et
2533 4670 2868 4723 annuentes
2932 4662 3096 4724 intra
3158 4663 3410 4725 densius

682 4755 940 4818 medinm
989 4753 1136 4816 foris
1181 4761 1280 4815 est
1323 4762 1610 4814 coactura
1646 4750 1918 4823 celerius,
1970 4751 2084 4813 erit
2112 4751 2385 4812 obtusior
2419 4769 2599 4830 quam
2636 4750 2745 4812 illa
2778 4751 3017 4832 capitis.
3055 4752 3167 4815 lv.
3222 4750 3416 4814 Cete-

683 4859 812 4904 rum
857 4859 1050 4923 neque
1094 4859 1278 4905 sensu
1325 4839 1611 4920 distingui
1658 4839 1815 4899 inter
1861 4859 1929 4900 se
1974 4849 2229 4919 possunt
2277 4838 2394 4900 hae
2439 4839 2787 4918 superficies
2834 4841 2895 4901 in
2925 4849 3106 4900 tanta
3130 4842 3410 4902 exilitate

683 4930 1072 5010 (praeantim
1100 4929 1154 4992 si
1181 4930 1344 4993 circa
1372 4929 1616 4991 fundum
1643 4946 1752 4989 seu
1792 4928 2059 4989 carinam
2087 4928 2445 5010 hyperboles
2474 4937 2584 4989 aut
2618 4927 2853 5008 ellipsis
2880 4928 3189 5002 existant)
3221 4947 3413 5009 neque

683 5015 972 5082 mobile
1014 5017 1200 5082 aian
1244 5016 1552 5100 quippiam
1595 5015 1891 5092 efficiunt,
1955 5018 2073 5079 etsi
2117 5035 2158 5079 a
2198 5016 2475 5098 perfecta
2538 5018 2914 5081 rotunditate
2962 5016 3111 5079 nihil
3158 5018 3408 5081 recedat
