<?xml version="1.0" encoding="UTF-8"?>
<!DOCTYPE html PUBLIC "-//W3C//DTD XHTML 1.0 Transitional//EN"
    "http://www.w3.org/TR/xhtml1/DTD/xhtml1-transitional.dtd">
<html xmlns="http://www.w3.org/1999/xhtml" xml:lang="en" lang="en">
 <head>
  <title>
</title>
<meta http-equiv="Content-Type" content="text/html;charset=utf-8" />
  <meta name='ocr-system' content='tesseract 3.04.00' />
  <meta name='ocr-capabilities' content='ocr_page ocr_carea ocr_par ocr_line ocrx_word'/>
</head>
<body>
  <div class='ocr_page' id='page_1' title='image "./joanniskepleria01frisgoog/joanniskepleria01frisgoog_0316.png"; bbox 0 0 3692 5842; ppageno 0'>
   <div class='ocr_carea' id='block_1_1' title="bbox 366 478 1228 548">
    <p class='ocr_par' dir='ltr' id='par_1_1' title="bbox 366 478 1228 548">
     <span class='ocr_line' id='line_1_1' title="bbox 366 478 1228 548; baseline -0.019 0"><span class='ocrx_word' id='word_1_1' title='bbox 366 479 431 548; x_wconf 77' lang='grc'>602</span> <span class='ocrx_word' id='word_1_2' title='bbox 857 480 1031 533; x_wconf 61' lang='lat' dir='ltr'>buencum</span> <span class='ocrx_word' id='word_1_3' title='bbox 1048 480 1111 533; x_wconf 82' lang='grc' dir='ltr'><strong>Ρ111</strong></span> <span class='ocrx_word' id='word_1_4' title='bbox 1129 478 1228 546; x_wconf 73' lang='lat' dir='ltr'>operes.</span> 
     </span>
    </p>
   </div>
   <div class='ocr_carea' id='block_1_2' title="bbox 365 652 1728 5064">
    <p class='ocr_par' dir='ltr' id='par_1_2' title="bbox 365 652 1727 1001">
     <span class='ocr_line' id='line_1_2' title="bbox 365 652 1725 733; baseline -0.002 -16"><span class='ocrx_word' id='word_1_5' title='bbox 365 656 520 718; x_wconf 79' lang='lat' dir='ltr'>existeret.</span> <span class='ocrx_word' id='word_1_6' title='bbox 568 652 656 724; x_wconf 86' lang='lat' dir='ltr'>Quod</span> <span class='ocrx_word' id='word_1_7' title='bbox 681 674 751 716; x_wconf 87' lang='lat' dir='ltr'>vero</span> <span class='ocrx_word' id='word_1_8' title='bbox 776 654 905 717; x_wconf 91' lang='lat' dir='ltr'>Gemma</span> <span class='ocrx_word' id='word_1_9' title='bbox 930 656 1016 717; x_wconf 90' lang='lat' dir='ltr'>addit</span> <span class='ocrx_word' id='word_1_10' title='bbox 1046 656 1149 717; x_wconf 90' lang='lat' dir='ltr'>horam</span> <span class='ocrx_word' id='word_1_11' title='bbox 1181 656 1278 717; x_wconf 86' lang='lat' dir='ltr'>noctis</span> <span class='ocrx_word' id='word_1_12' title='bbox 1306 656 1442 731; x_wconf 77' lang='lat' dir='ltr'><strong>tertiam,</strong></span> <span class='ocrx_word' id='word_1_13' title='bbox 1473 654 1595 716; x_wconf 83' lang='lat' dir='ltr'>videtur</span> <span class='ocrx_word' id='word_1_14' title='bbox 1624 654 1725 733; x_wconf 91' lang='lat' dir='ltr'>potins</span> 
     </span>
     <span class='ocr_line' id='line_1_3' title="bbox 366 742 1727 825; baseline -0.001 -20"><span class='ocrx_word' id='word_1_15' title='bbox 366 764 403 805; x_wconf 86' lang='lat' dir='ltr'>ex</span> <span class='ocrx_word' id='word_1_16' title='bbox 432 743 683 822; x_wconf 83' lang='lat' dir='ltr'>premeridibus</span> <span class='ocrx_word' id='word_1_17' title='bbox 716 742 816 805; x_wconf 84' lang='lat' dir='ltr'>Stadii</span> <span class='ocrx_word' id='word_1_18' title='bbox 848 746 980 806; x_wconf 90' lang='lat' dir='ltr'>scribere</span> <span class='ocrx_word' id='word_1_19' title='bbox 1014 764 1102 825; x_wconf 89' lang='lat' dir='ltr'>quam</span> <span class='ocrx_word' id='word_1_20' title='bbox 1134 763 1171 805; x_wconf 85' lang='lat' dir='ltr'>ex</span> <span class='ocrx_word' id='word_1_21' title='bbox 1204 745 1415 806; x_wconf 82' lang='lat' dir='ltr'>observatione</span> <span class='ocrx_word' id='word_1_22' title='bbox 1451 752 1556 804; x_wconf 81' lang='lat' dir='ltr'>certa:</span> <span class='ocrx_word' id='word_1_23' title='bbox 1595 742 1727 805; x_wconf 86' lang='lat' dir='ltr'>medinm</span> 
     </span>
     <span class='ocr_line' id='line_1_4' title="bbox 365 830 1726 912; baseline -0.003 -19"><span class='ocrx_word' id='word_1_24' title='bbox 365 833 442 893; x_wconf 90' lang='lat' dir='ltr'>enim</span> <span class='ocrx_word' id='word_1_25' title='bbox 468 831 555 909; x_wconf 88' lang='lat' dir='ltr'>hujus</span> <span class='ocrx_word' id='word_1_26' title='bbox 580 832 727 911; x_wconf 81' lang='lat' dir='ltr'>eclipseos</span> <span class='ocrx_word' id='word_1_27' title='bbox 751 852 808 892; x_wconf 93' lang='lat' dir='ltr'>uon</span> <span class='ocrx_word' id='word_1_28' title='bbox 834 833 921 911; x_wconf 91' lang='lat' dir='ltr'>longe</span> <span class='ocrx_word' id='word_1_29' title='bbox 946 835 984 894; x_wconf 88' lang='lat' dir='ltr'>ab</span> <span class='ocrx_word' id='word_1_30' title='bbox 1005 833 1079 894; x_wconf 92' lang='lat' dir='ltr'>hora</span> <span class='ocrx_word' id='word_1_31' title='bbox 1102 841 1173 912; x_wconf 89' lang='lat' dir='ltr'>post</span> <span class='ocrx_word' id='word_1_32' title='bbox 1191 834 1318 894; x_wconf 89' lang='lat' dir='ltr'>mediam</span> <span class='ocrx_word' id='word_1_33' title='bbox 1344 841 1462 894; x_wconf 88' lang='lat' dir='ltr'>noctem</span> <span class='ocrx_word' id='word_1_34' title='bbox 1485 830 1726 911; x_wconf 81' lang='lat' dir='ltr'>primaLuvsnii</span> 
     </span>
     <span class='ocr_line' id='line_1_5' title="bbox 365 920 1631 1001; baseline -0.001 -19"><span class='ocrx_word' id='word_1_35' title='bbox 365 939 511 1001; x_wconf 89' lang='lat' dir='ltr'>apparere</span> <span class='ocrx_word' id='word_1_36' title='bbox 535 920 642 998; x_wconf 89' lang='lat' dir='ltr'>potuit,</span> <span class='ocrx_word' id='word_1_37' title='bbox 667 921 783 981; x_wconf 89' lang='lat' dir='ltr'>calculo</span> <span class='ocrx_word' id='word_1_38' title='bbox 807 922 957 1001; x_wconf 89' lang='lat' dir='ltr'>Tychouia</span> <span class='ocrx_word' id='word_1_39' title='bbox 982 940 1020 982; x_wconf 87' lang='lat' dir='ltr'>ex</span> <span class='ocrx_word' id='word_1_40' title='bbox 1043 922 1215 983; x_wconf 89' lang='lat' dir='ltr'>certissima</span> <span class='ocrx_word' id='word_1_41' title='bbox 1238 922 1425 1000; x_wconf 74' lang='lat' dir='ltr'>experientia</span> <span class='ocrx_word' id='word_1_42' title='bbox 1447 929 1631 982; x_wconf 81' lang='lat' dir='ltr'>attestante.</span> 
     </span>
    </p>

    <p class='ocr_par' dir='ltr' id='par_1_3' title="bbox 365 1009 1728 1604">
     <span class='ocr_line' id='line_1_6' title="bbox 455 1009 1728 1089; baseline -0.002 -20"><span class='ocrx_word' id='word_1_43' title='bbox 455 1009 578 1070; x_wconf 89' lang='lat' dir='ltr'>Memini</span> <span class='ocrx_word' id='word_1_44' title='bbox 611 1029 677 1069; x_wconf 91' lang='lat' dir='ltr'>curn</span> <span class='ocrx_word' id='word_1_45' title='bbox 710 1011 740 1070; x_wconf 93' lang='lat' dir='ltr'>iu</span> <span class='ocrx_word' id='word_1_46' title='bbox 771 1010 1018 1089; x_wconf 86' lang='lat' dir='ltr'>Wiirternbergia</span> <span class='ocrx_word' id='word_1_47' title='bbox 1050 1029 1123 1089; x_wconf 89' lang='lat' dir='ltr'>puer</span> <span class='ocrx_word' id='word_1_48' title='bbox 1156 1011 1316 1072; x_wconf 86' lang='lat' dir='ltr'><strong>admodum</strong></span> <span class='ocrx_word' id='word_1_49' title='bbox 1349 1032 1367 1071; x_wconf 90' lang='lat' dir='ltr'>a</span> <span class='ocrx_word' id='word_1_50' title='bbox 1398 1019 1525 1089; x_wconf 88' lang='lat' dir='ltr'>parente</span> <span class='ocrx_word' id='word_1_51' title='bbox 1558 1009 1616 1070; x_wconf 87' lang='lat' dir='ltr'>sub</span> <span class='ocrx_word' id='word_1_52' title='bbox 1646 1009 1728 1067; x_wconf 89' lang='lat' dir='ltr'>dium</span> 
     </span>
     <span class='ocr_line' id='line_1_7' title="bbox 365 1098 1728 1178; baseline -0.001 -21"><span class='ocrx_word' id='word_1_53' title='bbox 365 1117 492 1159; x_wconf 81' lang='lat' dir='ltr'>vocarer</span> <span class='ocrx_word' id='word_1_54' title='bbox 515 1099 554 1158; x_wconf 91' lang='lat' dir='ltr'>ad</span> <span class='ocrx_word' id='word_1_55' title='bbox 578 1098 864 1177; x_wconf 87' lang='lat' dir='ltr'>contemplationem</span> <span class='ocrx_word' id='word_1_56' title='bbox 889 1100 1047 1178; x_wconf 80' lang='lat' dir='ltr'>eclipseos,</span> <span class='ocrx_word' id='word_1_57' title='bbox 1074 1100 1171 1160; x_wconf 88' lang='lat' dir='ltr'>noctis</span> <span class='ocrx_word' id='word_1_58' title='bbox 1195 1100 1269 1160; x_wconf 92' lang='lat' dir='ltr'>hora</span> <span class='ocrx_word' id='word_1_59' title='bbox 1293 1100 1410 1160; x_wconf 89' lang='lat' dir='ltr'>decima</span> <span class='ocrx_word' id='word_1_60' title='bbox 1428 1116 1458 1178; x_wconf 92' lang='lat' dir='ltr'>p.</span> <span class='ocrx_word' id='word_1_61' title='bbox 1473 1116 1512 1159; x_wconf 88' lang='lat' dir='ltr'>m.</span> <span class='ocrx_word' id='word_1_62' title='bbox 1526 1098 1616 1159; x_wconf 87' lang='lat' dir='ltr'>Luna</span> <span class='ocrx_word' id='word_1_63' title='bbox 1638 1098 1728 1177; x_wconf 64' lang='grc'><strong>1111111</strong></span> 
     </span>
     <span class='ocr_line' id='line_1_8' title="bbox 367 1186 1726 1266; baseline -0.002 -17"><span class='ocrx_word' id='word_1_64' title='bbox 367 1186 531 1249; x_wconf 88' lang='lat' dir='ltr'>mbicnuda</span> <span class='ocrx_word' id='word_1_65' title='bbox 564 1186 750 1266; x_wconf 84' lang='lat' dir='ltr'>undiquaque</span> <span class='ocrx_word' id='word_1_66' title='bbox 785 1188 935 1266; x_wconf 88' lang='lat' dir='ltr'>apparuit.</span> <span class='ocrx_word' id='word_1_67' title='bbox 984 1187 1238 1249; x_wconf 86' lang='lat' dir='ltr'>Circumstautiae</span> <span class='ocrx_word' id='word_1_68' title='bbox 1273 1197 1416 1266; x_wconf 88' lang='lat' dir='ltr'>arguunt,</span> <span class='ocrx_word' id='word_1_69' title='bbox 1449 1186 1541 1248; x_wconf 90' lang='lat' dir='ltr'>aliam</span> <span class='ocrx_word' id='word_1_70' title='bbox 1570 1205 1639 1247; x_wconf 88' lang='lat' dir='ltr'>esse</span> <span class='ocrx_word' id='word_1_71' title='bbox 1669 1205 1726 1246; x_wconf 87' lang='lat' dir='ltr'>nou</span> 
     </span>
     <span class='ocr_line' id='line_1_9' title="bbox 366 1274 1726 1357; baseline -0.004 -19"><span class='ocrx_word' id='word_1_72' title='bbox 366 1276 503 1357; x_wconf 88' lang='lat' dir='ltr'>potuisse</span> <span class='ocrx_word' id='word_1_73' title='bbox 536 1294 624 1354; x_wconf 88' lang='lat' dir='ltr'>quarn</span> <span class='ocrx_word' id='word_1_74' title='bbox 658 1294 733 1353; x_wconf 90' lang='lat' dir='ltr'>quae</span> <span class='ocrx_word' id='word_1_75' title='bbox 768 1274 819 1338; x_wconf 87' lang='grc'>31.</span> <span class='ocrx_word' id='word_1_76' title='bbox 843 1276 981 1336; x_wconf 92' lang='lat' dir='ltr'>Januarii</span> <span class='ocrx_word' id='word_1_77' title='bbox 1014 1276 1083 1337; x_wconf 89' lang='lat' dir='ltr'>anui</span> <span class='ocrx_word' id='word_1_78' title='bbox 1112 1274 1195 1340; x_wconf 81' lang='lat'>1580</span> <span class='ocrx_word' id='word_1_79' title='bbox 1224 1277 1290 1337; x_wconf 81' lang='lat' dir='ltr'>risu</span> <span class='ocrx_word' id='word_1_80' title='bbox 1318 1286 1382 1351; x_wconf 88' lang='lat' dir='ltr'>est,</span> <span class='ocrx_word' id='word_1_81' title='bbox 1417 1276 1501 1356; x_wconf 87' lang='lat' dir='ltr'>cujus</span> <span class='ocrx_word' id='word_1_82' title='bbox 1535 1274 1726 1337; x_wconf 88' lang='lat' dir='ltr'>latitudinem</span> 
     </span>
     <span class='ocr_line' id='line_1_10' title="bbox 368 1363 1727 1446; baseline -0.003 -19"><span class='ocrx_word' id='word_1_83' title='bbox 368 1365 520 1428; x_wconf 90' lang='lat' dir='ltr'>borealem</span> <span class='ocrx_word' id='word_1_84' title='bbox 542 1363 724 1425; x_wconf 86' lang='lat' dir='ltr'>Maestliuus</span> <span class='ocrx_word' id='word_1_85' title='bbox 749 1364 776 1425; x_wconf 90' lang='lat' dir='ltr'>in</span> <span class='ocrx_word' id='word_1_86' title='bbox 793 1366 922 1444; x_wconf 89' lang='lat' dir='ltr'>isagoge</span> <span class='ocrx_word' id='word_1_87' title='bbox 946 1366 1035 1444; x_wconf 90' lang='lat' dir='ltr'>paulo</span> <span class='ocrx_word' id='word_1_88' title='bbox 1059 1364 1202 1426; x_wconf 88' lang='lat' dir='ltr'>minorem</span> <span class='ocrx_word' id='word_1_89' title='bbox 1228 1366 1319 1426; x_wconf 83' lang='lat' dir='ltr'>luisse</span> <span class='ocrx_word' id='word_1_90' title='bbox 1339 1366 1384 1427; x_wconf 89' lang='lat' dir='ltr'>ait</span> <span class='ocrx_word' id='word_1_91' title='bbox 1407 1384 1496 1446; x_wconf 91' lang='lat' dir='ltr'>quam</span> <span class='ocrx_word' id='word_1_92' title='bbox 1521 1373 1590 1426; x_wconf 82' lang='lat' dir='ltr'>erat</span> <span class='ocrx_word' id='word_1_93' title='bbox 1612 1381 1727 1424; x_wconf 83' lang='lat' dir='ltr'>summa</span> 
     </span>
     <span class='ocr_line' id='line_1_11' title="bbox 368 1450 1727 1532; baseline -0.001 -17"><span class='ocrx_word' id='word_1_94' title='bbox 368 1454 675 1516; x_wconf 88' lang='lat' dir='ltr'>semidiametrorum:</span> <span class='ocrx_word' id='word_1_95' title='bbox 710 1463 870 1532; x_wconf 84' lang='lat' dir='ltr'>propterea</span> <span class='ocrx_word' id='word_1_96' title='bbox 899 1453 1076 1515; x_wconf 86' lang='lat' dir='ltr'>brevissime</span> <span class='ocrx_word' id='word_1_97' title='bbox 1106 1461 1202 1515; x_wconf 88' lang='lat' dir='ltr'>totam</span> <span class='ocrx_word' id='word_1_98' title='bbox 1232 1454 1260 1514; x_wconf 92' lang='lat' dir='ltr'>in</span> <span class='ocrx_word' id='word_1_99' title='bbox 1291 1454 1397 1515; x_wconf 88' lang='lat' dir='ltr'>umbra</span> <span class='ocrx_word' id='word_1_100' title='bbox 1429 1454 1567 1516; x_wconf 87' lang='lat' dir='ltr'>latuisse.</span> <span class='ocrx_word' id='word_1_101' title='bbox 1617 1450 1727 1514; x_wconf 78' lang='lat' dir='ltr'>Confer</span> 
     </span>
     <span class='ocr_line' id='line_1_12' title="bbox 368 1541 709 1604; baseline -0.009 -1"><span class='ocrx_word' id='word_1_102' title='bbox 368 1562 435 1604; x_wconf 93' lang='lat' dir='ltr'>cum</span> <span class='ocrx_word' id='word_1_103' title='bbox 458 1542 512 1602; x_wconf 90' lang='lat' dir='ltr'>illa</span> <span class='ocrx_word' id='word_1_104' title='bbox 535 1541 709 1602; x_wconf 87' lang='lat' dir='ltr'>Frodoardi.</span> 
     </span>
    </p>

    <p class='ocr_par' dir='ltr' id='par_1_4' title="bbox 368 1625 1724 2421">
     <span class='ocr_line' id='line_1_13' title="bbox 457 1625 1724 1711; baseline -0.002 -21"><span class='ocrx_word' id='word_1_105' title='bbox 457 1631 547 1691; x_wconf 86' lang='lat' dir='ltr'>Auno</span> <span class='ocrx_word' id='word_1_106' title='bbox 575 1627 668 1692; x_wconf 86' lang='grc'><strong>1588.</strong></span> <span class='ocrx_word' id='word_1_107' title='bbox 698 1629 757 1689; x_wconf 92' lang='lat' dir='ltr'>diei</span> <span class='ocrx_word' id='word_1_108' title='bbox 782 1625 812 1690; x_wconf 83' lang='lat'>3.</span> <span class='ocrx_word' id='word_1_109' title='bbox 837 1630 941 1690; x_wconf 88' lang='lat' dir='ltr'>Martii</span> <span class='ocrx_word' id='word_1_110' title='bbox 971 1650 1057 1690; x_wconf 88' lang='lat' dir='ltr'>mane</span> <span class='ocrx_word' id='word_1_111' title='bbox 1087 1630 1114 1690; x_wconf 92' lang='lat' dir='ltr'>in</span> <span class='ocrx_word' id='word_1_112' title='bbox 1144 1630 1354 1693; x_wconf 89' lang='lat' dir='ltr'>observatione</span> <span class='ocrx_word' id='word_1_113' title='bbox 1379 1629 1575 1711; x_wconf 83' lang='lat' dir='ltr'>Tychouiana</span> <span class='ocrx_word' id='word_1_114' title='bbox 1607 1628 1724 1711; x_wconf 84' lang='lat' dir='ltr'>eclipsis</span> 
     </span>
     <span class='ocr_line' id='line_1_14' title="bbox 371 1715 1724 1800; baseline 0.001 -21"><span class='ocrx_word' id='word_1_115' title='bbox 371 1723 398 1793; x_wconf 65' lang='lat' dir='ltr'>ij</span> <span class='ocrx_word' id='word_1_116' title='bbox 421 1719 570 1779; x_wconf 82' lang='lat' dir='ltr'>maximae</span> <span class='ocrx_word' id='word_1_117' title='bbox 595 1720 633 1778; x_wconf 92' lang='lat' dir='ltr'>ad</span> <span class='ocrx_word' id='word_1_118' title='bbox 658 1719 760 1778; x_wconf 85' lang='lat' dir='ltr'>horam</span> <span class='ocrx_word' id='word_1_119' title='bbox 784 1715 815 1778; x_wconf 88' lang='grc'>2.</span> <span class='ocrx_word' id='word_1_120' title='bbox 846 1716 899 1781; x_wconf 78' lang='lat'>58‘</span> <span class='ocrx_word' id='word_1_121' title='bbox 924 1720 1043 1779; x_wconf 88' lang='lat' dir='ltr'>invenio</span> <span class='ocrx_word' id='word_1_122' title='bbox 1069 1728 1256 1794; x_wconf 89' lang='lat' dir='ltr'>annotatum,</span> <span class='ocrx_word' id='word_1_123' title='bbox 1283 1731 1391 1784; x_wconf 90' lang='lat' dir='ltr'>Lunam</span> <span class='ocrx_word' id='word_1_124' title='bbox 1407 1730 1468 1800; x_wconf 86' lang='lat' dir='ltr'>jam</span> <span class='ocrx_word' id='word_1_125' title='bbox 1483 1732 1518 1783; x_wconf 88' lang='lat' dir='ltr'>ad</span> <span class='ocrx_word' id='word_1_126' title='bbox 1538 1735 1631 1782; x_wconf 84' lang='lat' dir='ltr'>ortum</span> <span class='ocrx_word' id='word_1_127' title='bbox 1645 1728 1724 1781; x_wconf 76' lang='lat' dir='ltr'>visan</span> 
     </span>
     <span class='ocr_line' id='line_1_15' title="bbox 368 1808 1722 1893; baseline 0.001 -22"><span class='ocrx_word' id='word_1_128' title='bbox 368 1835 430 1871; x_wconf 85' lang='lat' dir='ltr'>esse</span> <span class='ocrx_word' id='word_1_129' title='bbox 452 1817 617 1881; x_wconf 84' lang='lat' dir='ltr'>lucidiorem,</span> <span class='ocrx_word' id='word_1_130' title='bbox 642 1816 803 1887; x_wconf 88' lang='lat' dir='ltr'>propterea</span> <span class='ocrx_word' id='word_1_131' title='bbox 826 1808 968 1888; x_wconf 90' lang='lat' dir='ltr'>apposita</span> <span class='ocrx_word' id='word_1_132' title='bbox 991 1816 1061 1869; x_wconf 86' lang='lat' dir='ltr'>sunt</span> <span class='ocrx_word' id='word_1_133' title='bbox 1083 1810 1144 1870; x_wconf 90' lang='lat' dir='ltr'>ista</span> <span class='ocrx_word' id='word_1_134' title='bbox 1168 1810 1276 1869; x_wconf 88' lang='lat' dir='ltr'>verba:</span> <span class='ocrx_word' id='word_1_135' title='bbox 1301 1837 1368 1893; x_wconf 78' lang='lat' dir='ltr'>ergo</span> <span class='ocrx_word' id='word_1_136' title='bbox 1390 1818 1538 1889; x_wconf 82' lang='lat' dir='ltr'>praeteriit</span> <span class='ocrx_word' id='word_1_137' title='bbox 1551 1818 1678 1873; x_wconf 83' lang='lat' dir='ltr'>medium.</span> <span class='ocrx_word' id='word_1_138' title='bbox 1690 1816 1722 1879; x_wconf 79' lang='lat' dir='ltr'>”l</span> 
     </span>
     <span class='ocr_line' id='line_1_16' title="bbox 369 1895 1722 1978; baseline -0.001 -21"><span class='ocrx_word' id='word_1_139' title='bbox 369 1899 415 1957; x_wconf 82' lang='lat' dir='ltr'>At</span> <span class='ocrx_word' id='word_1_140' title='bbox 447 1896 475 1955; x_wconf 93' lang='lat' dir='ltr'>id</span> <span class='ocrx_word' id='word_1_141' title='bbox 509 1897 625 1975; x_wconf 81' lang='lat' dir='ltr'>aliquot</span> <span class='ocrx_word' id='word_1_142' title='bbox 655 1895 775 1956; x_wconf 91' lang='lat' dir='ltr'>minutis</span> <span class='ocrx_word' id='word_1_143' title='bbox 809 1897 1006 1975; x_wconf 84' lang='lat' dir='ltr'>sequebatur,</span> <span class='ocrx_word' id='word_1_144' title='bbox 1041 1906 1073 1958; x_wconf 92' lang='lat' dir='ltr'>ut</span> <span class='ocrx_word' id='word_1_145' title='bbox 1102 1916 1138 1958; x_wconf 86' lang='lat' dir='ltr'>cx</span> <span class='ocrx_word' id='word_1_146' title='bbox 1167 1897 1266 1971; x_wconf 90' lang='lat' dir='ltr'>initio,</span> <span class='ocrx_word' id='word_1_147' title='bbox 1300 1899 1356 1959; x_wconf 86' lang='lat' dir='ltr'>line</span> <span class='ocrx_word' id='word_1_148' title='bbox 1380 1900 1548 1978; x_wconf 85' lang='lat' dir='ltr'>ceterisque</span> <span class='ocrx_word' id='word_1_149' title='bbox 1582 1896 1722 1977; x_wconf 90' lang='lat' dir='ltr'>plrasibus</span> 
     </span>
     <span class='ocr_line' id='line_1_17' title="bbox 368 1984 1722 2067; baseline 0.001 -22"><span class='ocrx_word' id='word_1_150' title='bbox 368 1991 465 2065; x_wconf 86' lang='lat' dir='ltr'>patet.</span> <span class='ocrx_word' id='word_1_151' title='bbox 512 1984 620 2044; x_wconf 88' lang='lat' dir='ltr'>Hicin</span> <span class='ocrx_word' id='word_1_152' title='bbox 647 2004 706 2044; x_wconf 92' lang='lat' dir='ltr'>una</span> <span class='ocrx_word' id='word_1_153' title='bbox 739 1985 902 2063; x_wconf 90' lang='lat' dir='ltr'>eademque</span> <span class='ocrx_word' id='word_1_154' title='bbox 938 1986 1040 2064; x_wconf 86' lang='lat' dir='ltr'>eclipsi</span> <span class='ocrx_word' id='word_1_155' title='bbox 1070 1987 1157 2047; x_wconf 91' lang='lat' dir='ltr'>Luna</span> <span class='ocrx_word' id='word_1_156' title='bbox 1187 1987 1323 2048; x_wconf 85' lang='lat' dir='ltr'>ruborem</span> <span class='ocrx_word' id='word_1_157' title='bbox 1353 1988 1453 2061; x_wconf 88' lang='lat' dir='ltr'>illum,</span> <span class='ocrx_word' id='word_1_158' title='bbox 1486 2006 1574 2067; x_wconf 87' lang='lat' dir='ltr'>quem</span> <span class='ocrx_word' id='word_1_159' title='bbox 1608 1999 1722 2046; x_wconf 81' lang='lat' dir='ltr'>veteres</span> 
     </span>
     <span class='ocr_line' id='line_1_18' title="bbox 368 2073 1722 2156; baseline -0.001 -20"><span class='ocrx_word' id='word_1_160' title='bbox 368 2075 472 2136; x_wconf 90' lang='lat' dir='ltr'>Lunae</span> <span class='ocrx_word' id='word_1_161' title='bbox 496 2073 646 2152; x_wconf 90' lang='lat' dir='ltr'>proprium</span> <span class='ocrx_word' id='word_1_162' title='bbox 673 2073 768 2133; x_wconf 92' lang='lat' dir='ltr'>lumen</span> <span class='ocrx_word' id='word_1_163' title='bbox 794 2093 862 2133; x_wconf 91' lang='lat' dir='ltr'>esse</span> <span class='ocrx_word' id='word_1_164' title='bbox 886 2084 1080 2150; x_wconf 90' lang='lat' dir='ltr'>censuerunt,</span> <span class='ocrx_word' id='word_1_165' title='bbox 1106 2078 1203 2137; x_wconf 90' lang='lat' dir='ltr'>altera</span> <span class='ocrx_word' id='word_1_166' title='bbox 1226 2085 1311 2154; x_wconf 89' lang='lat' dir='ltr'>parte</span> <span class='ocrx_word' id='word_1_167' title='bbox 1336 2076 1480 2156; x_wconf 83' lang='lat' dir='ltr'>paulatim</span> <span class='ocrx_word' id='word_1_168' title='bbox 1504 2075 1606 2144; x_wconf 84' lang='lat' dir='ltr'>exuit,</span> <span class='ocrx_word' id='word_1_169' title='bbox 1631 2076 1722 2135; x_wconf 81' lang='lat' dir='ltr'>alters</span> 
     </span>
     <span class='ocr_line' id='line_1_19' title="bbox 369 2160 1721 2242; baseline -0.001 -18"><span class='ocrx_word' id='word_1_170' title='bbox 369 2162 476 2225; x_wconf 86' lang='lat' dir='ltr'>induit.</span> <span class='ocrx_word' id='word_1_171' title='bbox 530 2160 663 2242; x_wconf 86' lang='lat' dir='ltr'>Cumque</span> <span class='ocrx_word' id='word_1_172' title='bbox 694 2163 823 2222; x_wconf 91' lang='lat' dir='ltr'>nondum</span> <span class='ocrx_word' id='word_1_173' title='bbox 857 2164 895 2223; x_wconf 94' lang='lat' dir='ltr'>ad</span> <span class='ocrx_word' id='word_1_174' title='bbox 928 2164 1056 2224; x_wconf 91' lang='lat' dir='ltr'>medium</span> <span class='ocrx_word' id='word_1_175' title='bbox 1089 2165 1209 2225; x_wconf 87' lang='lat' dir='ltr'>umbrae</span> <span class='ocrx_word' id='word_1_176' title='bbox 1243 2163 1393 2239; x_wconf 89' lang='lat' dir='ltr'>venisset,</span> <span class='ocrx_word' id='word_1_177' title='bbox 1428 2163 1535 2225; x_wconf 89' lang='lat' dir='ltr'>rubore</span> <span class='ocrx_word' id='word_1_178' title='bbox 1570 2163 1721 2224; x_wconf 86' lang='lat' dir='ltr'>orientalis</span> 
     </span>
     <span class='ocr_line' id='line_1_20' title="bbox 369 2250 1722 2332; baseline -0.001 -20"><span class='ocrx_word' id='word_1_179' title='bbox 369 2251 450 2332; x_wconf 83' lang='lat' dir='ltr'>gibbi</span> <span class='ocrx_word' id='word_1_180' title='bbox 479 2251 627 2321; x_wconf 88' lang='lat' dir='ltr'>ostendit,</span> <span class='ocrx_word' id='word_1_181' title='bbox 661 2250 785 2311; x_wconf 90' lang='lat' dir='ltr'>latiores</span> <span class='ocrx_word' id='word_1_182' title='bbox 810 2270 877 2312; x_wconf 89' lang='lat' dir='ltr'>esse</span> <span class='ocrx_word' id='word_1_183' title='bbox 911 2252 1013 2313; x_wconf 90' lang='lat' dir='ltr'>radios</span> <span class='ocrx_word' id='word_1_184' title='bbox 1037 2250 1119 2314; x_wconf 88' lang='lat' dir='ltr'>Solis</span> <span class='ocrx_word' id='word_1_185' title='bbox 1143 2254 1172 2314; x_wconf 91' lang='lat' dir='ltr'>in</span> <span class='ocrx_word' id='word_1_186' title='bbox 1197 2259 1266 2314; x_wconf 75' lang='lat' dir='ltr'>edre</span> <span class='ocrx_word' id='word_1_187' title='bbox 1292 2253 1440 2315; x_wconf 89' lang='lat' dir='ltr'>Terrestri</span> <span class='ocrx_word' id='word_1_188' title='bbox 1471 2254 1624 2314; x_wconf 86' lang='lat' dir='ltr'>refractus</span> <span class='ocrx_word' id='word_1_189' title='bbox 1648 2252 1722 2312; x_wconf 85' lang='lat' dir='ltr'>circs</span> 
     </span>
     <span class='ocr_line' id='line_1_21' title="bbox 369 2339 1302 2421; baseline 0 -20"><span class='ocrx_word' id='word_1_190' title='bbox 369 2340 587 2401; x_wconf 84' lang='lat' dir='ltr'>occidentalem</span> <span class='ocrx_word' id='word_1_191' title='bbox 612 2358 700 2418; x_wconf 90' lang='lat' dir='ltr'>qnam</span> <span class='ocrx_word' id='word_1_192' title='bbox 725 2339 804 2400; x_wconf 91' lang='lat' dir='ltr'>circa</span> <span class='ocrx_word' id='word_1_193' title='bbox 828 2341 1006 2401; x_wconf 87' lang='lat' dir='ltr'>orientalem</span> <span class='ocrx_word' id='word_1_194' title='bbox 1030 2342 1151 2402; x_wconf 86' lang='lat' dir='ltr'>umbrae</span> <span class='ocrx_word' id='word_1_195' title='bbox 1176 2351 1302 2421; x_wconf 89' lang='lat' dir='ltr'>partem.</span> 
     </span>
    </p>

    <p class='ocr_par' dir='ltr' id='par_1_5' title="bbox 366 2425 1725 3735">
     <span class='ocr_line' id='line_1_22' title="bbox 459 2425 1722 2506; baseline -0.002 -17"><span class='ocrx_word' id='word_1_196' title='bbox 459 2428 594 2490; x_wconf 91' lang='lat' dir='ltr'>Similem</span> <span class='ocrx_word' id='word_1_197' title='bbox 619 2429 742 2506; x_wconf 90' lang='lat' dir='ltr'>eclipsin</span> <span class='ocrx_word' id='word_1_198' title='bbox 759 2429 864 2490; x_wconf 92' lang='lat' dir='ltr'>Lunae</span> <span class='ocrx_word' id='word_1_199' title='bbox 889 2429 950 2491; x_wconf 82' lang='lat' dir='ltr'>vidi</span> <span class='ocrx_word' id='word_1_200' title='bbox 967 2427 1066 2491; x_wconf 86' lang='lat' dir='ltr'>Gratii</span> <span class='ocrx_word' id='word_1_201' title='bbox 1092 2450 1169 2490; x_wconf 88' lang='lat' dir='ltr'>anno</span> <span class='ocrx_word' id='word_1_202' title='bbox 1192 2426 1284 2492; x_wconf 91' lang='grc'><strong>1599.</strong></span> <span class='ocrx_word' id='word_1_203' title='bbox 1308 2430 1387 2491; x_wconf 89' lang='lat' dir='ltr'>inter</span> <span class='ocrx_word' id='word_1_204' title='bbox 1406 2427 1457 2491; x_wconf 86' lang='lat'>30.</span> <span class='ocrx_word' id='word_1_205' title='bbox 1474 2436 1505 2489; x_wconf 90' lang='lat' dir='ltr'>et</span> <span class='ocrx_word' id='word_1_206' title='bbox 1521 2425 1575 2491; x_wconf 84' lang='grc'>31.</span> <span class='ocrx_word' id='word_1_207' title='bbox 1591 2426 1722 2488; x_wconf 83' lang='lat' dir='ltr'>Januarii</span> 
     </span>
     <span class='ocr_line' id='line_1_23' title="bbox 370 2514 1721 2599; baseline 0.001 -24"><span class='ocrx_word' id='word_1_208' title='bbox 370 2518 417 2579; x_wconf 88' lang='lat' dir='ltr'>vel</span> <span class='ocrx_word' id='word_1_209' title='bbox 442 2514 471 2580; x_wconf 86' lang='lat'>9.</span> <span class='ocrx_word' id='word_1_210' title='bbox 495 2524 527 2578; x_wconf 88' lang='lat' dir='ltr'>et</span> <span class='ocrx_word' id='word_1_211' title='bbox 554 2514 601 2579; x_wconf 89' lang='grc'>10.</span> <span class='ocrx_word' id='word_1_212' title='bbox 626 2516 796 2593; x_wconf 89' lang='lat' dir='ltr'>Februarii,</span> <span class='ocrx_word' id='word_1_213' title='bbox 821 2518 940 2598; x_wconf 90' lang='lat' dir='ltr'>quade</span> <span class='ocrx_word' id='word_1_214' title='bbox 965 2538 1055 2597; x_wconf 88' lang='lat' dir='ltr'>supra</span> <span class='ocrx_word' id='word_1_215' title='bbox 1080 2538 1194 2599; x_wconf 91' lang='lat' dir='ltr'>quoque</span> <span class='ocrx_word' id='word_1_216' title='bbox 1218 2537 1284 2597; x_wconf 83' lang='lat' dir='ltr'>cap.</span> <span class='ocrx_word' id='word_1_217' title='bbox 1312 2519 1364 2579; x_wconf 89' lang='lat' dir='ltr'>Vl.</span> <span class='ocrx_word' id='word_1_218' title='bbox 1389 2519 1463 2580; x_wconf 89' lang='lat' dir='ltr'>Nro.</span> <span class='ocrx_word' id='word_1_219' title='bbox 1480 2514 1511 2580; x_wconf 91' lang='grc'>9.</span> <span class='ocrx_word' id='word_1_220' title='bbox 1548 2514 1627 2580; x_wconf 88' lang='lat' dir='ltr'>Cum</span> <span class='ocrx_word' id='word_1_221' title='bbox 1651 2515 1721 2577; x_wconf 92' lang='lat' dir='ltr'>enim</span> 
     </span>
     <span class='ocr_line' id='line_1_24' title="bbox 372 2604 1722 2687; baseline -0.004 -17"><span class='ocrx_word' id='word_1_222' title='bbox 372 2609 457 2670; x_wconf 90' lang='lat' dir='ltr'>Luna</span> <span class='ocrx_word' id='word_1_223' title='bbox 485 2606 550 2685; x_wconf 90' lang='lat' dir='ltr'>jam</span> <span class='ocrx_word' id='word_1_224' title='bbox 583 2606 808 2685; x_wconf 85' lang='lat' dir='ltr'>immergeretur</span> <span class='ocrx_word' id='word_1_225' title='bbox 840 2608 975 2680; x_wconf 87' lang='lat' dir='ltr'>umbrae,</span> <span class='ocrx_word' id='word_1_226' title='bbox 1010 2617 1143 2669; x_wconf 90' lang='lat' dir='ltr'>restante</span> <span class='ocrx_word' id='word_1_227' title='bbox 1177 2609 1286 2687; x_wconf 85' lang='lat' dir='ltr'>exigua</span> <span class='ocrx_word' id='word_1_228' title='bbox 1314 2607 1389 2669; x_wconf 90' lang='lat' dir='ltr'>lucis</span> <span class='ocrx_word' id='word_1_229' title='bbox 1418 2629 1436 2668; x_wconf 90' lang='lat' dir='ltr'>a</span> <span class='ocrx_word' id='word_1_230' title='bbox 1464 2604 1536 2668; x_wconf 90' lang='lat' dir='ltr'>Sole</span> <span class='ocrx_word' id='word_1_231' title='bbox 1569 2604 1722 2685; x_wconf 83' lang='lat' dir='ltr'>particula,</span> 
     </span>
     <span class='ocr_line' id='line_1_25' title="bbox 370 2693 1723 2772; baseline -0.004 -14"><span class='ocrx_word' id='word_1_232' title='bbox 370 2697 477 2759; x_wconf 92' lang='lat' dir='ltr'>rubore</span> <span class='ocrx_word' id='word_1_233' title='bbox 500 2704 602 2756; x_wconf 90' lang='lat' dir='ltr'>tamen</span> <span class='ocrx_word' id='word_1_234' title='bbox 627 2713 680 2754; x_wconf 92' lang='lat' dir='ltr'>suo</span> <span class='ocrx_word' id='word_1_235' title='bbox 710 2696 801 2772; x_wconf 79' lang='lat' dir='ltr'>juxta</span> <span class='ocrx_word' id='word_1_236' title='bbox 824 2703 890 2756; x_wconf 89' lang='lat' dir='ltr'>tota</span> <span class='ocrx_word' id='word_1_237' title='bbox 921 2696 1118 2770; x_wconf 89' lang='lat' dir='ltr'>cernebatnr;</span> <span class='ocrx_word' id='word_1_238' title='bbox 1152 2698 1228 2758; x_wconf 85' lang='lat' dir='ltr'>adeo</span> <span class='ocrx_word' id='word_1_239' title='bbox 1261 2696 1385 2756; x_wconf 86' lang='lat' dir='ltr'>evidens</span> <span class='ocrx_word' id='word_1_240' title='bbox 1415 2696 1503 2757; x_wconf 90' lang='lat' dir='ltr'>rubor</span> <span class='ocrx_word' id='word_1_241' title='bbox 1533 2696 1599 2757; x_wconf 88' lang='lat' dir='ltr'>luit.</span> <span class='ocrx_word' id='word_1_242' title='bbox 1647 2693 1723 2754; x_wconf 82' lang='lat' dir='ltr'>Tune</span> 
     </span>
     <span class='ocr_line' id='line_1_26' title="bbox 370 2782 1722 2866; baseline -0.004 -19"><span class='ocrx_word' id='word_1_243' title='bbox 370 2786 462 2866; x_wconf 88' lang='lat' dir='ltr'>igitur</span> <span class='ocrx_word' id='word_1_244' title='bbox 486 2804 501 2845; x_wconf 89' lang='lat' dir='ltr'>e</span> <span class='ocrx_word' id='word_1_245' title='bbox 526 2783 647 2863; x_wconf 86' lang='lat' dir='ltr'>regione</span> <span class='ocrx_word' id='word_1_246' title='bbox 682 2783 755 2845; x_wconf 90' lang='lat' dir='ltr'>lucis</span> <span class='ocrx_word' id='word_1_247' title='bbox 784 2804 822 2844; x_wconf 83' lang='lat' dir='ltr'>ex</span> <span class='ocrx_word' id='word_1_248' title='bbox 845 2783 916 2845; x_wconf 90' lang='lat' dir='ltr'>Sole</span> <span class='ocrx_word' id='word_1_249' title='bbox 947 2786 1051 2862; x_wconf 91' lang='lat' dir='ltr'>(paulo</span> <span class='ocrx_word' id='word_1_250' title='bbox 1084 2786 1236 2864; x_wconf 90' lang='lat' dir='ltr'>superius)</span> <span class='ocrx_word' id='word_1_251' title='bbox 1270 2785 1430 2846; x_wconf 87' lang='lat' dir='ltr'>videbatur</span> <span class='ocrx_word' id='word_1_252' title='bbox 1460 2784 1557 2845; x_wconf 90' lang='lat' dir='ltr'>denuo</span> <span class='ocrx_word' id='word_1_253' title='bbox 1591 2782 1722 2854; x_wconf 80' lang='lat' dir='ltr'>deficere,</span> 
     </span>
     <span class='ocr_line' id='line_1_27' title="bbox 371 2872 1723 2952; baseline -0.004 -15"><span class='ocrx_word' id='word_1_254' title='bbox 371 2875 477 2937; x_wconf 90' lang='lat' dir='ltr'>rubore</span> <span class='ocrx_word' id='word_1_255' title='bbox 502 2872 617 2933; x_wconf 85' lang='lat' dir='ltr'>scilicet</span> <span class='ocrx_word' id='word_1_256' title='bbox 641 2872 706 2950; x_wconf 92' lang='lat' dir='ltr'>ipso</span> <span class='ocrx_word' id='word_1_257' title='bbox 731 2874 822 2934; x_wconf 88' lang='lat' dir='ltr'>etiam</span> <span class='ocrx_word' id='word_1_258' title='bbox 846 2874 992 2951; x_wconf 90' lang='lat' dir='ltr'>paulatim</span> <span class='ocrx_word' id='word_1_259' title='bbox 1016 2874 1151 2945; x_wconf 89' lang='lat' dir='ltr'>cedente,</span> <span class='ocrx_word' id='word_1_260' title='bbox 1176 2893 1228 2934; x_wconf 91' lang='lat' dir='ltr'>seu</span> <span class='ocrx_word' id='word_1_261' title='bbox 1254 2873 1350 2952; x_wconf 89' lang='lat' dir='ltr'>magis</span> <span class='ocrx_word' id='word_1_262' title='bbox 1373 2874 1460 2934; x_wconf 86' lang='lat' dir='ltr'>Luna</span> <span class='ocrx_word' id='word_1_263' title='bbox 1482 2872 1625 2934; x_wconf 83' lang='lat' dir='ltr'>orientali</span> <span class='ocrx_word' id='word_1_264' title='bbox 1648 2889 1723 2932; x_wconf 82' lang='lat' dir='ltr'>mar·</span> 
     </span>
     <span class='ocr_line' id='line_1_28' title="bbox 370 2958 1724 3044; baseline -0.005 -19"><span class='ocrx_word' id='word_1_265' title='bbox 370 2964 439 3044; x_wconf 86' lang='lat' dir='ltr'>gine</span> <span class='ocrx_word' id='word_1_266' title='bbox 458 2964 522 3043; x_wconf 89' lang='lat' dir='ltr'>jam</span> <span class='ocrx_word' id='word_1_267' title='bbox 546 2961 575 3022; x_wconf 89' lang='lat' dir='ltr'>in</span> <span class='ocrx_word' id='word_1_268' title='bbox 600 2962 721 3021; x_wconf 86' lang='lat' dir='ltr'>umbrae</span> <span class='ocrx_word' id='word_1_269' title='bbox 746 2961 985 3040; x_wconf 87' lang='lat' dir='ltr'>caliginosioreru</span> <span class='ocrx_word' id='word_1_270' title='bbox 1009 2972 1126 3041; x_wconf 83' lang='lat' dir='ltr'>partem</span> <span class='ocrx_word' id='word_1_271' title='bbox 1152 2962 1347 3041; x_wconf 88' lang='lat' dir='ltr'>ingrediente.</span> <span class='ocrx_word' id='word_1_272' title='bbox 1386 2962 1502 3023; x_wconf 87' lang='lat' dir='ltr'>Ultima</span> <span class='ocrx_word' id='word_1_273' title='bbox 1525 2980 1563 3021; x_wconf 84' lang='lat' dir='ltr'>ex</span> <span class='ocrx_word' id='word_1_274' title='bbox 1583 2958 1657 3022; x_wconf 89' lang='lat' dir='ltr'>Sole</span> <span class='ocrx_word' id='word_1_275' title='bbox 1681 2959 1724 3019; x_wconf 82' lang='lat' dir='ltr'>lux</span> 
     </span>
     <span class='ocr_line' id='line_1_29' title="bbox 371 3048 1723 3131; baseline -0.005 -18"><span class='ocrx_word' id='word_1_276' title='bbox 371 3052 530 3113; x_wconf 84' lang='lat' dir='ltr'>desinebat</span> <span class='ocrx_word' id='word_1_277' title='bbox 553 3052 582 3111; x_wconf 94' lang='lat' dir='ltr'>in</span> <span class='ocrx_word' id='word_1_278' title='bbox 606 3048 700 3126; x_wconf 71' lang='lat' dir='ltr'>duppe</span> <span class='ocrx_word' id='word_1_279' title='bbox 728 3051 857 3119; x_wconf 87' lang='lat' dir='ltr'>ruboris,</span> <span class='ocrx_word' id='word_1_280' title='bbox 881 3059 914 3111; x_wconf 87' lang='lat' dir='ltr'>ut</span> <span class='ocrx_word' id='word_1_281' title='bbox 938 3052 1069 3112; x_wconf 86' lang='lat' dir='ltr'>nescires</span> <span class='ocrx_word' id='word_1_282' title='bbox 1101 3051 1298 3131; x_wconf 89' lang='lat' dir='ltr'>distinguere,</span> <span class='ocrx_word' id='word_1_283' title='bbox 1330 3050 1386 3112; x_wconf 91' lang='lat' dir='ltr'>nisi</span> <span class='ocrx_word' id='word_1_284' title='bbox 1412 3070 1448 3111; x_wconf 85' lang='lat' dir='ltr'>ex</span> <span class='ocrx_word' id='word_1_285' title='bbox 1473 3069 1508 3111; x_wconf 88' lang='lat' dir='ltr'>eo</span> <span class='ocrx_word' id='word_1_286' title='bbox 1537 3049 1617 3129; x_wconf 92' lang='lat' dir='ltr'>quod</span> <span class='ocrx_word' id='word_1_287' title='bbox 1641 3066 1723 3110; x_wconf 90' lang='lat' dir='ltr'>cornu</span> 
     </span>
     <span class='ocr_line' id='line_1_30' title="bbox 371 3138 1723 3219; baseline -0.005 -16"><span class='ocrx_word' id='word_1_288' title='bbox 371 3143 434 3203; x_wconf 87' lang='lat' dir='ltr'>late</span> <span class='ocrx_word' id='word_1_289' title='bbox 458 3139 582 3202; x_wconf 91' lang='lat' dir='ltr'>rubeum</span> <span class='ocrx_word' id='word_1_290' title='bbox 606 3141 735 3199; x_wconf 91' lang='lat' dir='ltr'>colorem</span> <span class='ocrx_word' id='word_1_291' title='bbox 764 3139 898 3199; x_wconf 89' lang='lat' dir='ltr'>babebat</span> <span class='ocrx_word' id='word_1_292' title='bbox 922 3148 953 3199; x_wconf 92' lang='lat' dir='ltr'>et</span> <span class='ocrx_word' id='word_1_293' title='bbox 983 3141 1152 3219; x_wconf 91' lang='lat' dir='ltr'>aequalem,</span> <span class='ocrx_word' id='word_1_294' title='bbox 1184 3160 1240 3200; x_wconf 92' lang='lat' dir='ltr'>nou</span> <span class='ocrx_word' id='word_1_295' title='bbox 1269 3158 1340 3200; x_wconf 87' lang='lat' dir='ltr'>vero</span> <span class='ocrx_word' id='word_1_296' title='bbox 1370 3139 1542 3200; x_wconf 91' lang='lat' dir='ltr'>lucidiorem</span> <span class='ocrx_word' id='word_1_297' title='bbox 1567 3140 1598 3200; x_wconf 94' lang='lat' dir='ltr'>in</span> <span class='ocrx_word' id='word_1_298' title='bbox 1622 3138 1723 3198; x_wconf 88' lang='lat' dir='ltr'>medio.</span> 
     </span>
     <span class='ocr_line' id='line_1_31' title="bbox 371 3225 1724 3309; baseline -0.007 -17"><span class='ocrx_word' id='word_1_299' title='bbox 371 3230 464 3292; x_wconf 86' lang='lat' dir='ltr'>Paulo</span> <span class='ocrx_word' id='word_1_300' title='bbox 491 3237 651 3305; x_wconf 90' lang='lat' dir='ltr'>antequam</span> <span class='ocrx_word' id='word_1_301' title='bbox 675 3247 742 3287; x_wconf 90' lang='lat' dir='ltr'>sese</span> <span class='ocrx_word' id='word_1_302' title='bbox 766 3238 975 3306; x_wconf 87' lang='lat' dir='ltr'>postmontes</span> <span class='ocrx_word' id='word_1_303' title='bbox 1000 3230 1156 3307; x_wconf 89' lang='lat' dir='ltr'>reciperet,</span> <span class='ocrx_word' id='word_1_304' title='bbox 1183 3228 1270 3309; x_wconf 88' lang='lat' dir='ltr'>rubor</span> <span class='ocrx_word' id='word_1_305' title='bbox 1289 3229 1424 3306; x_wconf 72' lang='lat' dir='ltr'>quamtis</span> <span class='ocrx_word' id='word_1_306' title='bbox 1449 3229 1530 3289; x_wconf 87' lang='lat' dir='ltr'>claro</span> <span class='ocrx_word' id='word_1_307' title='bbox 1555 3225 1724 3307; x_wconf 89' lang='lat' dir='ltr'>crepusculo</span> 
     </span>
     <span class='ocr_line' id='line_1_32' title="bbox 372 3316 1725 3396; baseline -0.007 -15"><span class='ocrx_word' id='word_1_308' title='bbox 372 3328 403 3380; x_wconf 91' lang='lat' dir='ltr'>et</span> <span class='ocrx_word' id='word_1_309' title='bbox 434 3319 519 3380; x_wconf 85' lang='lat' dir='ltr'>Luua</span> <span class='ocrx_word' id='word_1_310' title='bbox 551 3316 696 3396; x_wconf 81' lang='lat' dir='ltr'>profunde</span> <span class='ocrx_word' id='word_1_311' title='bbox 728 3316 757 3377; x_wconf 95' lang='lat' dir='ltr'>in</span> <span class='ocrx_word' id='word_1_312' title='bbox 788 3318 922 3378; x_wconf 89' lang='lat' dir='ltr'>umbram</span> <span class='ocrx_word' id='word_1_313' title='bbox 957 3316 1099 3378; x_wconf 91' lang='lat' dir='ltr'>immersa</span> <span class='ocrx_word' id='word_1_314' title='bbox 1134 3317 1227 3378; x_wconf 84' lang='lat' dir='ltr'>videri</span> <span class='ocrx_word' id='word_1_315' title='bbox 1262 3327 1361 3379; x_wconf 88' lang='lat' dir='ltr'>tamen</span> <span class='ocrx_word' id='word_1_316' title='bbox 1399 3318 1498 3396; x_wconf 89' lang='lat' dir='ltr'>potuit</span> <span class='ocrx_word' id='word_1_317' title='bbox 1531 3316 1670 3396; x_wconf 88' lang='lat' dir='ltr'>adeoque</span> <span class='ocrx_word' id='word_1_318' title='bbox 1700 3322 1725 3372; x_wconf 87' lang='lat' dir='ltr'>et</span> 
     </span>
     <span class='ocr_line' id='line_1_33' title="bbox 366 3403 1725 3485; baseline -0.007 -16"><span class='ocrx_word' id='word_1_319' title='bbox 366 3407 524 3485; x_wconf 86' lang='lat' dir='ltr'>distingui,</span> <span class='ocrx_word' id='word_1_320' title='bbox 551 3406 628 3485; x_wconf 90' lang='lat' dir='ltr'>quod</span> <span class='ocrx_word' id='word_1_321' title='bbox 652 3423 724 3483; x_wconf 89' lang='lat' dir='ltr'>pars</span> <span class='ocrx_word' id='word_1_322' title='bbox 749 3406 943 3468; x_wconf 88' lang='lat' dir='ltr'>occidentalis</span> <span class='ocrx_word' id='word_1_323' title='bbox 963 3407 1060 3467; x_wconf 90' lang='lat' dir='ltr'>adhuc</span> <span class='ocrx_word' id='word_1_324' title='bbox 1084 3416 1167 3468; x_wconf 89' lang='lat' dir='ltr'>esset</span> <span class='ocrx_word' id='word_1_325' title='bbox 1192 3405 1390 3469; x_wconf 88' lang='lat' dir='ltr'>rubicundior.</span> <span class='ocrx_word' id='word_1_326' title='bbox 1429 3406 1501 3466; x_wconf 86' lang='lat' dir='ltr'>Fuit</span> <span class='ocrx_word' id='word_1_327' title='bbox 1525 3415 1628 3467; x_wconf 89' lang='lat' dir='ltr'>tamen</span> <span class='ocrx_word' id='word_1_328' title='bbox 1653 3403 1725 3464; x_wconf 82' lang='lat' dir='ltr'>circs</span> 
     </span>
     <span class='ocr_line' id='line_1_34' title="bbox 371 3492 1725 3575; baseline -0.005 -17"><span class='ocrx_word' id='word_1_329' title='bbox 371 3498 500 3558; x_wconf 92' lang='lat' dir='ltr'>medinm</span> <span class='ocrx_word' id='word_1_330' title='bbox 525 3494 646 3555; x_wconf 89' lang='lat' dir='ltr'>umbrae</span> <span class='ocrx_word' id='word_1_331' title='bbox 671 3513 736 3553; x_wconf 93' lang='lat' dir='ltr'>curn</span> <span class='ocrx_word' id='word_1_332' title='bbox 760 3496 926 3556; x_wconf 92' lang='lat' dir='ltr'>occideret:</span> <span class='ocrx_word' id='word_1_333' title='bbox 962 3497 1044 3557; x_wconf 91' lang='lat' dir='ltr'>nulla</span> <span class='ocrx_word' id='word_1_334' title='bbox 1074 3515 1201 3575; x_wconf 90' lang='lat' dir='ltr'>naruque</span> <span class='ocrx_word' id='word_1_335' title='bbox 1225 3515 1279 3574; x_wconf 92' lang='lat' dir='ltr'>per</span> <span class='ocrx_word' id='word_1_336' title='bbox 1312 3501 1411 3555; x_wconf 75' lang='lat' dir='ltr'>adrem</span> <span class='ocrx_word' id='word_1_337' title='bbox 1438 3495 1505 3568; x_wconf 82' lang='lat' dir='ltr'>lnx,</span> <span class='ocrx_word' id='word_1_338' title='bbox 1531 3494 1646 3554; x_wconf 93' lang='lat' dir='ltr'>nullum</span> <span class='ocrx_word' id='word_1_339' title='bbox 1670 3492 1725 3570; x_wconf 85' lang='lat' dir='ltr'>ejus</span> 
     </span>
     <span class='ocr_line' id='line_1_35' title="bbox 371 3581 1724 3663; baseline -0.004 -19"><span class='ocrx_word' id='word_1_340' title='bbox 371 3584 531 3662; x_wconf 86' lang='lat' dir='ltr'>vestigium</span> <span class='ocrx_word' id='word_1_341' title='bbox 556 3584 738 3662; x_wconf 90' lang='lat' dir='ltr'>paulopost</span> <span class='ocrx_word' id='word_1_342' title='bbox 762 3584 916 3663; x_wconf 88' lang='lat' dir='ltr'>apparuit,</span> <span class='ocrx_word' id='word_1_343' title='bbox 942 3592 1025 3658; x_wconf 76' lang='lat' dir='ltr'>aere,</span> <span class='ocrx_word' id='word_1_344' title='bbox 1052 3585 1100 3663; x_wconf 91' lang='lat' dir='ltr'>qui</span> <span class='ocrx_word' id='word_1_345' title='bbox 1124 3585 1274 3646; x_wconf 90' lang='lat' dir='ltr'>montibus</span> <span class='ocrx_word' id='word_1_346' title='bbox 1299 3592 1347 3645; x_wconf 89' lang='lat' dir='ltr'>est</span> <span class='ocrx_word' id='word_1_347' title='bbox 1369 3584 1540 3663; x_wconf 87' lang='lat' dir='ltr'>proximus,</span> <span class='ocrx_word' id='word_1_348' title='bbox 1572 3581 1724 3643; x_wconf 85' lang='lat' dir='ltr'>admodum</span> 
     </span>
     <span class='ocr_line' id='line_1_36' title="bbox 374 3674 685 3735; baseline -0.013 0"><span class='ocrx_word' id='word_1_349' title='bbox 374 3674 493 3735; x_wconf 91' lang='lat' dir='ltr'>humido</span> <span class='ocrx_word' id='word_1_350' title='bbox 517 3681 550 3732; x_wconf 88' lang='lat' dir='ltr'>et</span> <span class='ocrx_word' id='word_1_351' title='bbox 573 3690 685 3732; x_wconf 88' lang='lat' dir='ltr'>crasso.</span> 
     </span>
    </p>

    <p class='ocr_par' dir='ltr' id='par_1_6' title="bbox 377 3754 1725 3927">
     <span class='ocr_line' id='line_1_37' title="bbox 462 3754 1725 3841; baseline -0.004 -21"><span class='ocrx_word' id='word_1_352' title='bbox 462 3762 539 3822; x_wconf 87' lang='lat' dir='ltr'>Vide</span> <span class='ocrx_word' id='word_1_353' title='bbox 564 3762 626 3821; x_wconf 89' lang='lat' dir='ltr'>tale</span> <span class='ocrx_word' id='word_1_354' title='bbox 651 3759 801 3839; x_wconf 87' lang='lat' dir='ltr'>quippiam</span> <span class='ocrx_word' id='word_1_355' title='bbox 826 3770 857 3821; x_wconf 92' lang='lat' dir='ltr'>et</span> <span class='ocrx_word' id='word_1_356' title='bbox 880 3761 960 3822; x_wconf 82' lang='lat' dir='ltr'>infra</span> <span class='ocrx_word' id='word_1_357' title='bbox 983 3780 1048 3840; x_wconf 88' lang='lat' dir='ltr'>cap.</span> <span class='ocrx_word' id='word_1_358' title='bbox 1067 3761 1123 3823; x_wconf 90' lang='lat' dir='ltr'>XI.</span> <span class='ocrx_word' id='word_1_359' title='bbox 1149 3761 1244 3841; x_wconf 90' lang='lat' dir='ltr'>probl.</span> <span class='ocrx_word' id='word_1_360' title='bbox 1271 3758 1323 3823; x_wconf 87' lang='grc'>31.</span> <span class='ocrx_word' id='word_1_361' title='bbox 1349 3760 1377 3821; x_wconf 90' lang='lat' dir='ltr'>in</span> <span class='ocrx_word' id='word_1_362' title='bbox 1402 3758 1507 3838; x_wconf 91' lang='lat' dir='ltr'>eclipsi</span> <span class='ocrx_word' id='word_1_363' title='bbox 1532 3758 1640 3820; x_wconf 87' lang='lat' dir='ltr'>Lunae</span> <span class='ocrx_word' id='word_1_364' title='bbox 1663 3754 1725 3819; x_wconf 82' lang='lat' dir='ltr'>anni</span> 
     </span>
     <span class='ocr_line' id='line_1_38' title="bbox 377 3844 751 3927; baseline -0.013 -15"><span class='ocrx_word' id='word_1_365' title='bbox 377 3846 471 3912; x_wconf 88' lang='grc'><strong>1603.</strong></span> <span class='ocrx_word' id='word_1_366' title='bbox 497 3844 581 3927; x_wconf 75' lang='grc'><strong>8118.</strong></span> <span class='ocrx_word' id='word_1_367' title='bbox 605 3849 751 3909; x_wconf 86' lang='lat' dir='ltr'>Noverub.</span> 
     </span>
    </p>

    <p class='ocr_par' dir='ltr' id='par_1_7' title="bbox 374 3933 1728 5064">
     <span class='ocr_line' id='line_1_39' title="bbox 464 3933 1725 4015; baseline -0.007 -17"><span class='ocrx_word' id='word_1_368' title='bbox 464 3935 525 3998; x_wconf 87' lang='lat' dir='ltr'>Sed</span> <span class='ocrx_word' id='word_1_369' title='bbox 551 3938 661 3997; x_wconf 89' lang='lat' dir='ltr'>nullum</span> <span class='ocrx_word' id='word_1_370' title='bbox 685 3936 794 3998; x_wconf 87' lang='lat' dir='ltr'>clarius</span> <span class='ocrx_word' id='word_1_371' title='bbox 819 3936 987 4015; x_wconf 81' lang='lat' dir='ltr'>exemplum</span> <span class='ocrx_word' id='word_1_372' title='bbox 1012 3936 1195 4015; x_wconf 87' lang='lat' dir='ltr'>suppeditari</span> <span class='ocrx_word' id='word_1_373' title='bbox 1218 3944 1331 4015; x_wconf 89' lang='lat' dir='ltr'>potest,</span> <span class='ocrx_word' id='word_1_374' title='bbox 1356 3954 1444 4015; x_wconf 90' lang='lat' dir='ltr'>qnam</span> <span class='ocrx_word' id='word_1_375' title='bbox 1465 3934 1542 4015; x_wconf 88' lang='lat' dir='ltr'>quod</span> <span class='ocrx_word' id='word_1_376' title='bbox 1568 3933 1631 3995; x_wconf 81' lang='lat' dir='ltr'>vidi</span> <span class='ocrx_word' id='word_1_377' title='bbox 1655 3947 1725 3993; x_wconf 80' lang='lat' dir='ltr'>auno</span> 
     </span>
     <span class='ocr_line' id='line_1_40' title="bbox 377 4020 1726 4108; baseline -0.007 -18"><span class='ocrx_word' id='word_1_378' title='bbox 377 4023 471 4090; x_wconf 86' lang='grc'><strong>1598.</strong></span> <span class='ocrx_word' id='word_1_379' title='bbox 497 4020 529 4108; x_wconf 74' lang='lat' dir='ltr'>til</span> <span class='ocrx_word' id='word_1_380' title='bbox 537 4022 581 4088; x_wconf 95' lang='grc'>16.</span> <span class='ocrx_word' id='word_1_381' title='bbox 602 4026 848 4104; x_wconf 77' lang='lat' dir='ltr'>Augustiprope</span> <span class='ocrx_word' id='word_1_382' title='bbox 866 4024 1015 4099; x_wconf 78' lang='lat' dir='ltr'>Graiium,</span> <span class='ocrx_word' id='word_1_383' title='bbox 1041 4026 1127 4085; x_wconf 91' lang='lat' dir='ltr'>Luna</span> <span class='ocrx_word' id='word_1_384' title='bbox 1151 4036 1218 4085; x_wconf 89' lang='lat' dir='ltr'>orta</span> <span class='ocrx_word' id='word_1_385' title='bbox 1242 4026 1271 4086; x_wconf 94' lang='lat' dir='ltr'>in</span> <span class='ocrx_word' id='word_1_386' title='bbox 1296 4024 1439 4095; x_wconf 88' lang='lat' dir='ltr'>tenebris,</span> <span class='ocrx_word' id='word_1_387' title='bbox 1464 4025 1581 4084; x_wconf 92' lang='lat' dir='ltr'>coelum</span> <span class='ocrx_word' id='word_1_388' title='bbox 1604 4022 1726 4083; x_wconf 81' lang='lat' dir='ltr'>nubibus</span> 
     </span>
     <span class='ocr_line' id='line_1_41' title="bbox 374 4109 1726 4191; baseline -0.007 -13"><span class='ocrx_word' id='word_1_389' title='bbox 374 4114 585 4178; x_wconf 87' lang='lat' dir='ltr'>obvelantibus</span> <span class='ocrx_word' id='word_1_390' title='bbox 616 4115 697 4174; x_wconf 88' lang='lat' dir='ltr'>circa</span> <span class='ocrx_word' id='word_1_391' title='bbox 726 4114 932 4187; x_wconf 87' lang='lat' dir='ltr'>horizontem,</span> <span class='ocrx_word' id='word_1_392' title='bbox 967 4128 1000 4174; x_wconf 90' lang='lat' dir='ltr'>ut</span> <span class='ocrx_word' id='word_1_393' title='bbox 1028 4116 1165 4175; x_wconf 84' lang='lat' dir='ltr'>exoriens</span> <span class='ocrx_word' id='word_1_394' title='bbox 1196 4134 1252 4174; x_wconf 93' lang='lat' dir='ltr'>non</span> <span class='ocrx_word' id='word_1_395' title='bbox 1285 4115 1516 4191; x_wconf 83' lang='lat' dir='ltr'>conspiceretur.</span> <span class='ocrx_word' id='word_1_396' title='bbox 1564 4109 1644 4173; x_wconf 90' lang='lat' dir='ltr'>Cum</span> <span class='ocrx_word' id='word_1_397' title='bbox 1668 4109 1726 4188; x_wconf 80' lang='lat' dir='ltr'>jan</span> 
     </span>
     <span class='ocr_line' id='line_1_42' title="bbox 375 4196 1727 4285; baseline -0.004 -19"><span class='ocrx_word' id='word_1_398' title='bbox 375 4207 491 4285; x_wconf 86' lang='lat' dir='ltr'>aliquot</span> <span class='ocrx_word' id='word_1_399' title='bbox 523 4202 669 4284; x_wconf 89' lang='lat' dir='ltr'>graduum</span> <span class='ocrx_word' id='word_1_400' title='bbox 704 4203 829 4262; x_wconf 88' lang='lat' dir='ltr'>haberet</span> <span class='ocrx_word' id='word_1_401' title='bbox 860 4204 1067 4276; x_wconf 89' lang='lat' dir='ltr'>altitudinem,</span> <span class='ocrx_word' id='word_1_402' title='bbox 1101 4202 1228 4264; x_wconf 88' lang='lat' dir='ltr'>nubibus</span> <span class='ocrx_word' id='word_1_403' title='bbox 1265 4203 1418 4264; x_wconf 87' lang='lat' dir='ltr'>hiantibus</span> <span class='ocrx_word' id='word_1_404' title='bbox 1455 4200 1578 4262; x_wconf 87' lang='lat' dir='ltr'>emicuit</span> <span class='ocrx_word' id='word_1_405' title='bbox 1610 4196 1727 4261; x_wconf 82' lang='lat' dir='ltr'>dimidio</span> 
     </span>
     <span class='ocr_line' id='line_1_43' title="bbox 374 4288 1727 4371; baseline -0.006 -15"><span class='ocrx_word' id='word_1_406' title='bbox 374 4295 494 4356; x_wconf 89' lang='lat' dir='ltr'>circiter</span> <span class='ocrx_word' id='word_1_407' title='bbox 517 4311 641 4371; x_wconf 92' lang='lat' dir='ltr'>corpore</span> <span class='ocrx_word' id='word_1_408' title='bbox 666 4292 834 4354; x_wconf 90' lang='lat' dir='ltr'>clarissima</span> <span class='ocrx_word' id='word_1_409' title='bbox 851 4310 904 4369; x_wconf 88' lang='lat' dir='ltr'>per·</span> <span class='ocrx_word' id='word_1_410' title='bbox 923 4293 1069 4364; x_wconf 90' lang='lat' dir='ltr'>ruborem,</span> <span class='ocrx_word' id='word_1_411' title='bbox 1095 4303 1204 4352; x_wconf 92' lang='lat' dir='ltr'>utnon</span> <span class='ocrx_word' id='word_1_412' title='bbox 1229 4301 1403 4352; x_wconf 86' lang='lat' dir='ltr'>censeretur</span> <span class='ocrx_word' id='word_1_413' title='bbox 1422 4309 1459 4349; x_wconf 89' lang='lat' dir='ltr'>ea</span> <span class='ocrx_word' id='word_1_414' title='bbox 1478 4298 1566 4367; x_wconf 80' lang='lat' dir='ltr'>parts</span> <span class='ocrx_word' id='word_1_415' title='bbox 1592 4288 1727 4355; x_wconf 69' lang='lat' dir='ltr'>deficeres</span> 
     </span>
     <span class='ocr_line' id='line_1_44' title="bbox 375 4376 1727 4460; baseline -0.007 -16"><span class='ocrx_word' id='word_1_416' title='bbox 375 4381 497 4444; x_wconf 86' lang='lat' dir='ltr'>dimidio</span> <span class='ocrx_word' id='word_1_417' title='bbox 521 4381 571 4439; x_wconf 83' lang='lat' dir='ltr'>vix</span> <span class='ocrx_word' id='word_1_418' title='bbox 595 4382 765 4460; x_wconf 89' lang='lat' dir='ltr'>conspicua,</span> <span class='ocrx_word' id='word_1_419' title='bbox 792 4397 858 4440; x_wconf 91' lang='lat' dir='ltr'>cum</span> <span class='ocrx_word' id='word_1_420' title='bbox 882 4389 948 4440; x_wconf 87' lang='lat' dir='ltr'>tota</span> <span class='ocrx_word' id='word_1_421' title='bbox 973 4380 1118 4440; x_wconf 84' lang='lat' dir='ltr'>tamenin</span> <span class='ocrx_word' id='word_1_422' title='bbox 1139 4380 1243 4441; x_wconf 90' lang='lat' dir='ltr'>umbra</span> <span class='ocrx_word' id='word_1_423' title='bbox 1266 4388 1359 4441; x_wconf 88' lang='lat' dir='ltr'>esset.</span> <span class='ocrx_word' id='word_1_424' title='bbox 1398 4379 1540 4439; x_wconf 89' lang='lat' dir='ltr'>insuetus</span> <span class='ocrx_word' id='word_1_425' title='bbox 1563 4395 1622 4456; x_wconf 89' lang='lat' dir='ltr'>ego</span> <span class='ocrx_word' id='word_1_426' title='bbox 1646 4376 1727 4452; x_wconf 84' lang='lat' dir='ltr'>bujus</span> 
     </span>
     <span class='ocr_line' id='line_1_45' title="bbox 374 4464 1726 4548; baseline -0.004 -15"><span class='ocrx_word' id='word_1_427' title='bbox 374 4471 491 4534; x_wconf 90' lang='lat' dir='ltr'>ruboris</span> <span class='ocrx_word' id='word_1_428' title='bbox 515 4470 665 4540; x_wconf 75' lang='lat' dir='ltr'>mirabar:</span> <span class='ocrx_word' id='word_1_429' title='bbox 699 4488 795 4548; x_wconf 87' lang='lat' dir='ltr'>neque</span> <span class='ocrx_word' id='word_1_430' title='bbox 828 4469 905 4529; x_wconf 89' lang='lat' dir='ltr'>enim</span> <span class='ocrx_word' id='word_1_431' title='bbox 936 4482 1073 4548; x_wconf 91' lang='lat' dir='ltr'>poteram</span> <span class='ocrx_word' id='word_1_432' title='bbox 1098 4488 1144 4528; x_wconf 90' lang='lat' dir='ltr'>me</span> <span class='ocrx_word' id='word_1_433' title='bbox 1169 4469 1264 4546; x_wconf 88' lang='lat' dir='ltr'>ipsum</span> <span class='ocrx_word' id='word_1_434' title='bbox 1295 4469 1412 4529; x_wconf 85' lang='lat' dir='ltr'>firmare</span> <span class='ocrx_word' id='word_1_435' title='bbox 1436 4466 1465 4526; x_wconf 91' lang='lat' dir='ltr'>iu</span> <span class='ocrx_word' id='word_1_436' title='bbox 1490 4466 1552 4526; x_wconf 87' lang='lat' dir='ltr'>ulla</span> <span class='ocrx_word' id='word_1_437' title='bbox 1582 4464 1726 4544; x_wconf 78' lang='lat' dir='ltr'>opinions</span> 
     </span>
     <span class='ocr_line' id='line_1_46' title="bbox 375 4554 1728 4637; baseline -0.007 -14"><span class='ocrx_word' id='word_1_438' title='bbox 375 4561 509 4622; x_wconf 88' lang='lat' dir='ltr'>umbram</span> <span class='ocrx_word' id='word_1_439' title='bbox 538 4558 745 4637; x_wconf 88' lang='lat' dir='ltr'>ingrederetur</span> <span class='ocrx_word' id='word_1_440' title='bbox 768 4576 805 4616; x_wconf 89' lang='lat' dir='ltr'>nu</span> <span class='ocrx_word' id='word_1_441' title='bbox 831 4558 992 4618; x_wconf 88' lang='lat' dir='ltr'>desereret.</span> <span class='ocrx_word' id='word_1_442' title='bbox 1040 4556 1119 4617; x_wconf 92' lang='lat' dir='ltr'>Illud</span> <span class='ocrx_word' id='word_1_443' title='bbox 1147 4559 1237 4618; x_wconf 90' lang='lat' dir='ltr'>etiam</span> <span class='ocrx_word' id='word_1_444' title='bbox 1265 4557 1353 4617; x_wconf 82' lang='lat' dir='ltr'>ualde</span> <span class='ocrx_word' id='word_1_445' title='bbox 1389 4555 1508 4616; x_wconf 91' lang='lat' dir='ltr'>dubium</span> <span class='ocrx_word' id='word_1_446' title='bbox 1538 4554 1655 4626; x_wconf 86' lang='lat' dir='ltr'>tenuit,</span> <span class='ocrx_word' id='word_1_447' title='bbox 1682 4566 1728 4612; x_wconf 82' lang='lat' dir='ltr'>nur</span> 
     </span>
     <span class='ocr_line' id='line_1_47' title="bbox 375 4640 1728 4725; baseline -0.007 -15"><span class='ocrx_word' id='word_1_448' title='bbox 375 4668 433 4710; x_wconf 93' lang='lat' dir='ltr'>nou</span> <span class='ocrx_word' id='word_1_449' title='bbox 468 4647 702 4725; x_wconf 89' lang='lat' dir='ltr'>distingueretur</span> <span class='ocrx_word' id='word_1_450' title='bbox 735 4645 890 4706; x_wconf 88' lang='lat' dir='ltr'>evidenter</span> <span class='ocrx_word' id='word_1_451' title='bbox 921 4664 994 4725; x_wconf 90' lang='lat' dir='ltr'>pars</span> <span class='ocrx_word' id='word_1_452' title='bbox 1028 4645 1126 4706; x_wconf 90' lang='lat' dir='ltr'>lucida</span> <span class='ocrx_word' id='word_1_453' title='bbox 1150 4666 1168 4705; x_wconf 94' lang='lat' dir='ltr'>a</span> <span class='ocrx_word' id='word_1_454' title='bbox 1191 4646 1368 4717; x_wconf 88' lang='lat' dir='ltr'>tenebrosa,</span> <span class='ocrx_word' id='word_1_455' title='bbox 1403 4662 1457 4704; x_wconf 86' lang='lat' dir='ltr'>nec</span> <span class='ocrx_word' id='word_1_456' title='bbox 1487 4644 1617 4703; x_wconf 82' lang='lat' dir='ltr'>haberet</span> <span class='ocrx_word' id='word_1_457' title='bbox 1645 4640 1728 4702; x_wconf 79' lang='lat' dir='ltr'>rubor</span> 
     </span>
     <span class='ocr_line' id='line_1_48' title="bbox 374 4726 1728 4811; baseline -0.008 -12"><span class='ocrx_word' id='word_1_458' title='bbox 374 4737 550 4808; x_wconf 83' lang='lat' dir='ltr'>terminum,</span> <span class='ocrx_word' id='word_1_459' title='bbox 575 4737 628 4795; x_wconf 94' lang='lat' dir='ltr'>sed</span> <span class='ocrx_word' id='word_1_460' title='bbox 653 4735 793 4796; x_wconf 89' lang='lat' dir='ltr'>contiuuo</span> <span class='ocrx_word' id='word_1_461' title='bbox 822 4735 967 4805; x_wconf 89' lang='lat' dir='ltr'>minutus,</span> <span class='ocrx_word' id='word_1_462' title='bbox 998 4734 1119 4795; x_wconf 90' lang='lat' dir='ltr'>taudem</span> <span class='ocrx_word' id='word_1_463' title='bbox 1149 4733 1264 4811; x_wconf 89' lang='lat' dir='ltr'>potiore</span> <span class='ocrx_word' id='word_1_464' title='bbox 1288 4735 1392 4795; x_wconf 86' lang='lat' dir='ltr'>Lunae</span> <span class='ocrx_word' id='word_1_465' title='bbox 1416 4741 1502 4810; x_wconf 85' lang='lat' dir='ltr'>parte</span> <span class='ocrx_word' id='word_1_466' title='bbox 1526 4726 1728 4792; x_wconf 77' lang='lat' dir='ltr'>desineretis</span> 
     </span>
     <span class='ocr_line' id='line_1_49' title="bbox 376 4818 1728 4901; baseline -0.005 -15"><span class='ocrx_word' id='word_1_467' title='bbox 376 4827 528 4887; x_wconf 89' lang='lat' dir='ltr'>tenebras.</span> <span class='ocrx_word' id='word_1_468' title='bbox 575 4825 624 4885; x_wconf 89' lang='lat' dir='ltr'>lta</span> <span class='ocrx_word' id='word_1_469' title='bbox 648 4824 718 4884; x_wconf 91' lang='lat' dir='ltr'>mihi</span> <span class='ocrx_word' id='word_1_470' title='bbox 742 4823 959 4901; x_wconf 90' lang='lat' dir='ltr'>contemplanti</span> <span class='ocrx_word' id='word_1_471' title='bbox 983 4823 1076 4883; x_wconf 89' lang='lat' dir='ltr'>nubes</span> <span class='ocrx_word' id='word_1_472' title='bbox 1097 4841 1212 4883; x_wconf 90' lang='lat' dir='ltr'>rursum</span> <span class='ocrx_word' id='word_1_473' title='bbox 1236 4841 1304 4882; x_wconf 91' lang='lat' dir='ltr'>sese</span> <span class='ocrx_word' id='word_1_474' title='bbox 1328 4839 1504 4901; x_wconf 84' lang='lat' dir='ltr'>opposuere.</span> <span class='ocrx_word' id='word_1_475' title='bbox 1542 4818 1728 4897; x_wconf 73' lang='lat' dir='ltr'>paulopost</span> 
     </span>
     <span class='ocr_line' id='line_1_50' title="bbox 376 4906 1727 4993; baseline -0.007 -19"><span class='ocrx_word' id='word_1_476' title='bbox 376 4915 473 4975; x_wconf 89' lang='lat' dir='ltr'>tribus</span> <span class='ocrx_word' id='word_1_477' title='bbox 498 4913 713 4993; x_wconf 88' lang='lat' dir='ltr'>quadrantibus</span> <span class='ocrx_word' id='word_1_478' title='bbox 736 4922 806 4991; x_wconf 88' lang='lat' dir='ltr'>post</span> <span class='ocrx_word' id='word_1_479' title='bbox 829 4913 988 4989; x_wconf 86' lang='lat' dir='ltr'>septimam</span> <span class='ocrx_word' id='word_1_480' title='bbox 1014 4911 1042 4970; x_wconf 94' lang='lat' dir='ltr'>in</span> <span class='ocrx_word' id='word_1_481' title='bbox 1066 4912 1138 4972; x_wconf 87' lang='lat' dir='ltr'>urbe</span> <span class='ocrx_word' id='word_1_482' title='bbox 1162 4911 1410 4991; x_wconf 87' lang='lat' dir='ltr'>personantibus,</span> <span class='ocrx_word' id='word_1_483' title='bbox 1434 4909 1590 4969; x_wconf 82' lang='lat' dir='ltr'>discessus</span> <span class='ocrx_word' id='word_1_484' title='bbox 1612 4906 1727 4968; x_wconf 81' lang='lat' dir='ltr'>nubium</span> 
     </span>
     <span class='ocr_line' id='line_1_51' title="bbox 377 4995 1725 5064; baseline -0.005 0"><span class='ocrx_word' id='word_1_485' title='bbox 377 5002 594 5064; x_wconf 82' lang='lat' dir='ltr'>dubitationem</span> <span class='ocrx_word' id='word_1_486' title='bbox 618 5019 737 5063; x_wconf 89' lang='lat' dir='ltr'>omnem</span> <span class='ocrx_word' id='word_1_487' title='bbox 761 4999 913 5061; x_wconf 77' lang='lat' dir='ltr'>discnssit.</span> <span class='ocrx_word' id='word_1_488' title='bbox 952 4997 1031 5061; x_wconf 89' lang='lat' dir='ltr'>Orto</span> <span class='ocrx_word' id='word_1_489' title='bbox 1050 5000 1129 5060; x_wconf 89' lang='lat' dir='ltr'>enim</span> <span class='ocrx_word' id='word_1_490' title='bbox 1147 5000 1227 5061; x_wconf 82' lang='lat' dir='ltr'>intra</span> <span class='ocrx_word' id='word_1_491' title='bbox 1250 5016 1341 5061; x_wconf 88' lang='lat' dir='ltr'>corun</span> <span class='ocrx_word' id='word_1_492' title='bbox 1366 4996 1464 5060; x_wconf 86' lang='lat' dir='ltr'>lucido</span> <span class='ocrx_word' id='word_1_493' title='bbox 1486 4995 1580 5059; x_wconf 87' lang='lat' dir='ltr'>rubor</span> <span class='ocrx_word' id='word_1_494' title='bbox 1601 5011 1725 5057; x_wconf 78' lang='lat' dir='ltr'>sumes·</span> 
     </span>
    </p>
   </div>
   <div class='ocr_carea' id='block_1_3' title="bbox 0 0 1859 5842">
    <p class='ocr_par' dir='ltr' id='par_1_8' title="bbox 0 0 1859 5842">
     <span class='ocr_line' id='line_1_52' title="bbox 0 0 1859 5842; baseline 0 0"><span class='ocrx_word' id='word_1_495' title='bbox 0 0 1859 5842; x_wconf 95' lang='lat' dir='ltr'> </span> 
     </span>
    </p>
   </div>
  </div>
 </body>
</html>
