<?xml version="1.0" encoding="UTF-8"?>
<!DOCTYPE html PUBLIC "-//W3C//DTD XHTML 1.0 Transitional//EN"
    "http://www.w3.org/TR/xhtml1/DTD/xhtml1-transitional.dtd">
<html xmlns="http://www.w3.org/1999/xhtml" xml:lang="en" lang="en">
 <head>
  <title>
</title>
<meta http-equiv="Content-Type" content="text/html;charset=utf-8" />
  <meta name='ocr-system' content='tesseract 3.04.00' />
  <meta name='ocr-capabilities' content='ocr_page ocr_carea ocr_par ocr_line ocrx_word'/>
</head>
<body>
  <div class='ocr_page' id='page_1' title='image "./joanniskepleria01frisgoog/joanniskepleria01frisgoog_0468.png"; bbox 0 0 3692 5842; ppageno 0'>
   <div class='ocr_carea' id='block_1_1' title="bbox 239 459 1174 544">
    <p class='ocr_par' dir='ltr' id='par_1_1' title="bbox 239 459 1174 544">
     <span class='ocr_line' id='line_1_1' title="bbox 239 459 1174 544; baseline 0.005 -32"><span class='ocrx_word' id='word_1_1' title='bbox 239 459 306 528; x_wconf 71' lang='lat'><strong>450</strong></span> <span class='ocrx_word' id='word_1_2' title='bbox 661 461 763 544; x_wconf 70' lang='lat' dir='ltr'><strong>mores</strong></span> <span class='ocrx_word' id='word_1_3' title='bbox 780 460 883 526; x_wconf 73' lang='lat' dir='ltr'><strong>uepres</strong></span> <span class='ocrx_word' id='word_1_4' title='bbox 902 462 1053 528; x_wconf 63' lang='lat' dir='ltr'><strong>oronnam</strong></span> <span class='ocrx_word' id='word_1_5' title='bbox 1070 469 1174 517; x_wconf 73' lang='lat' dir='ltr'><strong>mass</strong></span> 
     </span>
    </p>
   </div>
   <div class='ocr_carea' id='block_1_2' title="bbox 240 633 1588 1123">
    <p class='ocr_par' dir='ltr' id='par_1_2' title="bbox 240 633 1588 1123">
     <span class='ocr_line' id='line_1_2' title="bbox 240 633 1588 703; baseline -0.006 -13"><span class='ocrx_word' id='word_1_6' title='bbox 240 652 314 703; x_wconf 80' lang='lat' dir='ltr'><strong>qnam</strong></span> <span class='ocrx_word' id='word_1_7' title='bbox 342 638 446 701; x_wconf 81' lang='lat' dir='ltr'><strong>magicis</strong></span> <span class='ocrx_word' id='word_1_8' title='bbox 473 637 718 700; x_wconf 71' lang='lat' dir='ltr'><strong>praecantationibus</strong></span> <span class='ocrx_word' id='word_1_9' title='bbox 744 650 820 684; x_wconf 84' lang='lat' dir='ltr'><strong>novos</strong></span> <span class='ocrx_word' id='word_1_10' title='bbox 847 636 963 699; x_wconf 84' lang='lat' dir='ltr'><strong>planetas</strong></span> <span class='ocrx_word' id='word_1_11' title='bbox 982 652 996 686; x_wconf 93' lang='lat' dir='ltr'><strong>e</strong></span> <span class='ocrx_word' id='word_1_12' title='bbox 1014 636 1084 687; x_wconf 86' lang='lat' dir='ltr'><strong>coelo</strong></span> <span class='ocrx_word' id='word_1_13' title='bbox 1112 636 1228 688; x_wconf 82' lang='lat' dir='ltr'><strong>divellere</strong></span> <span class='ocrx_word' id='word_1_14' title='bbox 1246 643 1273 686; x_wconf 86' lang='lat' dir='ltr'><strong>ot</strong></span> <span class='ocrx_word' id='word_1_15' title='bbox 1290 649 1398 688; x_wconf 78' lang='lat' dir='ltr'><strong>avocare</strong></span> <span class='ocrx_word' id='word_1_16' title='bbox 1425 633 1588 688; x_wconf 63' lang='lat' dir='ltr'><strong>ululat</strong></span> 
     </span>
     <span class='ocr_line' id='line_1_3' title="bbox 241 705 1588 770; baseline -0.001 -13"><span class='ocrx_word' id='word_1_17' title='bbox 241 710 333 759; x_wconf 86' lang='lat' dir='ltr'><strong>Verum</strong></span> <span class='ocrx_word' id='word_1_18' title='bbox 345 709 422 757; x_wconf 87' lang='lat' dir='ltr'><strong>instat</strong></span> <span class='ocrx_word' id='word_1_19' title='bbox 434 722 492 764; x_wconf 89' lang='lat' dir='ltr'><strong>nor,</strong></span> <span class='ocrx_word' id='word_1_20' title='bbox 510 714 592 757; x_wconf 88' lang='lat' dir='ltr'><strong>tecum</strong></span> <span class='ocrx_word' id='word_1_21' title='bbox 604 723 658 758; x_wconf 86' lang='lat' dir='ltr'><strong>esso</strong></span> <span class='ocrx_word' id='word_1_22' title='bbox 671 707 775 770; x_wconf 87' lang='lat' dir='ltr'><strong>amplius</strong></span> <span class='ocrx_word' id='word_1_23' title='bbox 788 707 846 756; x_wconf 86' lang='lat' dir='ltr'><strong>mihi</strong></span> <span class='ocrx_word' id='word_1_24' title='bbox 860 723 909 756; x_wconf 95' lang='lat' dir='ltr'><strong>non</strong></span> <span class='ocrx_word' id='word_1_25' title='bbox 921 707 988 757; x_wconf 86' lang='lat' dir='ltr'><strong>licet.</strong></span> <span class='ocrx_word' id='word_1_26' title='bbox 1015 707 1079 758; x_wconf 87' lang='lat' dir='ltr'><strong>Vale</strong></span> <span class='ocrx_word' id='word_1_27' title='bbox 1090 709 1126 758; x_wconf 88' lang='lat' dir='ltr'><strong>rir</strong></span> <span class='ocrx_word' id='word_1_28' title='bbox 1143 708 1306 758; x_wconf 81' lang='lat' dir='ltr'><strong>eruditissime</strong></span> <span class='ocrx_word' id='word_1_29' title='bbox 1319 713 1347 757; x_wconf 86' lang='lat' dir='ltr'><strong>ct</strong></span> <span class='ocrx_word' id='word_1_30' title='bbox 1357 721 1399 758; x_wconf 76' lang='lat' dir='ltr'><strong>rna</strong></span> <span class='ocrx_word' id='word_1_31' title='bbox 1411 713 1442 756; x_wconf 86' lang='lat' dir='ltr'><strong>nt</strong></span> <span class='ocrx_word' id='word_1_32' title='bbox 1452 705 1519 755; x_wconf 73' lang='lat' dir='ltr'><strong>solco</strong></span> <span class='ocrx_word' id='word_1_33' title='bbox 1530 719 1588 755; x_wconf 76' lang='lat' dir='ltr'><strong>m</strong></span> 
     </span>
     <span class='ocr_line' id='line_1_4' title="bbox 330 775 680 844; baseline -0.009 -16"><span class='ocrx_word' id='word_1_34' title='bbox 330 779 434 828; x_wconf 86' lang='lat' dir='ltr'><strong>Padnac</strong></span> <span class='ocrx_word' id='word_1_35' title='bbox 456 776 497 828; x_wconf 83' lang='grc'><strong>19.</strong></span> <span class='ocrx_word' id='word_1_36' title='bbox 516 781 581 844; x_wconf 85' lang='lat' dir='ltr'><strong>Aug.</strong></span> <span class='ocrx_word' id='word_1_37' title='bbox 605 775 680 827; x_wconf 80' lang='grc'>1610.</span> 
     </span>
     <span class='ocr_line' id='line_1_5' title="bbox 788 848 1047 899; baseline 0.008 -2"><span class='ocrx_word' id='word_1_38' title='bbox 788 848 959 899; x_wconf 85' lang='lat' dir='ltr'><strong>Excellentiae</strong></span> <span class='ocrx_word' id='word_1_39' title='bbox 977 848 1047 899; x_wconf 85' lang='lat' dir='ltr'><strong>Tuae</strong></span> 
     </span>
     <span class='ocr_line' id='line_1_6' title="bbox 1118 918 1310 970; baseline -0.01 -1"><span class='ocrx_word' id='word_1_40' title='bbox 1118 918 1310 970; x_wconf 70' lang='lat' dir='ltr'><strong>smdiodsrirnns</strong></span> 
     </span>
     <span class='ocr_line' id='line_1_7' title="bbox 1047 989 1374 1041; baseline 0.003 -3"><span class='ocrx_word' id='word_1_41' title='bbox 1047 990 1194 1040; x_wconf 83' lang='lat' dir='ltr'><strong>Galilens</strong></span> <span class='ocrx_word' id='word_1_42' title='bbox 1222 989 1374 1041; x_wconf 79' lang='lat' dir='ltr'><strong>Galilens</strong></span> 
     </span>
     <span class='ocr_line' id='line_1_8' title="bbox 896 1058 1545 1123; baseline -0.009 -12"><span class='ocrx_word' id='word_1_43' title='bbox 896 1060 932 1111; x_wconf 80' lang='lat' dir='ltr'><strong>M.</strong></span> <span class='ocrx_word' id='word_1_44' title='bbox 953 1060 986 1110; x_wconf 89' lang='lat' dir='ltr'><strong>D.</strong></span> <span class='ocrx_word' id='word_1_45' title='bbox 1005 1060 1137 1112; x_wconf 72' lang='lat' dir='ltr'><strong>Honorias</strong></span> <span class='ocrx_word' id='word_1_46' title='bbox 1158 1061 1279 1123; x_wconf 78' lang='lat' dir='ltr'><strong>Pbysiens</strong></span> <span class='ocrx_word' id='word_1_47' title='bbox 1298 1068 1324 1109; x_wconf 91' lang='lat' dir='ltr'><strong>et</strong></span> <span class='ocrx_word' id='word_1_48' title='bbox 1342 1058 1545 1110; x_wconf 70' lang='lat' dir='ltr'><strong>namnetim.</strong></span> 
     </span>
    </p>
   </div>
   <div class='ocr_carea' id='block_1_3' title="bbox 240 1148 1589 1712">
    <p class='ocr_par' dir='ltr' id='par_1_3' title="bbox 240 1148 1589 1569">
     <span class='ocr_line' id='line_1_9' title="bbox 330 1148 1589 1215; baseline -0.001 -17"><span class='ocrx_word' id='word_1_49' title='bbox 330 1149 471 1198; x_wconf 82' lang='lat' dir='ltr'><strong>llorlrins</strong></span> <span class='ocrx_word' id='word_1_50' title='bbox 498 1149 596 1198; x_wconf 88' lang='lat' dir='ltr'><strong>interim</strong></span> <span class='ocrx_word' id='word_1_51' title='bbox 614 1151 690 1200; x_wconf 83' lang='lat' dir='ltr'>redux</span> <span class='ocrx_word' id='word_1_52' title='bbox 708 1167 738 1202; x_wconf 87' lang='lat' dir='ltr'><strong>er</strong></span> <span class='ocrx_word' id='word_1_53' title='bbox 756 1152 832 1201; x_wconf 88' lang='lat' dir='ltr'><strong>Italia</strong></span> <span class='ocrx_word' id='word_1_54' title='bbox 850 1151 882 1201; x_wconf 92' lang='lat' dir='ltr'><strong>ad</strong></span> <span class='ocrx_word' id='word_1_55' title='bbox 900 1151 1036 1214; x_wconf 86' lang='lat' dir='ltr'><strong>Keplerunr</strong></span> <span class='ocrx_word' id='word_1_56' title='bbox 1055 1151 1123 1199; x_wconf 84' lang='lat' dir='ltr'><strong>venit</strong></span> <span class='ocrx_word' id='word_1_57' title='bbox 1150 1151 1222 1215; x_wconf 85' lang='lat' dir='ltr'><strong>eiquo</strong></span> <span class='ocrx_word' id='word_1_58' title='bbox 1240 1163 1332 1199; x_wconf 80' lang='lat' dir='ltr'><strong>causas</strong></span> <span class='ocrx_word' id='word_1_59' title='bbox 1359 1148 1509 1213; x_wconf 76' lang='lat' dir='ltr'><strong>explicarit,</strong></span> <span class='ocrx_word' id='word_1_60' title='bbox 1534 1161 1589 1214; x_wconf 78' lang='lat' dir='ltr'><strong>quas</strong></span> 
     </span>
     <span class='ocr_line' id='line_1_10' title="bbox 240 1220 1588 1286; baseline -0.001 -14"><span class='ocrx_word' id='word_1_61' title='bbox 240 1223 319 1286; x_wconf 88' lang='lat' dir='ltr'><strong>ipsum</strong></span> <span class='ocrx_word' id='word_1_62' title='bbox 338 1221 466 1277; x_wconf 85' lang='lat' dir='ltr'><strong>moverint,</strong></span> <span class='ocrx_word' id='word_1_63' title='bbox 485 1227 514 1269; x_wconf 91' lang='lat' dir='ltr'><strong>ut</strong></span> <span class='ocrx_word' id='word_1_64' title='bbox 532 1227 620 1269; x_wconf 88' lang='lat' dir='ltr'><strong>contra</strong></span> <span class='ocrx_word' id='word_1_65' title='bbox 638 1223 777 1273; x_wconf 87' lang='lat' dir='ltr'><strong>Galilaeum</strong></span> <span class='ocrx_word' id='word_1_66' title='bbox 795 1226 820 1272; x_wconf 91' lang='lat' dir='ltr'><strong>iu</strong></span> <span class='ocrx_word' id='word_1_67' title='bbox 839 1225 919 1273; x_wconf 86' lang='lat' dir='ltr'><strong>aciem</strong></span> <span class='ocrx_word' id='word_1_68' title='bbox 938 1221 1055 1286; x_wconf 90' lang='lat' dir='ltr'><strong>prodiret,</strong></span> <span class='ocrx_word' id='word_1_69' title='bbox 1080 1223 1145 1270; x_wconf 88' lang='lat' dir='ltr'><strong>inter</strong></span> <span class='ocrx_word' id='word_1_70' title='bbox 1163 1234 1225 1285; x_wconf 83' lang='lat' dir='ltr'><strong>quas</strong></span> <span class='ocrx_word' id='word_1_71' title='bbox 1243 1227 1343 1283; x_wconf 76' lang='lat' dir='ltr'><strong>praeter</strong></span> <span class='ocrx_word' id='word_1_72' title='bbox 1359 1221 1456 1285; x_wconf 78' lang='lat' dir='ltr'><strong>ingenii</strong></span> <span class='ocrx_word' id='word_1_73' title='bbox 1473 1220 1588 1270; x_wconf 69' lang='lat' dir='ltr'><strong>terim</strong></span> 
     </span>
     <span class='ocr_line' id='line_1_11' title="bbox 243 1289 1587 1356; baseline -0.001 -14"><span class='ocrx_word' id='word_1_74' title='bbox 243 1292 456 1355; x_wconf 88' lang='lat' dir='ltr'><strong>adolescentisqne</strong></span> <span class='ocrx_word' id='word_1_75' title='bbox 474 1291 557 1341; x_wconf 85' lang='lat' dir='ltr'><strong>lamae</strong></span> <span class='ocrx_word' id='word_1_76' title='bbox 577 1293 746 1356; x_wconf 86' lang='lat' dir='ltr'><strong>cupiditatem,</strong></span> <span class='ocrx_word' id='word_1_77' title='bbox 766 1310 815 1343; x_wconf 92' lang='lat' dir='ltr'><strong>non</strong></span> <span class='ocrx_word' id='word_1_78' title='bbox 834 1295 936 1343; x_wconf 87' lang='lat' dir='ltr'><strong>minima</strong></span> <span class='ocrx_word' id='word_1_79' title='bbox 953 1293 1029 1342; x_wconf 85' lang='lat' dir='ltr'><strong>luisse</strong></span> <span class='ocrx_word' id='word_1_80' title='bbox 1048 1292 1143 1341; x_wconf 84' lang='lat' dir='ltr'><strong>ridetur</strong></span> <span class='ocrx_word' id='word_1_81' title='bbox 1160 1299 1348 1355; x_wconf 85' lang='lat' dir='ltr'><strong>praeceptorum</strong></span> <span class='ocrx_word' id='word_1_82' title='bbox 1366 1292 1445 1354; x_wconf 74' lang='lat' dir='ltr'><strong>ipsiu</strong></span> <span class='ocrx_word' id='word_1_83' title='bbox 1462 1291 1490 1339; x_wconf 89' lang='lat' dir='ltr'><strong>in</strong></span> <span class='ocrx_word' id='word_1_84' title='bbox 1507 1289 1587 1340; x_wconf 65' lang='lat' dir='ltr'><strong>atate</strong></span> 
     </span>
     <span class='ocr_line' id='line_1_12' title="bbox 241 1359 1586 1428; baseline 0.001 -15"><span class='ocrx_word' id='word_1_85' title='bbox 241 1364 294 1413; x_wconf 87' lang='lat' dir='ltr'><strong>mia</strong></span> <span class='ocrx_word' id='word_1_86' title='bbox 320 1362 472 1411; x_wconf 81' lang='lat' dir='ltr'>Bononiensi</span> <span class='ocrx_word' id='word_1_87' title='bbox 497 1363 663 1414; x_wconf 89' lang='lat' dir='ltr'><strong>subobscurae</strong></span> <span class='ocrx_word' id='word_1_88' title='bbox 691 1366 885 1422; x_wconf 82' lang='lat' dir='ltr'><strong>exhortationes,</strong></span> <span class='ocrx_word' id='word_1_89' title='bbox 912 1365 1007 1428; x_wconf 87' lang='lat' dir='ltr'><strong>illisque</strong></span> <span class='ocrx_word' id='word_1_90' title='bbox 1029 1363 1212 1413; x_wconf 86' lang='lat' dir='ltr'><strong>accensendum</strong></span> <span class='ocrx_word' id='word_1_91' title='bbox 1230 1377 1280 1411; x_wconf 89' lang='lat' dir='ltr'><strong>non</strong></span> <span class='ocrx_word' id='word_1_92' title='bbox 1298 1362 1443 1411; x_wconf 76' lang='lat' dir='ltr'><strong>dubitamus</strong></span> <span class='ocrx_word' id='word_1_93' title='bbox 1460 1359 1586 1427; x_wconf 66' lang='lat' dir='ltr'><strong>Hagi-</strong></span> 
     </span>
     <span class='ocr_line' id='line_1_13' title="bbox 242 1433 1587 1500; baseline -0.001 -16"><span class='ocrx_word' id='word_1_94' title='bbox 242 1435 390 1497; x_wconf 84' lang='lat' dir='ltr'><strong>comparatis</strong></span> <span class='ocrx_word' id='word_1_95' title='bbox 415 1434 480 1481; x_wconf 90' lang='lat' dir='ltr'><strong>illius</strong></span> <span class='ocrx_word' id='word_1_96' title='bbox 499 1433 530 1482; x_wconf 92' lang='lat' dir='ltr'><strong>ad</strong></span> <span class='ocrx_word' id='word_1_97' title='bbox 549 1434 684 1498; x_wconf 84' lang='lat' dir='ltr'><strong>Keplerunr</strong></span> <span class='ocrx_word' id='word_1_98' title='bbox 712 1436 777 1485; x_wconf 88' lang='lat' dir='ltr'><strong>datis</strong></span> <span class='ocrx_word' id='word_1_99' title='bbox 804 1437 895 1492; x_wconf 89' lang='lat' dir='ltr'><strong>literis,</strong></span> <span class='ocrx_word' id='word_1_100' title='bbox 923 1450 985 1500; x_wconf 85' lang='lat' dir='ltr'><strong>quas</strong></span> <span class='ocrx_word' id='word_1_101' title='bbox 1012 1435 1200 1499; x_wconf 85' lang='lat' dir='ltr'><strong>praemisimus,</strong></span> <span class='ocrx_word' id='word_1_102' title='bbox 1228 1447 1285 1482; x_wconf 91' lang='lat' dir='ltr'><strong>cunr</strong></span> <span class='ocrx_word' id='word_1_103' title='bbox 1302 1433 1342 1482; x_wconf 82' lang='lat' dir='ltr'><strong>luis</strong></span> <span class='ocrx_word' id='word_1_104' title='bbox 1368 1446 1437 1498; x_wconf 73' lang='lat' dir='ltr'><strong>quac</strong></span> <span class='ocrx_word' id='word_1_105' title='bbox 1464 1439 1587 1498; x_wconf 67' lang='lat' dir='ltr'><strong>aequm</strong></span> 
     </span>
     <span class='ocr_line' id='line_1_14' title="bbox 243 1504 563 1569; baseline -0.006 -15"><span class='ocrx_word' id='word_1_106' title='bbox 243 1505 345 1569; x_wconf 87' lang='lat' dir='ltr'><strong>Kepleri</strong></span> <span class='ocrx_word' id='word_1_107' title='bbox 365 1504 398 1552; x_wconf 87' lang='lat' dir='ltr'><strong>ad</strong></span> <span class='ocrx_word' id='word_1_108' title='bbox 417 1504 563 1553; x_wconf 83' lang='lat' dir='ltr'><strong>Galilaeum.</strong></span> 
     </span>
    </p>

    <p class='ocr_par' dir='ltr' id='par_1_4' title="bbox 242 1569 1585 1712">
     <span class='ocr_line' id='line_1_15' title="bbox 330 1569 1585 1642; baseline -0.002 -19"><span class='ocrx_word' id='word_1_109' title='bbox 330 1574 505 1638; x_wconf 89' lang='lat' dir='ltr'><strong>Keplerus,</strong></span> <span class='ocrx_word' id='word_1_110' title='bbox 525 1575 638 1638; x_wconf 77' lang='lat' dir='ltr'><strong>perlectis</strong></span> <span class='ocrx_word' id='word_1_111' title='bbox 657 1577 742 1632; x_wconf 87' lang='lat' dir='ltr'><strong>literis,</strong></span> <span class='ocrx_word' id='word_1_112' title='bbox 771 1591 832 1642; x_wconf 83' lang='lat' dir='ltr'><strong>qnos</strong></span> <span class='ocrx_word' id='word_1_113' title='bbox 852 1576 979 1626; x_wconf 83' lang='lat' dir='ltr'><strong>Galilaens</strong></span> <span class='ocrx_word' id='word_1_114' title='bbox 1007 1575 1039 1626; x_wconf 86' lang='lat' dir='ltr'><strong>ad</strong></span> <span class='ocrx_word' id='word_1_115' title='bbox 1062 1575 1190 1625; x_wconf 81' lang='lat' dir='ltr'><strong>lulianum</strong></span> <span class='ocrx_word' id='word_1_116' title='bbox 1208 1573 1320 1624; x_wconf 74' lang='lat' dir='ltr'><strong>usuros·</strong></span> <span class='ocrx_word' id='word_1_117' title='bbox 1346 1570 1493 1636; x_wconf 77' lang='lat' dir='ltr'><strong>(Oratorem</strong></span> <span class='ocrx_word' id='word_1_118' title='bbox 1509 1569 1544 1623; x_wconf 74' lang='grc' dir='ltr'><strong>Ι.</strong></span> <span class='ocrx_word' id='word_1_119' title='bbox 1559 1571 1585 1622; x_wconf 86' lang='lat' dir='ltr'><strong>ll.</strong></span> 
     </span>
     <span class='ocr_line' id='line_1_16' title="bbox 242 1644 1254 1712; baseline -0.004 -15"><span class='ocrx_word' id='word_1_120' title='bbox 242 1644 387 1706; x_wconf 82' lang='lat' dir='ltr'><strong>Hetrnrise)</strong></span> <span class='ocrx_word' id='word_1_121' title='bbox 405 1645 508 1695; x_wconf 76' lang='lat' dir='ltr'>dederat</span> <span class='ocrx_word' id='word_1_122' title='bbox 527 1644 618 1711; x_wconf 89' lang='lat' dir='ltr'><strong>(comp.</strong></span> <span class='ocrx_word' id='word_1_123' title='bbox 637 1647 791 1697; x_wconf 82' lang='lat' dir='ltr'><strong>Hanschlnnr</strong></span> <span class='ocrx_word' id='word_1_124' title='bbox 809 1663 867 1712; x_wconf 90' lang='lat' dir='ltr'><strong>pag.</strong></span> <span class='ocrx_word' id='word_1_125' title='bbox 888 1645 943 1708; x_wconf 77' lang='lat'>97).</span> <span class='ocrx_word' id='word_1_126' title='bbox 962 1648 1026 1697; x_wconf 86' lang='lat' dir='ltr'><strong>haec</strong></span> <span class='ocrx_word' id='word_1_127' title='bbox 1044 1647 1078 1695; x_wconf 87' lang='lat' dir='ltr'><strong>illi</strong></span> <span class='ocrx_word' id='word_1_128' title='bbox 1097 1647 1254 1711; x_wconf 72' lang='lat' dir='ltr'><strong>perscripsit:</strong></span> 
     </span>
    </p>
   </div>
   <div class='ocr_carea' id='block_1_4' title="bbox 242 1715 1584 1976">
    <p class='ocr_par' dir='ltr' id='par_1_5' title="bbox 242 1715 1584 1976">
     <span class='ocr_line' id='line_1_17' title="bbox 333 1715 1584 1799; baseline -0.001 -22"><span class='ocrx_word' id='word_1_129' title='bbox 333 1716 381 1777; x_wconf 84' lang='lat' dir='ltr'><strong>Ex</strong></span> <span class='ocrx_word' id='word_1_130' title='bbox 407 1717 501 1778; x_wconf 91' lang='lat' dir='ltr'><strong>literis</strong></span> <span class='ocrx_word' id='word_1_131' title='bbox 535 1719 611 1792; x_wconf 90' lang='lat' dir='ltr'><strong>tuis,</strong></span> <span class='ocrx_word' id='word_1_132' title='bbox 642 1717 842 1781; x_wconf 90' lang='lat' dir='ltr'><strong>Celeberrime</strong></span> <span class='ocrx_word' id='word_1_133' title='bbox 868 1720 942 1793; x_wconf 86' lang='lat' dir='ltr'><strong>Vir,</strong></span> <span class='ocrx_word' id='word_1_134' title='bbox 973 1738 1047 1799; x_wconf 91' lang='lat' dir='ltr'><strong>quas</strong></span> <span class='ocrx_word' id='word_1_135' title='bbox 1072 1720 1110 1779; x_wconf 91' lang='lat' dir='ltr'><strong>ad</strong></span> <span class='ocrx_word' id='word_1_136' title='bbox 1135 1719 1183 1779; x_wconf 91' lang='lat' dir='ltr'><strong>Ill.</strong></span> <span class='ocrx_word' id='word_1_137' title='bbox 1207 1715 1370 1778; x_wconf 77' lang='lat' dir='ltr'><strong>Oratorem</strong></span> <span class='ocrx_word' id='word_1_138' title='bbox 1394 1715 1584 1777; x_wconf 72' lang='lat' dir='ltr'><strong>Florentinum</strong></span> 
     </span>
     <span class='ocr_line' id='line_1_18' title="bbox 245 1803 1583 1888; baseline -0.002 -19"><span class='ocrx_word' id='word_1_139' title='bbox 245 1805 313 1870; x_wconf 82' lang='lat' dir='ltr'><strong>cal.</strong></span> <span class='ocrx_word' id='word_1_140' title='bbox 340 1805 482 1867; x_wconf 86' lang='lat' dir='ltr'><strong>Octobris</strong></span> <span class='ocrx_word' id='word_1_141' title='bbox 506 1807 659 1868; x_wconf 90' lang='lat' dir='ltr'><strong>Florentia</strong></span> <span class='ocrx_word' id='word_1_142' title='bbox 684 1808 806 1882; x_wconf 89' lang='lat' dir='ltr'><strong>misisti,</strong></span> <span class='ocrx_word' id='word_1_143' title='bbox 837 1809 968 1869; x_wconf 90' lang='lat' dir='ltr'><strong>salutem</strong></span> <span class='ocrx_word' id='word_1_144' title='bbox 992 1828 1052 1888; x_wconf 88' lang='lat' dir='ltr'><strong>qua</strong></span> <span class='ocrx_word' id='word_1_145' title='bbox 1075 1827 1121 1868; x_wconf 87' lang='lat' dir='ltr'><strong>ure</strong></span> <span class='ocrx_word' id='word_1_146' title='bbox 1151 1804 1296 1886; x_wconf 90' lang='lat' dir='ltr'><strong>impertiri</strong></span> <span class='ocrx_word' id='word_1_147' title='bbox 1321 1803 1446 1866; x_wconf 86' lang='lat' dir='ltr'><strong>voluisti</strong></span> <span class='ocrx_word' id='word_1_148' title='bbox 1468 1805 1583 1886; x_wconf 86' lang='lat' dir='ltr'><strong>percepi,</strong></span> 
     </span>
     <span class='ocr_line' id='line_1_19' title="bbox 242 1893 1583 1976; baseline -0.001 -20"><span class='ocrx_word' id='word_1_149' title='bbox 242 1914 353 1976; x_wconf 91' lang='lat' dir='ltr'><strong>proque</strong></span> <span class='ocrx_word' id='word_1_150' title='bbox 377 1914 414 1955; x_wconf 90' lang='lat' dir='ltr'><strong>ea</strong></span> <span class='ocrx_word' id='word_1_151' title='bbox 437 1894 552 1973; x_wconf 81' lang='lat' dir='ltr'><strong>gratias</strong></span> <span class='ocrx_word' id='word_1_152' title='bbox 577 1915 634 1971; x_wconf 88' lang='lat' dir='ltr'><strong>ago</strong></span> <span class='ocrx_word' id='word_1_153' title='bbox 659 1905 746 1976; x_wconf 89' lang='lat' dir='ltr'><strong>teque</strong></span> <span class='ocrx_word' id='word_1_154' title='bbox 776 1907 879 1957; x_wconf 91' lang='lat' dir='ltr'><strong>mutua</strong></span> <span class='ocrx_word' id='word_1_155' title='bbox 901 1916 968 1958; x_wconf 89' lang='lat' dir='ltr'><strong>mea</strong></span> <span class='ocrx_word' id='word_1_156' title='bbox 998 1897 1161 1976; x_wconf 89' lang='lat' dir='ltr'><strong>impertior.</strong></span> <span class='ocrx_word' id='word_1_157' title='bbox 1208 1893 1258 1956; x_wconf 85' lang='lat' dir='ltr'><strong>Ad</strong></span> <span class='ocrx_word' id='word_1_158' title='bbox 1282 1901 1389 1953; x_wconf 86' lang='lat' dir='ltr'><strong>cetera</strong></span> <span class='ocrx_word' id='word_1_159' title='bbox 1417 1911 1494 1972; x_wconf 81' lang='lat' dir='ltr'><strong>quae</strong></span> <span class='ocrx_word' id='word_1_160' title='bbox 1515 1893 1583 1954; x_wconf 85' lang='lat' dir='ltr'><strong>desi·</strong></span> 
     </span>
    </p>
   </div>
   <div class='ocr_carea' id='block_1_5' title="bbox 242 1983 1583 2224">
    <p class='ocr_par' dir='ltr' id='par_1_6' title="bbox 242 1983 1583 2224">
     <span class='ocr_line' id='line_1_20' title="bbox 242 1983 1583 2058; baseline -0.004 -14"><span class='ocrx_word' id='word_1_161' title='bbox 242 1983 356 2044; x_wconf 86' lang='lat' dir='ltr'><strong>derusti</strong></span> <span class='ocrx_word' id='word_1_162' title='bbox 378 1992 506 2056; x_wconf 85' lang='lat' dir='ltr'><strong>(Opticanr</strong></span> <span class='ocrx_word' id='word_1_163' title='bbox 526 1999 552 2042; x_wconf 84' lang='lat' dir='ltr'><strong>et</strong></span> <span class='ocrx_word' id='word_1_164' title='bbox 570 1999 705 2043; x_wconf 87' lang='lat' dir='ltr'><strong>tractatum</strong></span> <span class='ocrx_word' id='word_1_165' title='bbox 725 1995 755 2044; x_wconf 88' lang='lat' dir='ltr'><strong>de</strong></span> <span class='ocrx_word' id='word_1_166' title='bbox 769 1994 848 2044; x_wconf 82' lang='lat' dir='ltr'><strong>Stella</strong></span> <span class='ocrx_word' id='word_1_167' title='bbox 865 2009 930 2045; x_wconf 85' lang='lat' dir='ltr'><strong>nors</strong></span> <span class='ocrx_word' id='word_1_168' title='bbox 941 1995 1052 2058; x_wconf 86' lang='lat' dir='ltr'><strong>Kepleri,</strong></span> <span class='ocrx_word' id='word_1_169' title='bbox 1071 2009 1119 2044; x_wconf 86' lang='lat' dir='ltr'><strong>noc</strong></span> <span class='ocrx_word' id='word_1_170' title='bbox 1137 2009 1187 2044; x_wconf 91' lang='lat' dir='ltr'><strong>non</strong></span> <span class='ocrx_word' id='word_1_171' title='bbox 1205 2004 1295 2042; x_wconf 87' lang='lat' dir='ltr'><strong>nornen</strong></span> <span class='ocrx_word' id='word_1_172' title='bbox 1313 1991 1424 2040; x_wconf 80' lang='lat' dir='ltr'><strong>anctoris</strong></span> <span class='ocrx_word' id='word_1_173' title='bbox 1442 1989 1511 2046; x_wconf 85' lang='lat' dir='ltr'><strong>libri,</strong></span> <span class='ocrx_word' id='word_1_174' title='bbox 1528 1991 1583 2052; x_wconf 57' lang='lat' dir='ltr'><strong>erp</strong></span> 
     </span>
     <span class='ocr_line' id='line_1_21' title="bbox 242 2067 1582 2138; baseline 0.001 -17"><span class='ocrx_word' id='word_1_175' title='bbox 242 2071 340 2121; x_wconf 69' lang='lat' dir='ltr'><strong>timiam</strong></span> <span class='ocrx_word' id='word_1_176' title='bbox 358 2072 383 2120; x_wconf 90' lang='lat' dir='ltr'><strong>in</strong></span> <span class='ocrx_word' id='word_1_177' title='bbox 403 2072 517 2136; x_wconf 84' lang='lat' dir='ltr'><strong>catologo</strong></span> <span class='ocrx_word' id='word_1_178' title='bbox 535 2073 649 2122; x_wconf 88' lang='lat' dir='ltr'><strong>librorum</strong></span> <span class='ocrx_word' id='word_1_179' title='bbox 662 2074 863 2124; x_wconf 80' lang='lat' dir='ltr'><strong>Franlotnrteusi</strong></span> <span class='ocrx_word' id='word_1_180' title='bbox 882 2082 942 2126; x_wconf 87' lang='lat' dir='ltr'><strong>anto</strong></span> <span class='ocrx_word' id='word_1_181' title='bbox 960 2075 1084 2124; x_wconf 85' lang='lat' dir='ltr'><strong>biennium</strong></span> <span class='ocrx_word' id='word_1_182' title='bbox 1103 2072 1300 2138; x_wconf 83' lang='lat' dir='ltr'><strong>deprehenderit,</strong></span> <span class='ocrx_word' id='word_1_183' title='bbox 1320 2070 1369 2128; x_wconf 84' lang='lat' dir='ltr'><strong>,do</strong></span> <span class='ocrx_word' id='word_1_184' title='bbox 1386 2077 1458 2120; x_wconf 75' lang='lat' dir='ltr'><strong>notu</strong></span> <span class='ocrx_word' id='word_1_185' title='bbox 1469 2067 1582 2130; x_wconf 70' lang='lat' dir='ltr'><strong>Turu‘),</strong></span> 
     </span>
     <span class='ocr_line' id='line_1_22' title="bbox 242 2141 1581 2224; baseline -0.001 -21"><span class='ocrx_word' id='word_1_186' title='bbox 242 2144 378 2204; x_wconf 89' lang='lat' dir='ltr'><strong>dominus</strong></span> <span class='ocrx_word' id='word_1_187' title='bbox 402 2142 553 2221; x_wconf 89' lang='lat' dir='ltr'><strong>Segethus</strong></span> <span class='ocrx_word' id='word_1_188' title='bbox 578 2145 647 2224; x_wconf 92' lang='lat' dir='ltr'><strong>quid</strong></span> <span class='ocrx_word' id='word_1_189' title='bbox 672 2148 757 2207; x_wconf 90' lang='lat' dir='ltr'><strong>uobis</strong></span> <span class='ocrx_word' id='word_1_190' title='bbox 789 2165 943 2207; x_wconf 90' lang='lat' dir='ltr'><strong>commune</strong></span> <span class='ocrx_word' id='word_1_191' title='bbox 975 2146 1069 2206; x_wconf 87' lang='lat' dir='ltr'><strong>visum</strong></span> <span class='ocrx_word' id='word_1_192' title='bbox 1094 2165 1159 2207; x_wconf 85' lang='lat' dir='ltr'><strong>ineo</strong></span> <span class='ocrx_word' id='word_1_193' title='bbox 1184 2147 1250 2208; x_wconf 93' lang='lat' dir='ltr'><strong>loco</strong></span> <span class='ocrx_word' id='word_1_194' title='bbox 1283 2141 1498 2221; x_wconf 80' lang='lat' dir='ltr'><strong>respondebit,</strong></span> <span class='ocrx_word' id='word_1_195' title='bbox 1527 2161 1581 2202; x_wconf 79' lang='lat' dir='ltr'><strong>nu</strong></span> 
     </span>
    </p>
   </div>
   <div class='ocr_carea' id='block_1_6' title="bbox 243 2230 1580 5057">
    <p class='ocr_par' dir='ltr' id='par_1_7' title="bbox 244 2230 596 2313">
     <span class='ocr_line' id='line_1_23' title="bbox 244 2230 596 2313; baseline 0.006 -21"><span class='ocrx_word' id='word_1_196' title='bbox 244 2233 273 2292; x_wconf 91' lang='lat' dir='ltr'><strong>in</strong></span> <span class='ocrx_word' id='word_1_197' title='bbox 299 2230 406 2292; x_wconf 89' lang='lat' dir='ltr'><strong>ltalica</strong></span> <span class='ocrx_word' id='word_1_198' title='bbox 431 2241 497 2313; x_wconf 87' lang='lat' dir='ltr'><strong>tyro</strong></span> <span class='ocrx_word' id='word_1_199' title='bbox 521 2253 596 2294; x_wconf 91' lang='lat' dir='ltr'><strong>sum.</strong></span> 
     </span>
    </p>

    <p class='ocr_par' dir='ltr' id='par_1_8' title="bbox 243 2318 1580 5057">
     <span class='ocr_line' id='line_1_24' title="bbox 439 2318 1579 2402; baseline -0.002 -20.255"><span class='ocrx_word' id='word_1_200' title='bbox 439 2320 516 2380; x_wconf 84' lang='lat' dir='ltr'><strong>Jove</strong></span> <span class='ocrx_word' id='word_1_201' title='bbox 550 2322 667 2383; x_wconf 88' lang='lat' dir='ltr'><strong>interim</strong></span> <span class='ocrx_word' id='word_1_202' title='bbox 699 2342 765 2383; x_wconf 91' lang='lat' dir='ltr'><strong>cum</strong></span> <span class='ocrx_word' id='word_1_203' title='bbox 799 2341 852 2383; x_wconf 88' lang='lat' dir='ltr'><strong>suo</strong></span> <span class='ocrx_word' id='word_1_204' title='bbox 887 2322 1032 2383; x_wconf 79' lang='lat' dir='ltr'><strong>famulitio</strong></span> <span class='ocrx_word' id='word_1_205' title='bbox 1071 2330 1246 2402; x_wconf 88' lang='lat' dir='ltr'><strong>perpetuam</strong></span> <span class='ocrx_word' id='word_1_206' title='bbox 1279 2318 1423 2380; x_wconf 87' lang='lat' dir='ltr'><strong>semitam</strong></span> <span class='ocrx_word' id='word_1_207' title='bbox 1455 2327 1579 2400; x_wconf 72' lang='lat' dir='ltr'><strong>pergente</strong></span> 
     </span>
     <span class='ocr_line' id='line_1_25' title="bbox 244 2408 1579 2484; baseline 0.004 -18"><span class='ocrx_word' id='word_1_208' title='bbox 244 2412 384 2479; x_wconf 79' lang='lat' dir='ltr'><strong>(praemisit</strong></span> <span class='ocrx_word' id='word_1_209' title='bbox 405 2417 443 2468; x_wconf 84' lang='lat' dir='ltr'><strong>hir</strong></span> <span class='ocrx_word' id='word_1_210' title='bbox 462 2418 585 2482; x_wconf 84' lang='lat' dir='ltr'><strong>Keplerus</strong></span> <span class='ocrx_word' id='word_1_211' title='bbox 603 2420 725 2484; x_wconf 86' lang='lat' dir='ltr'><strong>quaedam</strong></span> <span class='ocrx_word' id='word_1_212' title='bbox 744 2420 775 2470; x_wconf 86' lang='lat' dir='ltr'><strong>de</strong></span> <span class='ocrx_word' id='word_1_213' title='bbox 795 2419 977 2477; x_wconf 81' lang='lat' dir='ltr'><strong>,Narratione“</strong></span> <span class='ocrx_word' id='word_1_214' title='bbox 997 2434 1057 2477; x_wconf 83' lang='lat' dir='ltr'><strong>sna,</strong></span> <span class='ocrx_word' id='word_1_215' title='bbox 1076 2433 1141 2483; x_wconf 79' lang='lat' dir='ltr'><strong>quae</strong></span> <span class='ocrx_word' id='word_1_216' title='bbox 1158 2419 1225 2468; x_wconf 78' lang='lat' dir='ltr'><strong>intra</strong></span> <span class='ocrx_word' id='word_1_217' title='bbox 1242 2413 1404 2482; x_wconf 77' lang='lat' dir='ltr'><strong>sequentur).</strong></span> <span class='ocrx_word' id='word_1_218' title='bbox 1442 2408 1579 2470; x_wconf 73' lang='lat' dir='ltr'><strong>certium</strong></span> 
     </span>
     <span class='ocr_line' id='line_1_26' title="bbox 245 2495 1577 2581; baseline 0.002 -24"><span class='ocrx_word' id='word_1_219' title='bbox 245 2508 274 2557; x_wconf 91' lang='lat' dir='ltr'><strong>te</strong></span> <span class='ocrx_word' id='word_1_220' title='bbox 299 2499 401 2569; x_wconf 89' lang='lat' dir='ltr'><strong>reddo,</strong></span> <span class='ocrx_word' id='word_1_221' title='bbox 426 2499 544 2560; x_wconf 87' lang='lat' dir='ltr'><strong>venisse</strong></span> <span class='ocrx_word' id='word_1_222' title='bbox 569 2502 606 2560; x_wconf 90' lang='lat' dir='ltr'><strong>ad</strong></span> <span class='ocrx_word' id='word_1_223' title='bbox 631 2521 678 2562; x_wconf 89' lang='lat' dir='ltr'><strong>me</strong></span> <span class='ocrx_word' id='word_1_224' title='bbox 703 2502 842 2562; x_wconf 88' lang='lat' dir='ltr'><strong>hesterno</strong></span> <span class='ocrx_word' id='word_1_225' title='bbox 867 2501 915 2560; x_wconf 88' lang='lat' dir='ltr'><strong>die</strong></span> <span class='ocrx_word' id='word_1_226' title='bbox 939 2501 982 2561; x_wconf 86' lang='lat' dir='ltr'><strong>m.</strong></span> <span class='ocrx_word' id='word_1_227' title='bbox 1004 2500 1125 2581; x_wconf 86' lang='lat' dir='ltr'><strong>llorcky</strong></span> <span class='ocrx_word' id='word_1_228' title='bbox 1149 2500 1288 2560; x_wconf 85' lang='lat' dir='ltr'><strong>reducem</strong></span> <span class='ocrx_word' id='word_1_229' title='bbox 1311 2495 1467 2564; x_wconf 80' lang='lat' dir='ltr'><strong>exltalia,</strong></span> <span class='ocrx_word' id='word_1_230' title='bbox 1490 2515 1577 2577; x_wconf 80' lang='lat' dir='ltr'><strong>quon·</strong></span> 
     </span>
     <span class='ocr_line' id='line_1_27' title="bbox 246 2585 1576 2668; baseline -0.001 -23"><span class='ocrx_word' id='word_1_231' title='bbox 246 2587 292 2646; x_wconf 84' lang='lat' dir='ltr'><strong>ris</strong></span> <span class='ocrx_word' id='word_1_232' title='bbox 315 2588 429 2665; x_wconf 87' lang='lat' dir='ltr'><strong>passim</strong></span> <span class='ocrx_word' id='word_1_233' title='bbox 454 2587 482 2648; x_wconf 92' lang='lat' dir='ltr'><strong>iu</strong></span> <span class='ocrx_word' id='word_1_234' title='bbox 508 2589 614 2648; x_wconf 91' lang='lat' dir='ltr'><strong>itinere</strong></span> <span class='ocrx_word' id='word_1_235' title='bbox 639 2608 738 2649; x_wconf 81' lang='lat' dir='ltr'><strong>nioras</strong></span> <span class='ocrx_word' id='word_1_236' title='bbox 762 2587 906 2649; x_wconf 86' lang='lat' dir='ltr'><strong>nexuerit.</strong></span> <span class='ocrx_word' id='word_1_237' title='bbox 944 2589 1052 2648; x_wconf 76' lang='lat' dir='ltr'><strong>Mirans</strong></span> <span class='ocrx_word' id='word_1_238' title='bbox 1076 2599 1108 2648; x_wconf 90' lang='lat' dir='ltr'><strong>et</strong></span> <span class='ocrx_word' id='word_1_239' title='bbox 1127 2587 1323 2668; x_wconf 82' lang='lat' dir='ltr'><strong>spectabilem</strong></span> <span class='ocrx_word' id='word_1_240' title='bbox 1342 2585 1576 2646; x_wconf 86' lang='lat' dir='ltr'><strong>occursationen:</strong></span> 
     </span>
     <span class='ocr_line' id='line_1_28' title="bbox 244 2675 1578 2756; baseline -0.002 -20"><span class='ocrx_word' id='word_1_241' title='bbox 244 2677 384 2736; x_wconf 83' lang='lat' dir='ltr'><strong>rumille</strong></span> <span class='ocrx_word' id='word_1_242' title='bbox 414 2677 569 2738; x_wconf 85' lang='lat' dir='ltr'><strong>exultante</strong></span> <span class='ocrx_word' id='word_1_243' title='bbox 594 2678 677 2740; x_wconf 86' lang='lat' dir='ltr'><strong>vultu</strong></span> <span class='ocrx_word' id='word_1_244' title='bbox 700 2689 733 2738; x_wconf 90' lang='lat' dir='ltr'><strong>et</strong></span> <span class='ocrx_word' id='word_1_245' title='bbox 755 2677 847 2738; x_wconf 89' lang='lat' dir='ltr'><strong>veluti</strong></span> <span class='ocrx_word' id='word_1_246' title='bbox 872 2677 1053 2756; x_wconf 86' lang='lat' dir='ltr'><strong>triumphato</strong></span> <span class='ocrx_word' id='word_1_247' title='bbox 1069 2675 1208 2737; x_wconf 88' lang='lat' dir='ltr'><strong>Galilaeo</strong></span> <span class='ocrx_word' id='word_1_248' title='bbox 1234 2695 1279 2738; x_wconf 90' lang='lat' dir='ltr'><strong>me</strong></span> <span class='ocrx_word' id='word_1_249' title='bbox 1305 2685 1337 2734; x_wconf 94' lang='lat' dir='ltr'><strong>ut</strong></span> <span class='ocrx_word' id='word_1_250' title='bbox 1360 2676 1578 2736; x_wconf 80' lang='lat' dir='ltr'><strong>consentientem</strong></span> 
     </span>
     <span class='ocr_line' id='line_1_29' title="bbox 245 2763 1578 2845; baseline -0.002 -21"><span class='ocrx_word' id='word_1_251' title='bbox 245 2765 456 2843; x_wconf 89' lang='lat' dir='ltr'><strong>alloqueretur,</strong></span> <span class='ocrx_word' id='word_1_252' title='bbox 484 2785 539 2844; x_wconf 90' lang='lat' dir='ltr'><strong>ego</strong></span> <span class='ocrx_word' id='word_1_253' title='bbox 564 2786 634 2827; x_wconf 82' lang='lat' dir='ltr'><strong>sero</strong></span> <span class='ocrx_word' id='word_1_254' title='bbox 659 2768 870 2845; x_wconf 83' lang='lat' dir='ltr'><strong>responderem</strong></span> <span class='ocrx_word' id='word_1_255' title='bbox 894 2785 932 2826; x_wconf 80' lang='lat' dir='ltr'><strong>ex</strong></span> <span class='ocrx_word' id='word_1_256' title='bbox 957 2767 1083 2827; x_wconf 88' lang='lat' dir='ltr'><strong>formula</strong></span> <span class='ocrx_word' id='word_1_257' title='bbox 1106 2764 1248 2844; x_wconf 90' lang='lat' dir='ltr'><strong>epistolii,</strong></span> <span class='ocrx_word' id='word_1_258' title='bbox 1273 2782 1331 2844; x_wconf 91' lang='lat' dir='ltr'><strong>quo</strong></span> <span class='ocrx_word' id='word_1_259' title='bbox 1355 2764 1414 2842; x_wconf 87' lang='lat' dir='ltr'><strong>ipsi</strong></span> <span class='ocrx_word' id='word_1_260' title='bbox 1439 2763 1578 2824; x_wconf 80' lang='lat' dir='ltr'><strong>amicitiam</strong></span> 
     </span>
     <span class='ocr_line' id='line_1_30' title="bbox 246 2850 1579 2933; baseline -0.002 -21"><span class='ocrx_word' id='word_1_261' title='bbox 246 2853 499 2914; x_wconf 88' lang='lat' dir='ltr'><strong>renunciaveram.</strong></span> <span class='ocrx_word' id='word_1_262' title='bbox 548 2855 580 2915; x_wconf 92' lang='lat' dir='ltr'><strong>ld</strong></span> <span class='ocrx_word' id='word_1_263' title='bbox 612 2863 696 2916; x_wconf 90' lang='lat' dir='ltr'><strong>tanto</strong></span> <span class='ocrx_word' id='word_1_264' title='bbox 730 2862 884 2933; x_wconf 91' lang='lat' dir='ltr'><strong>utrumque</strong></span> <span class='ocrx_word' id='word_1_265' title='bbox 909 2855 1006 2933; x_wconf 84' lang='lat' dir='ltr'><strong>magis</strong></span> <span class='ocrx_word' id='word_1_266' title='bbox 1029 2853 1235 2933; x_wconf 86' lang='lat' dir='ltr'><strong>perturbavit,</strong></span> <span class='ocrx_word' id='word_1_267' title='bbox 1276 2852 1354 2930; x_wconf 93' lang='lat' dir='ltr'><strong>quod</strong></span> <span class='ocrx_word' id='word_1_268' title='bbox 1393 2869 1448 2912; x_wconf 90' lang='lat' dir='ltr'><strong>uec</strong></span> <span class='ocrx_word' id='word_1_269' title='bbox 1481 2850 1579 2916; x_wconf 83' lang='lat' dir='ltr'><strong>iilsde</strong></span> 
     </span>
     <span class='ocr_line' id='line_1_31' title="bbox 246 2940 1579 3023; baseline -0.003 -23"><span class='ocrx_word' id='word_1_270' title='bbox 246 2960 314 3001; x_wconf 89' lang='lat' dir='ltr'><strong>rnen</strong></span> <span class='ocrx_word' id='word_1_271' title='bbox 337 2942 560 3004; x_wconf 86' lang='lat' dir='ltr'><strong>renunciatione</strong></span> <span class='ocrx_word' id='word_1_272' title='bbox 584 2944 701 3004; x_wconf 86' lang='lat' dir='ltr'><strong>sciebat</strong></span> <span class='ocrx_word' id='word_1_273' title='bbox 724 2944 846 3023; x_wconf 89' lang='lat' dir='ltr'><strong>(quippe</strong></span> <span class='ocrx_word' id='word_1_274' title='bbox 871 2943 976 3003; x_wconf 87' lang='lat' dir='ltr'><strong>literae</strong></span> <span class='ocrx_word' id='word_1_275' title='bbox 1001 2961 1086 3003; x_wconf 88' lang='lat' dir='ltr'><strong>meae</strong></span> <span class='ocrx_word' id='word_1_276' title='bbox 1101 2941 1268 3002; x_wconf 88' lang='lat' dir='ltr'><strong>Bononiam</strong></span> <span class='ocrx_word' id='word_1_277' title='bbox 1292 2940 1416 3000; x_wconf 84' lang='lat' dir='ltr'><strong>delatae</strong></span> <span class='ocrx_word' id='word_1_278' title='bbox 1438 2949 1508 3004; x_wconf 89' lang='lat' dir='ltr'><strong>sunt</strong></span> <span class='ocrx_word' id='word_1_279' title='bbox 1527 2947 1579 3018; x_wconf 82' lang='lat' dir='ltr'><strong>pou</strong></span> 
     </span>
     <span class='ocr_line' id='line_1_32' title="bbox 244 3027 1579 3111; baseline -0.001 -23"><span class='ocrx_word' id='word_1_280' title='bbox 244 3029 309 3107; x_wconf 79' lang='lat' dir='ltr'><strong>ejus</strong></span> <span class='ocrx_word' id='word_1_281' title='bbox 333 3029 513 3102; x_wconf 86' lang='lat' dir='ltr'><strong>discessum)</strong></span> <span class='ocrx_word' id='word_1_282' title='bbox 539 3051 632 3109; x_wconf 88' lang='lat' dir='ltr'><strong>neque</strong></span> <span class='ocrx_word' id='word_1_283' title='bbox 657 3051 712 3109; x_wconf 83' lang='lat' dir='ltr'><strong>ego</strong></span> <span class='ocrx_word' id='word_1_284' title='bbox 737 3032 843 3104; x_wconf 87' lang='lat' dir='ltr'><strong>aliter,</strong></span> <span class='ocrx_word' id='word_1_285' title='bbox 878 3051 965 3111; x_wconf 88' lang='lat' dir='ltr'><strong>quam</strong></span> <span class='ocrx_word' id='word_1_286' title='bbox 991 3033 1099 3092; x_wconf 88' lang='lat' dir='ltr'><strong>lectum</strong></span> <span class='ocrx_word' id='word_1_287' title='bbox 1133 3031 1176 3090; x_wconf 91' lang='lat' dir='ltr'><strong>illi</strong></span> <span class='ocrx_word' id='word_1_288' title='bbox 1206 3028 1378 3109; x_wconf 86' lang='lat' dir='ltr'><strong>epistolium</strong></span> <span class='ocrx_word' id='word_1_289' title='bbox 1412 3027 1441 3088; x_wconf 91' lang='lat' dir='ltr'><strong>in</strong></span> <span class='ocrx_word' id='word_1_290' title='bbox 1471 3029 1579 3090; x_wconf 84' lang='lat' dir='ltr'><strong>animun</strong></span> 
     </span>
     <span class='ocr_line' id='line_1_33' title="bbox 244 3116 1579 3197; baseline -0.001 -19"><span class='ocrx_word' id='word_1_291' title='bbox 244 3118 427 3179; x_wconf 78' lang='lat' dir='ltr'><strong>induxeram.</strong></span> <span class='ocrx_word' id='word_1_292' title='bbox 475 3120 550 3181; x_wconf 91' lang='lat' dir='ltr'><strong>Post</strong></span> <span class='ocrx_word' id='word_1_293' title='bbox 573 3122 696 3181; x_wconf 89' lang='lat' dir='ltr'><strong>multam</strong></span> <span class='ocrx_word' id='word_1_294' title='bbox 721 3122 949 3181; x_wconf 86' lang='lat' dir='ltr'><strong>altercationem</strong></span> <span class='ocrx_word' id='word_1_295' title='bbox 982 3121 1097 3180; x_wconf 89' lang='lat' dir='ltr'><strong>demum</strong></span> <span class='ocrx_word' id='word_1_296' title='bbox 1122 3119 1221 3196; x_wconf 89' lang='lat' dir='ltr'><strong>patuit</strong></span> <span class='ocrx_word' id='word_1_297' title='bbox 1244 3137 1326 3178; x_wconf 90' lang='lat' dir='ltr'><strong>error</strong></span> <span class='ocrx_word' id='word_1_298' title='bbox 1350 3116 1505 3197; x_wconf 86' lang='lat' dir='ltr'><strong>utriusque</strong></span> <span class='ocrx_word' id='word_1_299' title='bbox 1526 3135 1579 3196; x_wconf 87' lang='lat' dir='ltr'><strong>pet·</strong></span> 
     </span>
     <span class='ocr_line' id='line_1_34' title="bbox 243 3205 1578 3286; baseline -0.001 -18"><span class='ocrx_word' id='word_1_300' title='bbox 243 3206 434 3279; x_wconf 85' lang='lat' dir='ltr'><strong>suasionum,</strong></span> <span class='ocrx_word' id='word_1_301' title='bbox 468 3218 558 3286; x_wconf 87' lang='lat' dir='ltr'><strong>atquc</strong></span> <span class='ocrx_word' id='word_1_302' title='bbox 592 3210 641 3270; x_wconf 91' lang='lat' dir='ltr'><strong>ille</strong></span> <span class='ocrx_word' id='word_1_303' title='bbox 675 3209 746 3269; x_wconf 85' lang='lat' dir='ltr'><strong>milri</strong></span> <span class='ocrx_word' id='word_1_304' title='bbox 779 3229 898 3269; x_wconf 90' lang='lat' dir='ltr'><strong>suarum</strong></span> <span class='ocrx_word' id='word_1_305' title='bbox 930 3210 1077 3270; x_wconf 85' lang='lat' dir='ltr'><strong>rationum</strong></span> <span class='ocrx_word' id='word_1_306' title='bbox 1116 3218 1283 3279; x_wconf 89' lang='lat' dir='ltr'><strong>rnorueuta,</strong></span> <span class='ocrx_word' id='word_1_307' title='bbox 1318 3206 1365 3267; x_wconf 90' lang='lat' dir='ltr'><strong>sui</strong></span> <span class='ocrx_word' id='word_1_308' title='bbox 1401 3205 1578 3274; x_wconf 79' lang='lat' dir='ltr'><strong>certissimus.</strong></span> 
     </span>
     <span class='ocr_line' id='line_1_35' title="bbox 244 3294 1580 3375; baseline -0.003 -20"><span class='ocrx_word' id='word_1_309' title='bbox 244 3296 444 3356; x_wconf 91' lang='lat' dir='ltr'><strong>sincerissimo</strong></span> <span class='ocrx_word' id='word_1_310' title='bbox 487 3298 595 3358; x_wconf 87' lang='lat' dir='ltr'><strong>all&#39;ectu</strong></span> <span class='ocrx_word' id='word_1_311' title='bbox 629 3299 796 3368; x_wconf 83' lang='lat' dir='ltr'><strong>recensuit,</strong></span> <span class='ocrx_word' id='word_1_312' title='bbox 836 3316 892 3375; x_wconf 84' lang='lat' dir='ltr'><strong>ego</strong></span> <span class='ocrx_word' id='word_1_313' title='bbox 924 3298 967 3357; x_wconf 92' lang='lat' dir='ltr'><strong>illi</strong></span> <span class='ocrx_word' id='word_1_314' title='bbox 1002 3309 1180 3374; x_wconf 88' lang='lat' dir='ltr'><strong>argumenta</strong></span> <span class='ocrx_word' id='word_1_315' title='bbox 1218 3315 1274 3355; x_wconf 91' lang='lat' dir='ltr'><strong>sua</strong></span> <span class='ocrx_word' id='word_1_316' title='bbox 1303 3294 1382 3356; x_wconf 86' lang='lat' dir='ltr'><strong>solsi</strong></span> <span class='ocrx_word' id='word_1_317' title='bbox 1416 3312 1469 3354; x_wconf 88' lang='lat' dir='ltr'><strong>seu</strong></span> <span class='ocrx_word' id='word_1_318' title='bbox 1500 3295 1580 3374; x_wconf 84' lang='lat' dir='ltr'><strong>potius</strong></span> 
     </span>
     <span class='ocr_line' id='line_1_36' title="bbox 244 3384 1580 3464; baseline -0.003 -20"><span class='ocrx_word' id='word_1_319' title='bbox 244 3385 390 3464; x_wconf 84' lang='lat' dir='ltr'><strong>oppressi,</strong></span> <span class='ocrx_word' id='word_1_320' title='bbox 416 3386 486 3446; x_wconf 90' lang='lat' dir='ltr'><strong>nibil</strong></span> <span class='ocrx_word' id='word_1_321' title='bbox 511 3386 567 3446; x_wconf 90' lang='lat' dir='ltr'><strong>nisi</strong></span> <span class='ocrx_word' id='word_1_322' title='bbox 593 3386 666 3445; x_wconf 90' lang='lat' dir='ltr'><strong>meis</strong></span> <span class='ocrx_word' id='word_1_323' title='bbox 692 3387 951 3446; x_wconf 82' lang='lat' dir='ltr'><strong>observationibus</strong></span> <span class='ocrx_word' id='word_1_324' title='bbox 975 3385 1103 3464; x_wconf 89' lang='lat' dir='ltr'><strong>propriis</strong></span> <span class='ocrx_word' id='word_1_325' title='bbox 1129 3384 1265 3463; x_wconf 80' lang='lat' dir='ltr'><strong>ingestis.</strong></span> <span class='ocrx_word' id='word_1_326' title='bbox 1314 3385 1382 3444; x_wconf 87' lang='lat' dir='ltr'><strong>Non</strong></span> <span class='ocrx_word' id='word_1_327' title='bbox 1408 3393 1475 3443; x_wconf 87' lang='lat' dir='ltr'><strong>erat</strong></span> <span class='ocrx_word' id='word_1_328' title='bbox 1498 3384 1580 3463; x_wconf 87' lang='lat' dir='ltr'><strong>opinor</strong></span> 
     </span>
     <span class='ocr_line' id='line_1_37' title="bbox 244 3469 1579 3553; baseline -0.003 -19"><span class='ocrx_word' id='word_1_329' title='bbox 244 3475 443 3546; x_wconf 89' lang='lat' dir='ltr'><strong>constantiae,</strong></span> <span class='ocrx_word' id='word_1_330' title='bbox 470 3494 527 3533; x_wconf 92' lang='lat' dir='ltr'><strong>non</strong></span> <span class='ocrx_word' id='word_1_331' title='bbox 552 3494 589 3535; x_wconf 84' lang='lat' dir='ltr'><strong>ex</strong></span> <span class='ocrx_word' id='word_1_332' title='bbox 614 3474 794 3535; x_wconf 89' lang='lat' dir='ltr'><strong>auctoritate</strong></span> <span class='ocrx_word' id='word_1_333' title='bbox 818 3475 929 3553; x_wconf 86' lang='lat' dir='ltr'><strong>publici</strong></span> <span class='ocrx_word' id='word_1_334' title='bbox 955 3475 1069 3551; x_wconf 87' lang='lat' dir='ltr'><strong>scripti,</strong></span> <span class='ocrx_word' id='word_1_335' title='bbox 1095 3474 1133 3534; x_wconf 87' lang='lat' dir='ltr'><strong>nd</strong></span> <span class='ocrx_word' id='word_1_336' title='bbox 1157 3474 1283 3552; x_wconf 88' lang='lat' dir='ltr'><strong>primam</strong></span> <span class='ocrx_word' id='word_1_337' title='bbox 1308 3491 1407 3534; x_wconf 89' lang='lat' dir='ltr'><strong>meam</strong></span> <span class='ocrx_word' id='word_1_338' title='bbox 1428 3469 1579 3534; x_wconf 79' lang='lat' dir='ltr'><strong>instantiam</strong></span> 
     </span>
     <span class='ocr_line' id='line_1_38' title="bbox 243 3560 1578 3638; baseline 0.002 -16"><span class='ocrx_word' id='word_1_339' title='bbox 243 3563 425 3624; x_wconf 89' lang='lat' dir='ltr'><strong>senteutiam</strong></span> <span class='ocrx_word' id='word_1_340' title='bbox 453 3572 578 3623; x_wconf 87' lang='lat' dir='ltr'><strong>mutare.</strong></span> <span class='ocrx_word' id='word_1_341' title='bbox 630 3564 745 3623; x_wconf 83' lang='lat' dir='ltr'><strong>Mansit</strong></span> <span class='ocrx_word' id='word_1_342' title='bbox 764 3563 820 3623; x_wconf 87' lang='lat' dir='ltr'><strong>bac</strong></span> <span class='ocrx_word' id='word_1_343' title='bbox 850 3563 913 3624; x_wconf 88' lang='lat' dir='ltr'><strong>vice</strong></span> <span class='ocrx_word' id='word_1_344' title='bbox 939 3563 966 3622; x_wconf 92' lang='lat' dir='ltr'><strong>in</strong></span> <span class='ocrx_word' id='word_1_345' title='bbox 992 3562 1158 3632; x_wconf 89' lang='lat' dir='ltr'><strong>senteutia;</strong></span> <span class='ocrx_word' id='word_1_346' title='bbox 1184 3573 1315 3622; x_wconf 89' lang='lat' dir='ltr'><strong>ceterum</strong></span> <span class='ocrx_word' id='word_1_347' title='bbox 1342 3560 1440 3623; x_wconf 92' lang='lat' dir='ltr'><strong>doluit</strong></span> <span class='ocrx_word' id='word_1_348' title='bbox 1460 3563 1578 3638; x_wconf 75' lang='lat' dir='ltr'><strong>pessima</strong></span> 
     </span>
     <span class='ocr_line' id='line_1_39' title="bbox 244 3649 1578 3731; baseline -0.006 -19"><span class='ocrx_word' id='word_1_349' title='bbox 244 3671 332 3731; x_wconf 91' lang='lat' dir='ltr'><strong>quum</strong></span> <span class='ocrx_word' id='word_1_350' title='bbox 357 3653 399 3712; x_wconf 88' lang='lat' dir='ltr'><strong>illi</strong></span> <span class='ocrx_word' id='word_1_351' title='bbox 424 3671 618 3724; x_wconf 83' lang='lat' dir='ltr'><strong>recenserem,</strong></span> <span class='ocrx_word' id='word_1_352' title='bbox 645 3652 714 3729; x_wconf 90' lang='lat' dir='ltr'><strong>quid</strong></span> <span class='ocrx_word' id='word_1_353' title='bbox 739 3652 776 3710; x_wconf 91' lang='lat' dir='ltr'><strong>ad</strong></span> <span class='ocrx_word' id='word_1_354' title='bbox 802 3661 831 3710; x_wconf 87' lang='lat' dir='ltr'><strong>te</strong></span> <span class='ocrx_word' id='word_1_355' title='bbox 856 3652 1056 3728; x_wconf 81' lang='lat' dir='ltr'><strong>scripsissem.</strong></span> <span class='ocrx_word' id='word_1_356' title='bbox 1105 3652 1187 3710; x_wconf 84' lang='lat' dir='ltr'><strong>&#39;lunc</strong></span> <span class='ocrx_word' id='word_1_357' title='bbox 1212 3650 1299 3722; x_wconf 88' lang='lat' dir='ltr'><strong>euim,</strong></span> <span class='ocrx_word' id='word_1_358' title='bbox 1325 3652 1412 3728; x_wconf 86' lang='lat' dir='ltr'><strong>quasi</strong></span> <span class='ocrx_word' id='word_1_359' title='bbox 1437 3649 1492 3710; x_wconf 88' lang='lat' dir='ltr'><strong>boc</strong></span> <span class='ocrx_word' id='word_1_360' title='bbox 1514 3649 1578 3710; x_wconf 81' lang='lat' dir='ltr'><strong>unico</strong></span> 
     </span>
     <span class='ocr_line' id='line_1_40' title="bbox 245 3739 1576 3819; baseline -0.002 -20"><span class='ocrx_word' id='word_1_361' title='bbox 245 3740 347 3800; x_wconf 89' lang='lat' dir='ltr'><strong>labore</strong></span> <span class='ocrx_word' id='word_1_362' title='bbox 372 3742 545 3819; x_wconf 85' lang='lat' dir='ltr'><strong>proposito,</strong></span> <span class='ocrx_word' id='word_1_363' title='bbox 581 3760 695 3799; x_wconf 89' lang='lat' dir='ltr'><strong>sunuua</strong></span> <span class='ocrx_word' id='word_1_364' title='bbox 725 3741 928 3818; x_wconf 83' lang='lat' dir='ltr'><strong>persuasionis</strong></span> <span class='ocrx_word' id='word_1_365' title='bbox 953 3741 980 3799; x_wconf 86' lang='lat' dir='ltr'><strong>ri</strong></span> <span class='ocrx_word' id='word_1_366' title='bbox 1007 3759 1052 3798; x_wconf 87' lang='lat' dir='ltr'><strong>ure.</strong></span> <span class='ocrx_word' id='word_1_367' title='bbox 1077 3758 1250 3817; x_wconf 80' lang='lat' dir='ltr'><strong>oppugnare</strong></span> <span class='ocrx_word' id='word_1_368' title='bbox 1277 3740 1387 3817; x_wconf 89' lang='lat' dir='ltr'><strong>coepit,</strong></span> <span class='ocrx_word' id='word_1_369' title='bbox 1413 3749 1447 3798; x_wconf 91' lang='lat' dir='ltr'><strong>ut</strong></span> <span class='ocrx_word' id='word_1_370' title='bbox 1470 3739 1505 3797; x_wconf 90' lang='lat' dir='ltr'><strong>de</strong></span> <span class='ocrx_word' id='word_1_371' title='bbox 1523 3755 1576 3797; x_wconf 91' lang='lat' dir='ltr'><strong>cou-</strong></span> 
     </span>
     <span class='ocr_line' id='line_1_41' title="bbox 244 3827 1577 3907; baseline -0.002 -18"><span class='ocrx_word' id='word_1_372' title='bbox 244 3839 335 3906; x_wconf 89' lang='lat' dir='ltr'><strong>cepta</strong></span> <span class='ocrx_word' id='word_1_373' title='bbox 358 3828 496 3907; x_wconf 88' lang='lat' dir='ltr'><strong>opinione</strong></span> <span class='ocrx_word' id='word_1_374' title='bbox 520 3848 565 3888; x_wconf 86' lang='lat' dir='ltr'><strong>rue</strong></span> <span class='ocrx_word' id='word_1_375' title='bbox 600 3829 758 3907; x_wconf 89' lang='lat' dir='ltr'><strong>dejiceret,</strong></span> <span class='ocrx_word' id='word_1_376' title='bbox 795 3829 867 3889; x_wconf 89' lang='lat' dir='ltr'><strong>nibil</strong></span> <span class='ocrx_word' id='word_1_377' title='bbox 900 3827 995 3907; x_wconf 89' lang='lat' dir='ltr'><strong>ipsum</strong></span> <span class='ocrx_word' id='word_1_378' title='bbox 1026 3849 1248 3905; x_wconf 70' lang='lat' dir='ltr'><strong>oosoqorrrsoc</strong></span> <span class='ocrx_word' id='word_1_379' title='bbox 1276 3839 1383 3889; x_wconf 88' lang='lat' dir='ltr'><strong>contra</strong></span> <span class='ocrx_word' id='word_1_380' title='bbox 1411 3846 1459 3888; x_wconf 87' lang='lat' dir='ltr'><strong>me</strong></span> <span class='ocrx_word' id='word_1_381' title='bbox 1482 3828 1577 3905; x_wconf 80' lang='lat' dir='ltr'><strong>egisse:</strong></span> 
     </span>
     <span class='ocr_line' id='line_1_42' title="bbox 244 3916 1576 3996; baseline -0.002 -19"><span class='ocrx_word' id='word_1_382' title='bbox 244 3917 363 3977; x_wconf 90' lang='lat' dir='ltr'><strong>omniuo</strong></span> <span class='ocrx_word' id='word_1_383' title='bbox 387 3936 564 3995; x_wconf 89' lang='lat' dir='ltr'><strong>persuasum</strong></span> <span class='ocrx_word' id='word_1_384' title='bbox 589 3917 699 3990; x_wconf 83' lang='lat' dir='ltr'><strong>luisse,</strong></span> <span class='ocrx_word' id='word_1_385' title='bbox 726 3918 812 3987; x_wconf 89' lang='lat' dir='ltr'><strong>banc,</strong></span> <span class='ocrx_word' id='word_1_386' title='bbox 844 3937 931 3996; x_wconf 86' lang='lat' dir='ltr'><strong>quarn</strong></span> <span class='ocrx_word' id='word_1_387' title='bbox 957 3917 1020 3995; x_wconf 90' lang='lat' dir='ltr'><strong>ipse</strong></span> <span class='ocrx_word' id='word_1_388' title='bbox 1046 3917 1074 3977; x_wconf 93' lang='lat' dir='ltr'><strong>in</strong></span> <span class='ocrx_word' id='word_1_389' title='bbox 1100 3916 1243 3994; x_wconf 89' lang='lat' dir='ltr'><strong>scriptum</strong></span> <span class='ocrx_word' id='word_1_390' title='bbox 1267 3935 1353 3977; x_wconf 88' lang='lat' dir='ltr'><strong>suum</strong></span> <span class='ocrx_word' id='word_1_391' title='bbox 1381 3917 1576 3982; x_wconf 81' lang='lat' dir='ltr'><strong>transtulisset,</strong></span> 
     </span>
     <span class='ocr_line' id='line_1_43' title="bbox 244 4004 1575 4082; baseline 0 -18"><span class='ocrx_word' id='word_1_392' title='bbox 244 4024 312 4064; x_wconf 86' lang='lat' dir='ltr'><strong>esse</strong></span> <span class='ocrx_word' id='word_1_393' title='bbox 337 4006 494 4082; x_wconf 86' lang='lat' dir='ltr'><strong>genuinam</strong></span> <span class='ocrx_word' id='word_1_394' title='bbox 519 4025 615 4064; x_wconf 78' lang='lat' dir='ltr'><strong>ineam</strong></span> <span class='ocrx_word' id='word_1_395' title='bbox 639 4005 830 4066; x_wconf 88' lang='lat' dir='ltr'><strong>seutentiam.</strong></span> <span class='ocrx_word' id='word_1_396' title='bbox 865 4007 1032 4065; x_wconf 77' lang='lat' dir='ltr'><strong>l‘aciebant</strong></span> <span class='ocrx_word' id='word_1_397' title='bbox 1055 4007 1144 4065; x_wconf 87' lang='lat' dir='ltr'><strong>fideru</strong></span> <span class='ocrx_word' id='word_1_398' title='bbox 1160 4005 1207 4064; x_wconf 88' lang='lat' dir='ltr'><strong>bis</strong></span> <span class='ocrx_word' id='word_1_399' title='bbox 1231 4005 1483 4068; x_wconf 85' lang='lat' dir='ltr'><strong>attestationibus</strong></span> <span class='ocrx_word' id='word_1_400' title='bbox 1505 4004 1575 4064; x_wconf 70' lang='lat' dir='ltr'><strong>etim</strong></span> 
     </span>
     <span class='ocr_line' id='line_1_44' title="bbox 245 4093 1576 4173; baseline -0.004 -19"><span class='ocrx_word' id='word_1_401' title='bbox 245 4103 435 4172; x_wconf 87' lang='lat' dir='ltr'><strong>argumenta,</strong></span> <span class='ocrx_word' id='word_1_402' title='bbox 466 4094 571 4173; x_wconf 89' lang='lat' dir='ltr'><strong>quibus</strong></span> <span class='ocrx_word' id='word_1_403' title='bbox 603 4094 763 4153; x_wconf 81' lang='lat' dir='ltr'><strong>etiamnum</strong></span> <span class='ocrx_word' id='word_1_404' title='bbox 794 4105 898 4153; x_wconf 90' lang='lat' dir='ltr'><strong>contra</strong></span> <span class='ocrx_word' id='word_1_405' title='bbox 920 4093 1056 4153; x_wconf 87' lang='lat' dir='ltr'><strong>Joriales</strong></span> <span class='ocrx_word' id='word_1_406' title='bbox 1088 4094 1240 4153; x_wconf 87' lang='lat' dir='ltr'><strong>satellites</strong></span> <span class='ocrx_word' id='word_1_407' title='bbox 1274 4095 1410 4172; x_wconf 82' lang='lat' dir='ltr'><strong>adeoque</strong></span> <span class='ocrx_word' id='word_1_408' title='bbox 1434 4105 1466 4154; x_wconf 88' lang='lat' dir='ltr'><strong>et</strong></span> <span class='ocrx_word' id='word_1_409' title='bbox 1494 4101 1576 4152; x_wconf 78' lang='lat' dir='ltr'><strong>corut</strong></span> 
     </span>
     <span class='ocr_line' id='line_1_45' title="bbox 245 4175 1576 4262; baseline 0.001 -19"><span class='ocrx_word' id='word_1_410' title='bbox 245 4202 328 4243; x_wconf 87' lang='lat' dir='ltr'><strong>meas</strong></span> <span class='ocrx_word' id='word_1_411' title='bbox 360 4181 454 4260; x_wconf 90' lang='lat' dir='ltr'><strong>ipsius</strong></span> <span class='ocrx_word' id='word_1_412' title='bbox 488 4182 717 4242; x_wconf 78' lang='lat' dir='ltr'><strong>observationes</strong></span> <span class='ocrx_word' id='word_1_413' title='bbox 749 4201 903 4262; x_wconf 87' lang='lat' dir='ltr'><strong>rneumque</strong></span> <span class='ocrx_word' id='word_1_414' title='bbox 929 4182 1182 4254; x_wconf 70' lang='lat' dir='ltr'><strong>„Nesei-ationem·</strong></span> <span class='ocrx_word' id='word_1_415' title='bbox 1209 4185 1316 4259; x_wconf 83' lang='lat' dir='ltr'><strong>(quam</strong></span> <span class='ocrx_word' id='word_1_416' title='bbox 1340 4201 1442 4242; x_wconf 89' lang='lat' dir='ltr'><strong>coram</strong></span> <span class='ocrx_word' id='word_1_417' title='bbox 1466 4175 1576 4244; x_wconf 78' lang='lat' dir='ltr'><strong>extiti)</strong></span> 
     </span>
     <span class='ocr_line' id='line_1_46' title="bbox 244 4270 1575 4349; baseline -0.004 -18"><span class='ocrx_word' id='word_1_418' title='bbox 244 4278 360 4349; x_wconf 88' lang='lat' dir='ltr'><strong>pugnat</strong></span> <span class='ocrx_word' id='word_1_419' title='bbox 384 4270 537 4331; x_wconf 85' lang='lat' dir='ltr'><strong>acerrime.</strong></span> <span class='ocrx_word' id='word_1_420' title='bbox 576 4271 620 4331; x_wconf 80' lang='lat' dir='ltr'><strong>lle</strong></span> <span class='ocrx_word' id='word_1_421' title='bbox 647 4271 682 4330; x_wconf 92' lang='lat' dir='ltr'><strong>iis</strong></span> <span class='ocrx_word' id='word_1_422' title='bbox 708 4290 788 4340; x_wconf 85' lang='lat' dir='ltr'><strong>sero,</strong></span> <span class='ocrx_word' id='word_1_423' title='bbox 814 4293 889 4349; x_wconf 87' lang='lat' dir='ltr'><strong>qune</strong></span> <span class='ocrx_word' id='word_1_424' title='bbox 910 4281 1015 4330; x_wconf 88' lang='lat' dir='ltr'><strong>contra</strong></span> <span class='ocrx_word' id='word_1_425' title='bbox 1034 4279 1063 4331; x_wconf 93' lang='lat' dir='ltr'><strong>te</strong></span> <span class='ocrx_word' id='word_1_426' title='bbox 1079 4270 1181 4332; x_wconf 88' lang='lat' dir='ltr'><strong>durius</strong></span> <span class='ocrx_word' id='word_1_427' title='bbox 1201 4270 1387 4347; x_wconf 79' lang='lat' dir='ltr'><strong>scripsisset,</strong></span> <span class='ocrx_word' id='word_1_428' title='bbox 1412 4271 1455 4332; x_wconf 84' lang='lat' dir='ltr'><strong>sic</strong></span> <span class='ocrx_word' id='word_1_429' title='bbox 1474 4285 1575 4347; x_wconf 85' lang='lat' dir='ltr'><strong>respon·</strong></span> 
     </span>
     <span class='ocr_line' id='line_1_47' title="bbox 245 4359 1575 4437; baseline -0.002 -18"><span class='ocrx_word' id='word_1_430' title='bbox 245 4360 352 4419; x_wconf 87' lang='lat' dir='ltr'><strong>debat:</strong></span> <span class='ocrx_word' id='word_1_431' title='bbox 378 4359 672 4419; x_wconf 84' lang='lat' dir='ltr'><strong>obsecundatum</strong></span> <span class='ocrx_word' id='word_1_432' title='bbox 698 4379 736 4418; x_wconf 89' lang='lat' dir='ltr'><strong>se</strong></span> <span class='ocrx_word' id='word_1_433' title='bbox 758 4360 815 4419; x_wconf 88' lang='lat' dir='ltr'><strong>bic</strong></span> <span class='ocrx_word' id='word_1_434' title='bbox 836 4360 1010 4437; x_wconf 77' lang='lat' dir='ltr'><strong>prublicae</strong></span> <span class='ocrx_word' id='word_1_435' title='bbox 1035 4361 1175 4424; x_wconf 81' lang='lat' dir='ltr'><strong>satirae,</strong></span> <span class='ocrx_word' id='word_1_436' title='bbox 1200 4359 1438 4420; x_wconf 80' lang='lat' dir='ltr'><strong>doctissimis</strong></span> <span class='ocrx_word' id='word_1_437' title='bbox 1461 4361 1494 4420; x_wconf 91' lang='lat' dir='ltr'><strong>iu</strong></span> <span class='ocrx_word' id='word_1_438' title='bbox 1511 4372 1575 4418; x_wconf 77' lang='lat' dir='ltr'><strong>att·</strong></span> 
     </span>
     <span class='ocr_line' id='line_1_48' title="bbox 245 4447 1576 4526; baseline -0.002 -19"><span class='ocrx_word' id='word_1_439' title='bbox 245 4447 370 4507; x_wconf 85' lang='lat' dir='ltr'><strong>demin</strong></span> <span class='ocrx_word' id='word_1_440' title='bbox 392 4448 621 4507; x_wconf 81' lang='lat' dir='ltr'><strong>llououieusi</strong></span> <span class='ocrx_word' id='word_1_441' title='bbox 646 4448 926 4524; x_wconf 72' lang='lat' dir='ltr'><strong>professoribus</strong></span> <span class='ocrx_word' id='word_1_442' title='bbox 959 4467 1024 4506; x_wconf 92' lang='lat' dir='ltr'><strong>non</strong></span> <span class='ocrx_word' id='word_1_443' title='bbox 1058 4448 1202 4525; x_wconf 90' lang='lat' dir='ltr'><strong>paucis,</strong></span> <span class='ocrx_word' id='word_1_444' title='bbox 1233 4448 1361 4526; x_wconf 76' lang='lat' dir='ltr'><strong>aliisque</strong></span> <span class='ocrx_word' id='word_1_445' title='bbox 1396 4466 1450 4526; x_wconf 88' lang='lat' dir='ltr'><strong>per</strong></span> <span class='ocrx_word' id='word_1_446' title='bbox 1474 4448 1576 4508; x_wconf 76' lang='lat' dir='ltr'><strong>ltaliam</strong></span> 
     </span>
     <span class='ocr_line' id='line_1_49' title="bbox 246 4527 1576 4616; baseline 0 -22"><span class='ocrx_word' id='word_1_447' title='bbox 246 4537 281 4594; x_wconf 78' lang='lat' dir='ltr'><strong>cle</strong></span> <span class='ocrx_word' id='word_1_448' title='bbox 307 4555 429 4613; x_wconf 87' lang='lat' dir='ltr'><strong>quorum</strong></span> <span class='ocrx_word' id='word_1_449' title='bbox 454 4556 600 4595; x_wconf 82' lang='lat' dir='ltr'><strong>corrseusu</strong></span> <span class='ocrx_word' id='word_1_450' title='bbox 626 4538 711 4595; x_wconf 86' lang='lat' dir='ltr'><strong>tidem</strong></span> <span class='ocrx_word' id='word_1_451' title='bbox 737 4537 806 4595; x_wconf 84' lang='lat' dir='ltr'><strong>milri</strong></span> <span class='ocrx_word' id='word_1_452' title='bbox 834 4536 903 4594; x_wconf 84' lang='lat' dir='ltr'><strong>lecit</strong></span> <span class='ocrx_word' id='word_1_453' title='bbox 928 4537 1114 4596; x_wconf 85' lang='lat' dir='ltr'><strong>documentis</strong></span> <span class='ocrx_word' id='word_1_454' title='bbox 1146 4536 1427 4609; x_wconf 74' lang='lat' dir='ltr'><strong>ruauilbstissimis;</strong></span> <span class='ocrx_word' id='word_1_455' title='bbox 1466 4527 1576 4616; x_wconf 66' lang='lat' dir='ltr'><strong>quanti*</strong></span> 
     </span>
     <span class='ocr_line' id='line_1_50' title="bbox 246 4610 1575 4702; baseline -0.003 -18"><span class='ocrx_word' id='word_1_456' title='bbox 246 4624 281 4684; x_wconf 92' lang='lat' dir='ltr'><strong>iis</strong></span> <span class='ocrx_word' id='word_1_457' title='bbox 306 4643 363 4684; x_wconf 92' lang='lat' dir='ltr'><strong>non</strong></span> <span class='ocrx_word' id='word_1_458' title='bbox 387 4632 453 4683; x_wconf 91' lang='lat' dir='ltr'><strong>erut</strong></span> <span class='ocrx_word' id='word_1_459' title='bbox 477 4643 560 4702; x_wconf 91' lang='lat' dir='ltr'><strong>opus.</strong></span> <span class='ocrx_word' id='word_1_460' title='bbox 611 4626 717 4696; x_wconf 66' lang='lat' dir='ltr'><strong>,sirloc</strong></span> <span class='ocrx_word' id='word_1_461' title='bbox 742 4625 831 4702; x_wconf 87' lang='lat' dir='ltr'><strong>igitur</strong></span> <span class='ocrx_word' id='word_1_462' title='bbox 856 4626 909 4684; x_wconf 88' lang='lat' dir='ltr'><strong>boc</strong></span> <span class='ocrx_word' id='word_1_463' title='bbox 935 4645 991 4685; x_wconf 88' lang='lat' dir='ltr'><strong>uun</strong></span> <span class='ocrx_word' id='word_1_464' title='bbox 1017 4634 1099 4684; x_wconf 89' lang='lat' dir='ltr'><strong>esset</strong></span> <span class='ocrx_word' id='word_1_465' title='bbox 1124 4624 1178 4683; x_wconf 82' lang='lat' dir='ltr'><strong>riri</strong></span> <span class='ocrx_word' id='word_1_466' title='bbox 1206 4625 1289 4698; x_wconf 88' lang='lat' dir='ltr'><strong>boni,</strong></span> <span class='ocrx_word' id='word_1_467' title='bbox 1311 4610 1575 4702; x_wconf 66' lang='lat' dir='ltr'><strong>justissimorum</strong></span> 
     </span>
     <span class='ocr_line' id='line_1_51' title="bbox 246 4705 1575 4791; baseline 0.003 -20"><span class='ocrx_word' id='word_1_468' title='bbox 246 4710 467 4771; x_wconf 87' lang='lat' dir='ltr'><strong>academiarum</strong></span> <span class='ocrx_word' id='word_1_469' title='bbox 498 4714 723 4773; x_wconf 77' lang='lat' dir='ltr'><strong>accormuoclare</strong></span> <span class='ocrx_word' id='word_1_470' title='bbox 756 4714 922 4785; x_wconf 87' lang='lat' dir='ltr'><strong>calaumur,</strong></span> <span class='ocrx_word' id='word_1_471' title='bbox 957 4732 1129 4790; x_wconf 84' lang='lat' dir='ltr'><strong>oppugnare.</strong></span> <span class='ocrx_word' id='word_1_472' title='bbox 1163 4715 1306 4788; x_wconf 84' lang='lat' dir='ltr'><strong>ligmenta</strong></span> <span class='ocrx_word' id='word_1_473' title='bbox 1339 4705 1575 4791; x_wconf 51' lang='lat' dir='ltr'><strong>pertentes-sd·</strong></span> 
     </span>
     <span class='ocr_line' id='line_1_52' title="bbox 246 4791 1575 4882; baseline 0.002 -23"><span class='ocrx_word' id='word_1_474' title='bbox 246 4800 380 4859; x_wconf 83' lang='lat' dir='ltr'><strong>fraudem</strong></span> <span class='ocrx_word' id='word_1_475' title='bbox 407 4800 556 4874; x_wconf 75' lang='lat' dir='ltr'><strong>veritatis,</strong></span> <span class='ocrx_word' id='word_1_476' title='bbox 589 4802 616 4860; x_wconf 89' lang='lat' dir='ltr'><strong>in</strong></span> <span class='ocrx_word' id='word_1_477' title='bbox 641 4802 851 4861; x_wconf 88' lang='lat' dir='ltr'><strong>contumeliam</strong></span> <span class='ocrx_word' id='word_1_478' title='bbox 875 4810 1001 4861; x_wconf 87' lang='lat' dir='ltr'><strong>naturae</strong></span> <span class='ocrx_word' id='word_1_479' title='bbox 1026 4801 1242 4880; x_wconf 76' lang='lat' dir='ltr'><strong>corrrparata?“</strong></span> <span class='ocrx_word' id='word_1_480' title='bbox 1292 4802 1430 4882; x_wconf 77' lang='lat' dir='ltr'><strong>lienique</strong></span> <span class='ocrx_word' id='word_1_481' title='bbox 1453 4821 1488 4864; x_wconf 88' lang='lat' dir='ltr'><strong>eo</strong></span> <span class='ocrx_word' id='word_1_482' title='bbox 1509 4791 1575 4861; x_wconf 68' lang='lat' dir='ltr'><strong>,uiis</strong></span> 
     </span>
     <span class='ocr_line' id='line_1_53' title="bbox 246 4888 1575 4971; baseline 0.002 -24"><span class='ocrx_word' id='word_1_483' title='bbox 246 4907 363 4948; x_wconf 83' lang='lat' dir='ltr'><strong>suurrua</strong></span> <span class='ocrx_word' id='word_1_484' title='bbox 387 4888 542 4962; x_wconf 88' lang='lat' dir='ltr'><strong>orationis,</strong></span> <span class='ocrx_word' id='word_1_485' title='bbox 568 4899 600 4949; x_wconf 92' lang='lat' dir='ltr'><strong>ut</strong></span> <span class='ocrx_word' id='word_1_486' title='bbox 624 4901 793 4968; x_wconf 86' lang='lat' dir='ltr'><strong>appareret,</strong></span> <span class='ocrx_word' id='word_1_487' title='bbox 819 4891 919 4968; x_wconf 89' lang='lat' dir='ltr'><strong>plures</strong></span> <span class='ocrx_word' id='word_1_488' title='bbox 945 4909 998 4966; x_wconf 89' lang='lat' dir='ltr'><strong>per</strong></span> <span class='ocrx_word' id='word_1_489' title='bbox 1022 4891 1141 4950; x_wconf 90' lang='lat' dir='ltr'><strong>ltaliam</strong></span> <span class='ocrx_word' id='word_1_490' title='bbox 1161 4890 1243 4950; x_wconf 80' lang='lat' dir='ltr'><strong>siros</strong></span> <span class='ocrx_word' id='word_1_491' title='bbox 1262 4890 1369 4952; x_wconf 84' lang='lat' dir='ltr'><strong>doctos</strong></span> <span class='ocrx_word' id='word_1_492' title='bbox 1394 4890 1424 4951; x_wconf 89' lang='lat' dir='ltr'><strong>iu</strong></span> <span class='ocrx_word' id='word_1_493' title='bbox 1447 4888 1575 4971; x_wconf 77' lang='lat' dir='ltr'><strong>precinct·</strong></span> 
     </span>
     <span class='ocr_line' id='line_1_54' title="bbox 247 4967 1574 5057; baseline 0.003 -23"><span class='ocrx_word' id='word_1_494' title='bbox 247 4976 369 5036; x_wconf 87' lang='lat' dir='ltr'><strong>stetisse</strong></span> <span class='ocrx_word' id='word_1_495' title='bbox 394 4975 530 5055; x_wconf 88' lang='lat' dir='ltr'><strong>publicae</strong></span> <span class='ocrx_word' id='word_1_496' title='bbox 554 4979 808 5051; x_wconf 88' lang='lat' dir='ltr'><strong>contradictionis,</strong></span> <span class='ocrx_word' id='word_1_497' title='bbox 835 4997 908 5057; x_wconf 88' lang='lat' dir='ltr'><strong>quos</strong></span> <span class='ocrx_word' id='word_1_498' title='bbox 928 4999 986 5038; x_wconf 91' lang='lat' dir='ltr'><strong>uon</strong></span> <span class='ocrx_word' id='word_1_499' title='bbox 1005 4979 1130 5042; x_wconf 89' lang='lat' dir='ltr'><strong>ruutatio</strong></span> <span class='ocrx_word' id='word_1_500' title='bbox 1151 4978 1330 5053; x_wconf 83' lang='lat' dir='ltr'><strong>sententiae,</strong></span> <span class='ocrx_word' id='word_1_501' title='bbox 1355 4979 1412 5042; x_wconf 86' lang='lat' dir='ltr'><strong>sed</strong></span> <span class='ocrx_word' id='word_1_502' title='bbox 1437 4979 1479 5044; x_wconf 88' lang='lat' dir='ltr'><strong>tui</strong></span> <span class='ocrx_word' id='word_1_503' title='bbox 1499 4967 1574 5040; x_wconf 73' lang='lat' dir='ltr'><strong>uon·</strong></span> 
     </span>
    </p>
   </div>
   <div class='ocr_carea' id='block_1_7' title="bbox 0 0 1852 5842">
    <p class='ocr_par' dir='ltr' id='par_1_9' title="bbox 0 0 1852 5842">
     <span class='ocr_line' id='line_1_55' title="bbox 0 0 1852 5842; baseline 0 0"><span class='ocrx_word' id='word_1_504' title='bbox 0 0 1852 5842; x_wconf 95' lang='lat' dir='ltr'><strong> </strong></span> 
     </span>
    </p>
   </div>
  </div>
 </body>
</html>
