3692 5842
761 494 817 531 anm
835 432 933 531 Nuntio
951 478 1072 532 Siderea·
1521 479 1586 548 505

225 653 352 734 navigio
374 654 431 716 hoo
453 654 583 715 Telluris
606 675 704 716 annuo
727 665 808 718 motu
831 657 1092 736 circumspatietur
1116 657 1264 718 lustrandi
1290 675 1392 730 causa,
1418 677 1477 720 nou
1501 678 1588 722 secus

226 751 322 824 atque
337 762 490 805 mensores
505 762 603 805 rerum
619 743 840 807 inaccessarum
855 747 1018 806 stationem
1038 746 1170 807 statione
1186 753 1367 825 permutant,
1389 755 1422 806 nt
1437 747 1588 827 triangulo

225 831 380 896 mensorio
400 831 516 911 justam
540 831 626 893 basin
650 852 688 894 ex
711 835 876 896 stationum
899 834 1067 896 intervallis
1092 835 1262 896 concilient.

319 920 397 982 Post
427 919 531 982 Solem
564 930 664 982 autem
695 942 754 982 non
787 932 835 984 est
867 923 995 984 nobilior
1024 923 1132 1003 globus
1165 924 1321 1005 aptiorque
1354 923 1465 986 homini
1499 944 1588 1006 quam

226 1008 345 1072 Tellus.
374 1009 455 1072 Nam
476 1009 502 1070 is
517 1009 643 1089 primum
659 1031 780 1073 numero
802 1012 917 1073 medius
933 1021 1034 1072 estex
1053 1011 1151 1091 globis
1172 1012 1320 1092 primariis
1342 1013 1588 1086 (circulatoribus

225 1097 276 1160 hia
300 1106 334 1160 et
357 1098 460 1160 Lunae
485 1098 575 1178 globo
600 1098 848 1162 circumterrestri
872 1101 1016 1179 seposito,
1041 1108 1074 1161 ut
1097 1121 1152 1180 par
1176 1104 1249 1175 est),
1275 1101 1368 1162 habet
1391 1103 1469 1165 euim
1494 1123 1587 1183 supra

226 1187 370 1261 Martem
388 1184 506 1259 Jovem,
521 1186 694 1264 Saturnum,
720 1188 799 1251 infra
822 1191 1010 1269 complexum
1025 1190 1071 1250 sui
1090 1190 1231 1253 circuitus
1256 1198 1411 1251 currentes
1426 1191 1587 1268 Venerem,

225 1275 413 1340 Mercurium
440 1283 473 1337 et
504 1284 657 1338 tornatum
691 1277 720 1338 in
759 1279 857 1339 medio
891 1277 1011 1353 Solem,
1051 1298 1191 1340 cursuum
1225 1278 1356 1339 omnium
1388 1279 1587 1355 incitatorem,

226 1383 300 1428 rere
323 1364 512 1445 Apollinem,
545 1385 607 1445 qua
638 1384 712 1427 voce
739 1368 858 1429 Brunus
889 1368 994 1429 crebro
1027 1369 1131 1429 utitur.
1179 1367 1295 1428 Deinde
1325 1386 1392 1428 cum
1416 1366 1436 1429 5
1461 1387 1590 1448 corpora

226 1453 342 1518 abeam
364 1453 395 1514 in
418 1454 494 1515 duas
523 1454 657 1529 classes,
692 1455 780 1517 trium
813 1456 1041 1535 primariorum:
1076 1456 1163 1530 cubi,
1195 1455 1361 1529 tetraedri,
1394 1457 1585 1532 donassent,

228 1543 356 1607 duorum
387 1543 649 1605 secundariorum:
683 1544 832 1606 icosaedri
856 1554 888 1607 et
918 1545 1072 1620 octaedri,
1098 1545 1227 1606 Telluris
1261 1544 1403 1606 circuitus
1436 1545 1480 1608 sic
1509 1545 1589 1608 inter

225 1640 387 1713 utrumqne
410 1631 545 1693 ordinem
568 1633 660 1694 veluti
685 1633 830 1695 maceries
854 1634 1028 1701 intercedit,
1053 1642 1087 1695 ut
1110 1633 1246 1714 superius
1278 1633 1458 1695 dodecaedri
1483 1644 1589 1697 centra

225 1721 385 1804 planorum
411 1718 462 1796 12,
493 1720 617 1782 inferius
641 1723 851 1802 respondentis
880 1723 1031 1785 icosabdri
1060 1724 1186 1802 angulos
1213 1721 1252 1784 12
1277 1722 1430 1801 stringat;
1460 1741 1517 1802 quo
1541 1725 1589 1785 vel

225 1811 293 1874 solo
317 1810 378 1870 situ
401 1809 481 1871 inter
503 1810 614 1887 figuras
638 1830 711 1890 prae
731 1812 842 1872 ceteris
867 1811 989 1872 orbibus
1013 1812 1157 1874 notabilis
1181 1820 1230 1873 est
1252 1811 1334 1872 orbis
1358 1811 1496 1874 Telluris.

318 1898 420 1961 Tertio
444 1916 499 1960 nos
523 1900 552 1960 in
577 1899 697 1961 Tellure
721 1900 901 1961 Mercurium
929 1902 1118 1979 planetarum
1147 1900 1354 1979 primariorum
1378 1900 1514 1962 ultimum
1538 1902 1589 1962 vix

225 1987 294 2052 vien
319 1987 582 2068 apprehendimus,
607 1998 730 2067 propter
748 1990 946 2069 propinquam
963 1997 994 2050 et
1012 1989 1133 2051 nimiam
1146 1989 1228 2051 Solis
1249 1988 1430 2051 claritatem.
1465 1987 1588 2060 Quanto

224 2077 325 2142 mnus
348 2077 379 2138 in
402 2074 480 2137 Jove
504 2077 552 2137 vel
575 2075 708 2139 Saturno
732 2077 899 2139 Mercurius
923 2078 1101 2158 conspicuus
1125 2079 1207 2140 erit?
1240 2077 1361 2139 Summo
1386 2078 1487 2159 itaque
1512 2097 1587 2140 oon-

225 2165 295 2230 eilio
321 2164 369 2227 hic
392 2165 501 2243 globus
524 2164 635 2227 homini
668 2167 785 2228 ridetur
817 2167 1001 2240 attributus,
1037 2176 1070 2228 nt
1093 2187 1195 2228 omnes
1219 2168 1358 2246 planetas
1390 2168 1589 2247 contemplari

224 2262 343 2340 posset.
390 2254 537 2333 Adeoque
562 2255 628 2334 quis
653 2256 787 2332 negabit,
811 2255 840 2317 in
864 2256 1141 2334 cornpensationem
1166 2256 1324 2317 latentium
1348 2256 1427 2335 apud
1450 2256 1587 2318 Joviales

224 2345 420 2426 planetarum
440 2362 551 2416 eornm,
576 2363 651 2424 quos
671 2365 725 2405 rros
745 2344 905 2406 terricolae
927 2344 1072 2420 videmus,
1099 2346 1259 2407 attributos
1279 2363 1347 2405 esse
1367 2345 1435 2405 Jovi
1461 2354 1589 2425 quatuor

224 2432 315 2508 alios,
340 2432 379 2494 ad
404 2450 556 2493 numerum
585 2440 711 2511 quatuor
739 2433 913 2495 inferiorum
937 2434 1062 2508 Martis,
1092 2434 1234 2507 Telluris,
1260 2433 1407 2508 Veneris,
1436 2434 1587 2510 Mercurii,

224 2522 332 2586 Solem
357 2519 555 2582 ambientium
578 2521 657 2583 intra
679 2522 765 2583 Jovis
789 2523 956 2584 ambitum?

315 2610 461 2673 Habeant
483 2609 576 2688 igitur
604 2619 761 2672 creaturae
784 2611 907 2686 Joviae,
933 2620 991 2691 q'uo
1016 2631 1049 2671 se
1073 2611 1241 2685 oblectent,
1274 2611 1337 2674 sint
1359 2610 1420 2673 illis
1444 2611 1537 2674 etiarn
1561 2611 1588 2676 si
1697 2615 1701 2624 '

224 2701 327 2783 placet
350 2706 479 2779 quatuor
502 2698 547 2760 sui
571 2700 712 2779 planetae
737 2699 876 2780 dispositi
900 2701 939 2761 ad
965 2721 1098 2762 normam
1123 2702 1231 2762 classis
1255 2700 1344 2762 trium
1367 2701 1588 2763 rhombicorum

224 2807 392 2871 corporum,
412 2806 535 2869 quorum
549 2807 638 2849 unnm
658 2789 982 2870 (quasi-rhombicum)
996 2791 1088 2851 cubus
1104 2789 1168 2868 ipse
1186 2797 1243 2864 est,
1259 2789 1586 2852 secundum-cubocta-

225 2879 377 2952 edrionm,
403 2876 526 2939 tertium
549 2876 892 2952 icosidodecaedricnm,
918 2874 948 2954 6,
978 2876 1027 2953 12,
1052 2876 1275 2958 topiariorum
1299 2878 1586 2959 quadrilaterorum:

224 2968 361 3032 habeant
392 2967 513 3046 inquam
543 2965 586 3028 illi
612 2986 684 3041 sua;
716 2986 772 3029 nos
802 2967 938 3029 homines
972 2968 1131 3030 terricolae
1160 2986 1217 3028 non
1252 2968 1355 3048 utique
1389 2969 1502 3031 frustra
1526 2970 1587 3042 (me

224 3057 364 3132 doctore)
379 3057 416 3117 de
431 3055 698 3134 praestantissima
710 3064 882 3119 nostrornm
897 3076 1055 3137 corporum
1075 3057 1262 3121 habitatione
1282 3057 1405 3138 gloriari
1427 3076 1587 3138 possumus

224 3147 353 3228 Deoqne
377 3144 527 3207 conditori
550 3155 655 3224 grates
679 3146 832 3208 debemus.

313 3236 399 3297 Haec
439 3252 529 3313 snper
566 3235 652 3295 novis
690 3234 948 3308 dubitationibus,
988 3252 1062 3313 quas
1100 3233 1161 3295 tuis
1196 3232 1334 3296 Galilaea
1373 3235 1587 3314 experimentis

224 3324 379 3393 excitasti.
402 3322 609 3404 philosophice
634 3333 733 3385 tecum
757 3324 907 3385 disserere
932 3323 1003 3384 mihi
1026 3323 1149 3402 placuit.

313 3413 376 3477 Sed
406 3432 474 3475 cum
506 3414 627 3492 saepius
657 3414 721 3492 jam
755 3421 939 3474 structuram
970 3411 1071 3472 mundi
1094 3431 1148 3491 per
1172 3407 1191 3473 5
1216 3410 1368 3490 regularia
1400 3430 1527 3491 corpora
1549 3429 1587 3473 ex
1686 3421 1691 3432 '

224 3523 290 3568 meo
314 3500 463 3584 Mysterio
488 3499 745 3582 Cosmographioo
779 3501 972 3575 adduxerim,
1002 3499 1098 3561 tribus
1131 3500 1230 3561 verbis
1268 3500 1468 3579 objectionem
1501 3500 1586 3562 initio

224 3594 376 3678 epistolae
400 3599 516 3654 tactam
539 3592 660 3670 penitus
685 3591 856 3652 eliminabo.

313 3680 390 3745 Cum
414 3688 541 3762 quatuor
565 3679 595 3740 hi
618 3681 760 3760 planetae
785 3678 1010 3758 angustissimis
1035 3677 1184 3739 meatibus
1202 3678 1309 3738 Jovem
1333 3677 1430 3757 ipsum
1455 3676 1585 3738 circnm-

224 3770 398 3846 ambulent,
430 3788 516 3830 nemo
550 3779 682 3843 metuat,
717 3769 870 3830 turbatum
904 3767 942 3829 iis
975 3768 1011 3828 iri
1043 3767 1190 3828 rationem
1217 3786 1315 3828 meam
1348 3766 1586 3846 interpositionis

224 3860 385 3942 dguramm
409 3857 603 3939 Pythagorae
637 3858 717 3920 inter
749 3860 899 3937 planetas.
948 3854 1028 3927 Quin
1055 3857 1156 3935 potius
1180 3874 1279 3936 spero,
1307 3855 1362 3916 hos
1383 3855 1586 3918 'circulatores

224 3947 329 4014 lovios
353 3957 386 4011 et
408 3949 529 4027 siquos
553 3947 668 4009 habent
690 3948 742 4008 alii
767 3947 857 4007 etiam
882 3947 1038 4027 planetae,
1072 3947 1194 4006 tandem
1227 3963 1344 4007 omnem
1379 3964 1455 4025 quae
1488 3953 1588 4009 restat

224 4036 461 4119 discrepantiam
484 4037 667 4098 sublaturos.
713 4036 877 4097 Rationem
902 4035 982 4096 enim
1002 4056 1021 4096 a
1038 4035 1104 4095 Deo
1129 4035 1221 4096 etiam
1245 4034 1350 4096 horum
1375 4035 1587 4097 circulatorum

224 4127 359 4192 habitam
383 4126 413 4187 in
437 4126 597 4205 figurarum
621 4124 858 4205 interpositione,
885 4125 1047 4186 circulator
1069 4124 1191 4199 Terrae,
1215 4124 1302 4185 Luna
1324 4124 1453 4199 seilicet,
1477 4124 1586 4203 arguit,

224 4217 309 4299 cnjus
333 4215 492 4280 circuitum
515 4215 596 4277 circa
615 4215 739 4275 Terram
763 4214 918 4294 negligere
942 4233 1000 4274 nou
1024 4213 1118 4293 potui,
1142 4233 1208 4275 cum
1231 4212 1304 4274 illud
1328 4213 1481 4292 negotium
1505 4213 1586 4275 serio

224 4314 402 4371 urentem
447 4305 594 4384 Adeoque
628 4303 791 4365 etiamnum
814 4304 845 4364 in
879 4301 1070 4364 restitutione
1101 4303 1214 4363 orbium
1243 4310 1276 4363 et
1303 4311 1436 4363 motuum
1465 4301 1585 4376 Martis,

226 4395 372 4472 Telluris,
405 4393 536 4457 Veneris
569 4412 608 4453 ex
639 4393 904 4454 observationibus
934 4392 1047 4453 Brahei
1078 4391 1268 4471 deprehendo
1302 4390 1386 4451 hiare
1418 4391 1587 4469 plusculum

225 4483 394 4560 interstitii,
417 4490 452 4544 nt
475 4480 655 4544 dodecaiidri
675 4482 793 4559 angulis
818 4503 837 4541 a
862 4481 1005 4561 perihelio
1020 4480 1130 4541 Martis
1155 4480 1288 4542 extensis
1304 4498 1362 4541 nou
1387 4488 1588 4559 assequantur

225 4583 330 4637 arnna
361 4574 519 4655 planorum
556 4571 674 4632 Lunam
705 4570 734 4631 in
768 4588 905 4648 apogaeo
930 4589 983 4630 suo
1008 4578 1039 4630 et
1067 4570 1186 4649 aphelio
1211 4568 1340 4630 Telluris
1371 4569 1585 4631 constitutam:

225 4681 320 4745 usqne
348 4670 455 4725 centra
488 4661 658 4732 iassaedri,
691 4660 810 4738 aphelio
840 4660 967 4719 Veneris
1000 4660 1243 4730 accommodata,
1273 4657 1430 4738 porrigant
1460 4659 1588 4738 angulos

225 4749 372 4815 ioosaedri
396 4769 490 4830 nsque
510 4750 550 4812 ad
567 4750 685 4810 Lunam
707 4749 737 4808 iu
762 4766 898 4826 apogaeo
922 4767 976 4808 suo
995 4757 1026 4809 et
1049 4749 1192 4828 perilrelio
1215 4748 1343 4808 Telluris
1367 4747 1585 4809 constitutam:

226 4842 302 4922 quod
325 4846 505 4922 argumento
530 4847 587 4912 est,
608 4857 769 4918 superesse
793 4838 906 4916 aliquid
922 4837 979 4898 loci
1000 4837 1079 4898 inter
1092 4837 1268 4917 perilrelium
1282 4836 1392 4898 Martis
1411 4846 1442 4898 et
1460 4839 1587 4917 angulos

227 4927 422 5005 dmecaedm
450 4929 494 4990 sic
517 4928 597 4991 inter
620 4936 725 4989 centra
750 4925 897 4987 icosaedri
924 4934 956 4987 et
984 4927 1133 5006 aphelium
1156 4925 1306 4999 Veneris;
1334 4934 1367 4987 et
1392 4927 1469 5007 qnod
1492 4926 1586 4988 mira-

228 5017 288 5084 edo
311 5037 380 5084 erse
402 5015 517 5102 possit,
541 5015 631 5097 paulo
655 5016 723 5097 plus
747 5013 807 5078 illic
832 5033 920 5095 quam
942 5014 1009 5077 hic:
1035 5016 1142 5097 quihus
1166 5034 1237 5095 ergo
1262 5012 1402 5096 spatiolis
1425 5033 1514 5096 spero
1538 5034 1586 5079 me
