3692 5842
242 440 285 506 88
660 445 761 495 laterae
783 445 884 509 Kepleri
904 448 1055 511 aliorumque
1073 453 1176 496 mature

242 644 366 701 corpure
392 622 509 702 lapidis,
536 633 567 682 et
591 622 688 682 nullus
714 622 791 701 lapis
815 623 981 700 quadrante
1008 623 1154 695 milliaris,
1180 624 1235 684 loe
1254 633 1303 684 est
1328 613 1430 700 ¹i„„„
1448 629 1541 701 parte
1554 639 1606 682 te-

242 713 419 773 runliamrtri
448 712 559 773 Terrae
591 732 609 770 a
640 713 733 772 Terra
761 710 900 772 discedit.
934 711 1080 790 ,Superat
1104 712 1194 790 igitur
1217 712 1298 773 illam
1331 713 1464 790 quietem
1489 710 1607 771 inunita

241 822 334 882 pene:
368 810 431 861 tarn
462 802 552 878 igitur·
585 800 729 860 velociter
760 800 856 860 instar
889 810 1015 860 catenae
1047 800 1141 860 trahit
1166 801 1314 879 lapidem,
1345 819 1435 880 quam
1460 798 1608 860 volociter

242 893 305 969 ipse
334 910 400 951 cum
425 890 544 949 Tellure
579 891 779 949 transfertur:
815 889 914 966 itaque
948 909 1072 948 necesse
1105 901 1171 959 est,
1201 888 1323 965 globum
1356 890 1384 951 in
1420 898 1606 950 termentum

241 979 384 1049 recidere,
409 979 434 1039 si
458 978 602 1057 possibile
628 991 725 1049 esset,
752 988 783 1037 ut
808 999 823 1035 e
848 988 998 1038 torrrreuto
1031 977 1319 1056 perpendiculariter
1353 978 1382 1038 in
1408 978 1506 1038 altum
1531 993 1607 1036 ere·

241 1069 370 1129 lieretur.
411 1068 483 1128 l'lus¹
509 1066 619 1143 negotii
642 1066 761 1126 ridetur
785 1066 936 1126 lacessere
957 1066 1117 1144 ejaculatio
1137 1067 1218 1145 globi
1236 1067 1264 1126 iu
1286 1075 1384 1127 ortum
1400 1075 1433 1126 et
1452 1083 1607 1134 occasum,

240 1177 316 1235 quas
340 1154 443 1235 Tycha
469 1155 593 1216 miratur
617 1156 760 1233 aequales
785 1174 852 1214 esse
878 1174 977 1232 posse,
1002 1155 1027 1213 si
1047 1155 1141 1215 Terra
1165 1164 1333 1217 moveatur.
1373 1156 1484 1233 Inepta
1508 1152 1608 1213 ratiu-

241 1246 355 1306 eiuario
375 1244 519 1322 seipsam
542 1244 707 1304 confundit.
746 1244 824 1303 Nam
845 1253 984 1321 respectu
1004 1245 1168 1322 spatiorum
1189 1245 1290 1304 mnndi
1314 1244 1404 1322 plane
1433 1241 1610 1322 inaequalia

241 1335 311 1394 liunt
338 1333 448 1412 spatia.
497 1335 590 1393 Terra
615 1332 643 1391 in
669 1345 765 1392 ortum
790 1332 893 1392 voluta
918 1333 946 1391 in
971 1333 1088 1404 mundo,
1114 1333 1140 1392 si
1164 1342 1195 1392 et
1228 1332 1335 1410 ulobus
1359 1332 1388 1392 io
1412 1342 1513 1391 ortum
1539 1330 1609 1390 rul-

242 1436 348 1494 ratur,
375 1423 402 1482 in
428 1422 522 1481 Terra
554 1422 722 1499 duplicatur
752 1422 882 1497 spatium
908 1421 1008 1480 mundi
1032 1426 1104 1486 (uon
1130 1421 1257 1494 Terrae,
1287 1422 1441 1501 quianon
1467 1430 1609 1480 moretur

241 1512 336 1571 Terra
360 1511 389 1571 iu
414 1512 525 1570 Terrae
558 1509 712 1586 superficie
744 1528 796 1567 eeu
830 1510 857 1567 iu
893 1510 978 1581 loco,
1009 1510 1086 1588 qrrnd
1110 1510 1204 1569 stulte
1235 1509 1319 1588 pouit
1351 1509 1428 1570 haec
1462 1507 1610 1585 objectio,

242 1600 379 1678 quamvis
405 1619 461 1658 non
487 1599 594 1666 dicat),
619 1609 650 1656 at
676 1597 764 1673 globo
790 1597 817 1656 in
843 1618 982 1657 occasum
1015 1599 1117 1658 voluto
1141 1617 1232 1677 super
1255 1599 1388 1670 Terram,
1426 1596 1611 1658 deminuitur

242 1688 357 1766 aliquid
382 1687 418 1746 de
444 1687 542 1765 spatio
577 1686 696 1755 mnndi,
731 1686 808 1764 qnod
833 1688 914 1765 prior
944 1687 1024 1764 globi
1059 1688 1141 1747 locus
1173 1688 1359 1765 peragrarit.
1408 1685 1556 1748 Ceterum
1581 1684 1610 1744 iu

243 1777 309 1856 ipsa
333 1777 427 1836 Terra
451 1787 481 1835 et
506 1784 643 1853 respectu
669 1775 732 1853 ejus
758 1776 867 1853 spatii,
893 1775 970 1854 quod
995 1794 1060 1835 cum
1085 1777 1180 1835 Terra
1203 1776 1358 1846 circumit,
1387 1785 1509 1836 remota
1531 1793 1610 1836 corr-

242 1865 426 1925 sideratinue
451 1865 541 1942 spatii
568 1864 718 1936 mundani,
744 1884 870 1943 ιιιιμιιιιιι
895 1863 1013 1924 omnino
1038 1873 1085 1924 est
1109 1874 1142 1924 ut
1165 1864 1295 1942 spatium
1325 1863 1505 1925 conficiatur
1528 1863 1610 1923 idem

242 1954 351 2014 ceteris
377 1954 509 2032 paribus.
558 1953 659 2012 Motus
684 1972 789 2030 uempe.
815 1954 964 2012 sinleutus
988 1965 1110 2031 separat
1143 1953 1271 2031 lapidem
1296 1975 1314 2012 a
1339 1954 1451 2013 virtute
1476 1951 1612 2013 Telluris

243 2043 389 2102 tractoria
411 2062 464 2120 per
489 2043 589 2119 spatia
613 2042 731 2104 diflusa.
758 2044 857 2118 itaque
878 2042 951 2101 llaec
967 2053 1013 2100 est
1034 2042 1118 2120 quasi
1142 2042 1262 2120 quidam
1287 2044 1379 2114 locus,
1404 2042 1452 2101 ris
1475 2040 1613 2101 violenta

243 2132 341 2192 instar
365 2151 485 2192 currus:
512 2130 559 2189 ubi
584 2129 706 2209 perinde
735 2140 781 2189 est
807 2130 834 2189 in
860 2148 1064 2209 quamcunque
1098 2132 1220 2209 plagam
1253 2150 1357 2190 currus
1382 2132 1441 2191 iste
1477 2129 1612 2208 lapidem

243 2220 432 2280 transrelrat.
480 2217 552 2279 Sive
583 2239 611 2278 n.
646 2239 700 2291 eo,
735 2237 792 2297 quo
826 2220 870 2277 ris
905 2220 970 2297 ipsa
994 2220 1122 2279 Telluris
1156 2219 1284 2296 lapidem
1310 2219 1347 2279 ad
1373 2220 1501 2280 Terram
1526 2227 1614 2278 recta

243 2309 416 2378 attrahens,
451 2308 514 2367 sire
549 2307 576 2367 in
608 2308 811 2367 comrariuru:
850 2327 969 2385 semper
1003 2308 1049 2367 ris
1083 2308 1208 2367 insertur
1240 2309 1441 2369 attractariae
1477 2305 1614 2368 Telluris

243 2397 346 2458 rirtuti
372 2409 403 2457 et
427 2396 562 2475 aequalis
594 2396 733 2474 utrinque
763 2396 824 2456 illic
849 2397 1080 2474 praecurrendo,
1113 2396 1159 2456 lric
1183 2396 1343 2457 ‹tn-tando.
1392 2395 1560 2458 Violentus
1585 2414 1614 2454 a.

243 2498 342 2548 metus
368 2486 478 2564 lapidis
504 2504 561 2544 uon
595 2504 669 2563 opus
704 2484 794 2544 habet
826 2484 956 2562 lapidem
991 2504 1112 2544 merens
1138 2499 1167 2544 ιιι
1203 2496 1348 2563 sequatur
1372 2486 1519 2557 Terram,
1544 2502 1614 2544 cum

244 2575 319 2653 lapis
345 2575 437 2635 etiarn
461 2575 525 2634 sine
551 2573 683 2634 violento
707 2587 787 2633 rnotu
810 2574 933 2633 Terram
956 2587 1112 2633 secuturus
1136 2574 1185 2645 sit,
1210 2575 1256 2632 eui
1289 2593 1342 2651 per
1365 2575 1512 2635 effluxum
1531 2572 1614 2632 adeo

244 2663 361 2724 fortiter
385 2675 433 2723 est
458 2675 684 2723 concatenatus.
724 2661 765 2721 llo
794 2661 891 2732 miror,
919 2662 1091 2740 Tyr-linirem
1111 2661 1246 2722 haesisse
1268 2662 1295 2721 iu
1318 2664 1454 2723 violento
1476 2661 1616 2741 oblique,

243 2772 309 2811 cunr
344 2751 372 2810 in
406 2752 539 2812 violento
573 2750 811 2829 perpendiculari
846 2770 913 2810 sese
947 2751 1132 2829 ‹xpedirerit
1166 2750 1250 2829 ipse:
1285 2770 1410 2831 errruque
1444 2749 1494 2810 lric
1529 2750 1615 2810 illius

244 2841 470 2901 linularneutum
495 2841 546 2900 sit.

333 2929 393 2988 Sed
419 2928 559 3004 objicitur
584 2939 614 2986 et
643 2927 785 2986 violentia
814 2927 999 2988 occurrentis
1029 2927 1117 2987 medii
1143 2928 1170 2987 iu
1196 2929 1272 2988 lrunc
1304 2927 1447 2988 modurn:
1471 2928 1613 3000 Terram,

245 3017 317 3077 nulli
335 3017 432 3077 solido
452 3017 515 3076 orbi
543 3018 689 3087 innexam,
714 3016 871 3093 palpamus
897 3017 1050 3075 manibus:
1077 3017 1204 3094 nudique
1220 3035 1326 3093 nernpe
1352 3015 1484 3094 liquidus
1504 3019 1616 3081 aetlrer

244 3107 273 3166 ln
299 3106 421 3166 srrrnmis
448 3121 492 3164 est
520 3105 680 3172 montibus,
707 3105 762 3163 sub
789 3104 872 3162 Luna
898 3104 1005 3176 innuis,
1031 3104 1099 3182 quia
1124 3105 1162 3163 ibi
1187 3115 1324 3164 cometae
1349 3107 1518 3167 secuudum
1543 3107 1616 3186 ple-

244 3214 361 3272 rusque,
387 3212 477 3271 supra
496 3195 609 3253 Lunam
625 3192 762 3256 masirnc,
789 3193 858 3269 quia
874 3192 912 3251 ibi
930 3200 1065 3252 cunulae
1085 3193 1245 3252 secundum
1260 3193 1443 3272 'l'yclroneun
1467 3196 1615 3277 utrinque

243 3283 405 3342 secuudum
431 3302 527 3342 meam
553 3281 744 3341 sententiam.
792 3281 899 3340 Nullus
926 3281 1016 3358 igitur
1040 3300 1199 3358 corporeus
1223 3282 1304 3340 orbis
1329 3293 1386 3341 est.
1435 3282 1476 3343 Et
1502 3285 1615 3355 Terra,

243 3373 268 3431 si
294 3385 440 3440 moretur,
466 3381 602 3431 occurret
628 3368 737 3448 liquido
764 3370 890 3428 aetlreri.
939 3371 1039 3447 Atque
1065 3369 1132 3429 lriuc
1157 3370 1275 3429 videtur
1299 3371 1384 3448 sequi
1411 3372 1518 3448 iugens
1543 3375 1615 3434 rio-

244 3461 337 3521 lentia
353 3473 384 3520 et
405 3461 559 3538 impulsus,
586 3469 711 3518 naturae
737 3477 831 3517 rerum
852 3458 1030 3518 contrarius.
1069 3458 1251 3535 Responderi
1274 3460 1455 3537 tripliciter:
1480 3463 1616 3540 primunr

242 3568 297 3627 per
321 3550 509 3614 instantiam,
536 3549 611 3607 idem
637 3548 798 3614 inmitium,
826 3546 951 3606 enodem
976 3565 1098 3605 causam
1119 3567 1186 3604 esse
1210 3548 1402 3625 planetarum
1427 3563 1614 3612 ceterorum,

245 3639 360 3698 lleiude
386 3652 618 3698 consentaneum
644 3649 700 3698 est.
727 3654 829 3694 auram
855 3634 1021 3693 aetheriam
1046 3655 1104 3694 una
1121 3655 1186 3694 cunr
1212 3637 1310 3695 stellis·
1336 3638 1411 3715 rapi,
1438 3658 1496 3699 non
1523 3659 1616 3700 secus

244 3749 279 3786 ae
304 3727 418 3805 antiqui
453 3726 638 3786 crediderunt
674 3724 762 3784 orbes
796 3724 909 3783 solidos
943 3723 1006 3799 rapi
1035 3743 1100 3783 euru
1133 3725 1239 3784 stellis.
1287 3726 1366 3786 Nam
1401 3727 1498 3786 rirtus
1534 3749 1617 3809 quae

244 3817 396 3892 planetam
422 3828 520 3874 inuret
546 3834 581 3872 ex
608 3826 711 3873 centro
736 3831 889 3889 corporeo,
915 3830 1019 3888 nempe
1044 3832 1080 3871 ex
1105 3831 1228 3890 corpore
1244 3814 1336 3880 Solis,
1362 3826 1393 3874 ιιι
1414 3815 1500 3876 Mars
1527 3837 1617 3878 metm

244 3902 370 3979 probat,
406 3903 432 3959 iu
469 3903 644 3962 circularem
675 3901 849 3962 dill'umlitur
880 3900 1125 3977 amplitudinem:
1163 3913 1400 3962 consentaneum
1425 3915 1476 3965 est
1508 3905 1616 3984 igitur,

245 4009 351 4067 rapere
383 3990 520 4068 quiequid
555 3991 669 4049 invenit
704 3991 813 4050 circum
852 3990 950 4060 circa;
995 4009 1062 4049 nam
1102 3996 1133 4049 et
1169 3990 1322 4066 planetam
1361 3994 1443 4071 rapit
1481 3995 1617 4056 ubicun-

244 4099 299 4158 que
330 4079 409 4138 illurn
441 4079 553 4138 irnenit
587 4080 696 4139 circuni
726 4078 815 4138 cirea.
870 4078 1097 4144 Tertio.,estn,
1129 4091 1158 4137 ιιι
1189 4079 1324 4156 quiescat
1350 4081 1490 4143 aetlreria
1515 4103 1617 4154 aura:

244 4186 352 4246 operae
391 4167 517 4246 pretium
556 4180 601 4227 est
642 4166 837 4246 perpendere,
884 4174 996 4243 quauta
1033 4167 1073 4226 sit
1116 4167 1214 4227 lutura
1252 4168 1312 4228 ista
1356 4170 1515 4234 rioleutia.
1579 4173 1616 4235 Si

244 4258 309 4334 quis
339 4258 366 4316 in
392 4276 486 4334 aspra<
512 4257 667 4317 immersus
701 4269 858 4330 cogeretur
892 4254 1044 4314 ambulare
1073 4256 1306 4333 superfundam
1332 4278 1450 4336 aquae,
1485 4261 1615 4324 dubium

244 4345 355 4405 nullum
381 4356 428 4404 est
453 4345 522 4422 quin
547 4345 782 4405 violentissimus
809 4342 846 4400 sit
873 4353 972 4400 motus
997 4345 1121 4408 loturus,
1148 4344 1186 4402 ob
1210 4364 1306 4423 aquae
1330 4348 1556 4425 corpulentiam
1581 4360 1615 4411 et

244 4434 423 4493 crassitiem.
474 4435 637 4512 Propterea
661 4433 759 4509 pisce.-
786 4433 907 4489 llunnun
934 4430 1013 4488 nacti
1048 4446 1116 4491 sunt
1141 4434 1232 4493 ruutui
1257 4452 1310 4511 per
1334 4434 1391 4494 lroc
1425 4438 1616 4500 elementum

244 4522 478 4581 vurnonieutoru.
529 4522 709 4598 liu-ipientes
738 4540 767 4577 n.
794 4541 810 4576 a
836 4537 973 4576 ιιιιιιτιιιιιΙ
998 4521 1142 4596 paulatim
1169 4521 1196 4579 iu
1227 4523 1347 4600 longum
1373 4535 1512 4587 ventrem
1537 4547 1615 4606 por-

244 4609 387 4674 nuontnr,
413 4609 468 4668 lroc
494 4611 642 4674 loueiores
667 4622 698 4667 et
723 4607 949 4672 attenuatiores,
976 4629 1032 4685 quo
1056 4623 1123 4669 snut
1150 4611 1324 4683 velociores,
1352 4624 1383 4673 ut
1410 4615 1491 4685 lucii,
1516 4635 1615 4694 prae-

245 4697 336 4753 dones
362 4696 581 4773 pisciculorum.
631 4697 723 4769 Finge
750 4696 839 4772 igitur
862 4715 916 4772 per
940 4716 1047 4773 aquarn
1072 4711 1263 4774 stagnantem
1289 4712 1320 4760 et
1345 4721 1403 4762 non
1429 4717 1615 4784 sequentem

247 4785 297 4838 -ed
323 4802 392 4842 ren·
417 4795 608 4848 staunantem
636 4786 661 4842 in
694 4804 750 4842 nna
782 4783 854 4841 liora
878 4785 982 4844 conlisi
1007 4786 1130 4846 milliare
1157 4786 1385 4856 (ierrnanieum,
1422 4794 1538 4854 nullum
1564 4807 1616 4856 est

246 4868 376 4938 dubium,
402 4872 469 4949 quin
496 4873 728 4931 violentissinm
753 4872 918 4930 nicanorus
942 4875 980 4932 sir
1003 4876 1136 4934 l'uturus:
1163 4895 1258 4955 neque
1283 4879 1449 4942 manebunt
1469 4882 1614 4960 integrae
