3692 5842
755 493 758 505 -
828 470 908 535 capue
926 470 1000 523 xxx.
1524 468 1588 537 743

241 645 275 708 in
297 642 464 725 Sagittario
488 654 520 708 et
542 646 661 727 quidem
683 646 929 729 septentrionalis
963 645 1143 726 significabit
1172 647 1301 730 aliquem
1327 648 1449 711 heroem
1469 647 1589 729 Pytha·

242 734 378 814 goricnm
400 752 438 795 ex
460 733 517 795 hoc
540 743 674 816 ternpore
701 736 825 816 periodo
849 757 904 798 sua
932 743 1056 816 peracta
1078 737 1117 798 ad
1144 736 1255 798 ostium
1277 735 1329 799 imi
1351 738 1464 817 gradus
1487 736 1590 800 consi·-

244 831 336 895 stere,
358 819 425 904 qua'
440 822 546 904 incipit
567 843 711 886 ascensus
735 825 902 907 desinitque
931 825 1108 901 descensus,
1137 825 1228 887 etiam
1251 825 1332 888 saltu
1355 827 1435 888 facto
1457 825 1489 888 in
1511 826 1590 889 hunc

224 911 417 986 ¹inferiorem
449 911 589 974 mundum
620 914 749 977 venisse.
804 914 990 995 Notabitque
1008 913 1190 992 'hujusmodi
1224 913 1349 996 aliquis,
1381 934 1460 976 anno
1495 913 1588 979 1572.

243 1019 356 1062 noram
378 999 501 1061 stellam
514 1001 671 1063 exstitisse
686 1003 716 1064 in
736 1003 887 1064 altissima
908 1010 995 1084 parte
1018 1003 1086 1064 viae
1110 1002 1225 1064 lacteae
1245 1004 1275 1066 in
1292 1003 1487 1084 Cassiopeia:
1512 1023 1591 1065 anno

243 1107 316 1151 uero
343 1084 436 1151 1600.
462 1089 551 1151 aliam
574 1091 664 1174 paulo
693 1091 833 1153 humilius
857 1092 886 1152 in
911 1091 1016 1154 eadem
1045 1091 1145 1153 lactea
1167 1100 1198 1153 et
1219 1092 1349 1173 imagine
1374 1091 1490 1175 Cygni:
1514 1093 1592 1154 hanc

239 1177 308 1258 jam
329 1178 430 1241 intimo
452 1178 519 1242 loco
542 1199 580 1241 ex
601 1180 716 1242 boreali
748 1181 863 1243 zodiaci
887 1181 979 1261 plaga
1008 1180 1173 1261 proximam
1204 1181 1379 1263 eclipticas:
1412 1200 1473 1245 non
1500 1181 1593 1261 igitur

244 1285 404 1329 ascensum
427 1268 482 1329 sed
513 1268 691 1331 descensum
723 1289 810 1344 esse,
840 1270 890 1351 qui
914 1265 957 1332 32
981 1289 1076 1332 annos
1109 1270 1270 1332 duraverit.
1316 1271 1366 1333 Ex
1396 1270 1493 1333 veteri
1520 1289 1592 1332 vero
1693 1337 1696 1344 ,

243 1355 403 1437 gentilium
421 1355 576 1438 theologia
591 1358 681 1420 stella
700 1360 843 1439 flagrans,
867 1360 989 1421 incensa
1005 1359 1036 1420 in
1050 1359 1217 1439 posteriore
1239 1360 1316 1441 pede
1331 1359 1519 1442 Aesculapii,
1543 1358 1593 1448 qui

243 1447 424 1528 Serpentem
455 1447 565 1529 premit
595 1448 750 1523 manibus,
774 1447 931 1529 Scorpium
960 1448 1036 1530 pede
1070 1449 1184 1523 calcat,
1208 1449 1341 1511 monebit
1362 1469 1435 1524 nos,
1455 1449 1593 1529 ingruere

244 1534 449 1598 universalem
471 1544 589 1616 pestem
618 1538 902 1599 venenatissimam:
935 1529 1026 1618 quasi
1044 1537 1120 1600 haec
1150 1536 1240 1599 stella
1262 1538 1333 1619 pedi
1354 1537 1531 1620 Aesculapii
1554 1537 1595 1599 sit

245 1624 353 1686 addita
374 1643 429 1704 pro
446 1625 567 1688 stimulo
590 1636 624 1687 ut
636 1626 743 1707 pedem
765 1627 909 1706 proferat,
934 1646 1034 1689 moras
1048 1635 1177 1707 rumpat,
1202 1626 1315 1689 auxilia
1330 1627 1482 1709 expediat,
1507 1625 1594 1688 simul

243 1713 409 1776 remedium
432 1733 486 1794 pro
509 1724 594 1796 peste
617 1715 674 1777 hac
704 1716 802 1778 oleum
831 1716 1021 1796 scorpionum
1045 1725 1077 1777 et
1098 1716 1235 1778 theriaca
1263 1717 1540 1792 commendaretur,
1565 1725 1597 1775 et

245 1810 330 1865 ortus
352 1802 452 1883 pestis
475 1823 513 1864 ex
535 1805 658 1866 humore
680 1804 772 1867 nimio
797 1797 941 1867 divinitus
965 1804 1193 1884 significaretur.

334 1891 427 1953 Mitto
456 1893 602 1973 plurimas
634 1892 712 1955 alias
747 1894 918 1973 hujusmodi
953 1894 1157 1975 conjecturas:
1192 1914 1267 1975 quas
1302 1901 1451 1975 utcunque
1487 1911 1596 1972 magno

244 1999 368 2044 numero
392 2000 553 2062 exponam,
581 1982 664 2044 nulla
686 1990 786 2045 tamen
811 1992 875 2059 est,
906 2003 982 2065 quae
1005 2004 1061 2045 nos
1085 1985 1125 2045 ad
1155 1983 1286 2064 speciem
1309 1983 1447 2045 deducat.
1493 1982 1596 2063 Atque

245 2089 303 2151 ego
327 2070 473 2133 interdurn
498 2072 542 2133 sic
566 2072 725 2134 existimo:
751 2073 777 2133 si
795 2071 861 2135 Deo
884 2073 1059 2153 placuisset,
1085 2081 1189 2155 aperte
1208 2071 1378 2135 hominibus
1402 2072 1482 2154 qnod
1504 2071 1598 2132 vellet

246 2157 431 2240 significare,
463 2160 560 2223 literis
583 2161 667 2229 coelo
694 2161 827 2223 exaratis
852 2162 1031 2243 scripturum
1054 2162 1165 2238 fuisse;
1196 2162 1310 2223 frustra
1336 2161 1437 2244 itaque
1460 2160 1596 2223 homines

175 2325 177 2330 Ι
245 2249 443 2329 conjectando
479 2250 599 2311 divinae
634 2249 783 2312 voluntati
819 2251 923 2312 obniti.
977 2251 1039 2314 Sed
1074 2260 1174 2313 tamen
1206 2269 1252 2312 me
1289 2251 1418 2332 reprimo
1448 2250 1487 2312 iis
1520 2249 1596 2330 ipsis

244 2338 433 2412 rationibus,
466 2358 541 2420 quas
571 2359 663 2419 supra
694 2340 780 2419 posui
817 2340 874 2401 hoo
907 2341 1025 2421 capite:
1060 2339 1130 2403 dum
1161 2347 1394 2402 consentaneum
1424 2357 1492 2401 esse
1524 2338 1596 2412 dixi,

246 2428 344 2489 Deum
366 2426 424 2488 hac
447 2429 627 2508 aenigmatis
649 2428 854 2511 propositione
877 2448 934 2492 nos
950 2430 1078 2492 invitare
1101 2429 1180 2490 velle
1203 2429 1242 2490 ad
1256 2429 1387 2510 penitius
1411 2426 1598 2510 inspicienda

245 2524 352 2577 nostra
374 2517 498 2595 negotia
521 2518 774 2600 excutiendosqae
797 2538 899 2580 omnes
915 2519 1053 2599 angulos,
1078 2517 1173 2580 sicubi
1191 2519 1268 2580 sorte
1290 2517 1436 2600 latentem
1459 2516 1596 2580 invenia-

244 2625 313 2670 mus
338 2623 411 2677 rem,
433 2605 464 2668 in
483 2626 571 2688 qnam
595 2606 686 2668 stella
709 2608 785 2669 haec
804 2607 931 2687 digitum
953 2607 1090 2670 intendit.
1128 2609 1207 2671 Nam
1223 2607 1267 2669 ita
1284 2627 1332 2669 me
1348 2606 1489 2671 Christus
1504 2612 1595 2682 amet,

245 2703 280 2757 ut
304 2695 410 2771 omnia,
435 2715 512 2777 quae
535 2697 680 2758 hactenus
704 2698 741 2758 de
764 2695 899 2778 imperiis
932 2698 1026 2779 deque
1054 2696 1148 2759 variis
1176 2696 1331 2761 hominum
1361 2695 1492 2778 negotiis
1515 2694 1597 2756 dicta

246 2792 327 2859 sunt,
349 2804 422 2864 prae
445 2786 649 2866 magnitudine
681 2786 778 2849 nostri
810 2786 947 2848 miraculi
973 2787 1062 2867 plane
1092 2786 1250 2847 vilescunt
1296 2788 1402 2868 Itaque
1425 2785 1508 2848 lubet
1530 2797 1598 2846 cum

246 2874 388 2955 Tychone
416 2875 535 2937 Braheo
568 2875 753 2937 exclamare:
785 2869 871 2956 quasi
901 2895 972 2937 vero
1004 2896 1064 2938 non
1093 2875 1210 2955 majora
1240 2875 1363 2956 negotia
1395 2874 1457 2938 sint
1486 2874 1516 2936 in
1547 2873 1596 2934 his
1650 2902 1654 2911 ·

246 2961 359 3035 Terris,
384 2982 474 3044 qnam
497 2965 566 3026 illae
589 2965 695 3026 turbae
717 2965 870 3045 Belgicae,
893 2966 1096 3040 Britannicae,
1120 2965 1321 3044 Hungaricae.
1359 2967 1427 3045 Ipse
1449 2962 1596 3027 Rdslinus

246 3054 369 3127 fatetur,
393 3052 468 3114 nihil
491 3053 589 3115 adhuc
612 3054 776 3133 contigisse
800 3073 838 3115 ex
861 3074 940 3116 anno
967 3052 1066 3129 1572,
1090 3055 1259 3135 quodcum
1281 3053 1486 3133 magnitudine
1513 3050 1596 3114 illius

245 3141 385 3204 miraculi
406 3141 496 3222 digne
520 3142 688 3223 comparari
710 3142 818 3223 possit.
866 3143 929 3206 Cur
951 3144 1042 3223 igitur
1064 3151 1128 3205 tam
1158 3141 1257 3204 facilis
1280 3143 1380 3204 estin
1404 3140 1596 3222 assignandis

247 3230 437 3294 huicNovae
461 3234 530 3294 anni
550 3227 642 3295 1604.
668 3232 825 3294 eventibus
849 3251 887 3293 err
902 3233 1001 3294 medio
1024 3252 1124 3293 rerum
1145 3231 1337 3313 politicarum
1359 3251 1416 3293 usu
1438 3229 1593 3307 desumtis,

247 3339 324 3401 qnae
347 3329 395 3382 tot
417 3320 586 3383 nominibus
610 3320 663 3382 illa
692 3322 790 3402 priore
821 3322 891 3383 anni
919 3320 1012 3384 1572.
1043 3322 1144 3404 potior
1175 3338 1266 3401 supra
1295 3317 1394 3401 capite
1417 3320 1523 3386 XXV.
1549 3327 1597 3384 est

246 3408 393 3473 inventa?

334 3501 403 3579 Age
426 3500 527 3582 itaque
550 3500 756 3579 perquiramus
785 3517 851 3558 cum
880 3497 1045 3577 astrologis
1067 3499 1115 3560 vel
1140 3498 1279 3572 tandem,
1312 3517 1387 3579 quae
1411 3505 1483 3559 sunt
1503 3515 1596 3578 penes

245 3589 408 3652 humanum
431 3607 525 3668 genus
548 3589 695 3650 maxima:
720 3575 906 3648 ardutiamus
929 3587 1063 3667 gentium
1087 3588 1209 3649 oracula
1231 3585 1475 3668 prophetiasque,
1499 3594 1597 3648 utrum

247 3678 361 3759 aliquid
385 3697 487 3740 eornm
502 3677 552 3752 sit,
576 3678 655 3758 quod
678 3676 765 3740 nobis
784 3676 912 3755 jamjam
935 3677 1053 3737 instans
1077 3696 1130 3757 per
1144 3677 1202 3739 hoc
1216 3683 1278 3738 tam
1302 3674 1490 3757 splendidum
1514 3674 1597 3737 sidus

247 3767 393 3830 divinitus
424 3766 617 3846 significetur.
671 3767 823 3830 Imitemur
858 3764 1025 3845 exemplum
1057 3767 1236 3845 Magorum,
1257 3759 1317 3846 ¹qni
1350 3782 1416 3826 cnm
1451 3764 1600 3826 haberent

248 3858 372 3920 oracula
386 3855 524 3920 Danielis
548 3856 584 3918 de
608 3864 734 3918 venturo
753 3854 902 3929 Messiah,
927 3862 994 3915 orta
1017 3855 1108 3916 stella
1129 3855 1260 3916 mirabili
1283 3873 1376 3936 eaque
1393 3854 1460 3933 ipsa
1482 3873 1598 3936 quoque

248 3947 305 4009 sub
328 3965 454 4026 magnae
479 3945 697 4024 conjunctionis
717 3952 844 4024 tempus,
860 3943 978 4024 qnando
994 3943 1094 4023 coepit
1112 3951 1200 4005 sexta
1217 3943 1359 4024 periodus
1379 3942 1598 4024 triplicitatum,

248 4035 373 4098 excitati
396 4035 527 4098 suntad
549 4033 754 4114 inspiciendos
777 4033 886 4107 libros,
915 4040 947 4094 et
970 4052 1086 4095 summa
1109 4052 1253 4095 annornm
1283 4053 1343 4095 non
1371 4032 1543 4096 abludente.
1558 4033 1598 4095 ad

248 4127 460 4207 quaerendum,
483 4143 571 4205 quem
594 4122 685 4185 stella
708 4122 804 4185 indice
827 4129 931 4183 natum
953 4123 1111 4201 putabant,
1134 4122 1319 4186 Judaeorum
1340 4123 1472 4201 Regem,
1496 4121 1597 4185 mundi

248 4214 450 4280 Salvatorem.
496 4215 642 4292 Magnum
664 4221 728 4285 est,
761 4212 913 4273 detectum
937 4229 1005 4273 esse
1028 4211 1085 4273 hoc
1108 4212 1213 4274 ultimo
1246 4211 1348 4274 seculo
1371 4233 1390 4272 a
1415 4210 1597 4275 Christianis
1699 4242 1704 4266 ι

239 4299 359 4367 'notum
381 4304 496 4379 orbem,
521 4303 659 4364 inventas
682 4301 713 4361 in
736 4319 772 4361 eo
794 4308 901 4379 gentes
924 4300 1113 4363 multitudine
1138 4301 1384 4375 innumerabiles,
1407 4300 1593 4384 immanitate

248 4394 325 4456 adeo
346 4394 504 4466 barbaras,
522 4399 557 4453 ut
570 4410 645 4471 pene
660 4389 834 4464 credideris,
857 4389 1013 4470 gigantum
1031 4390 1159 4471 aliquos,
1178 4390 1227 4472 qui
1243 4389 1444 4470 procurabant
1462 4389 1596 4463 abortus,

247 4484 379 4546 humana
402 4501 491 4545 carne
514 4477 721 4553 vescebantur,
746 4498 783 4540 ex
807 4478 860 4540 illo
883 4479 1048 4541 universali
1071 4479 1183 4541 diluvio
1206 4480 1238 4541 in
1266 4480 1335 4541 illas
1357 4478 1498 4557 regiones
1521 4499 1595 4540 ena-

248 4582 343 4635 tasse.
400 4574 470 4636 Jam
499 4571 642 4632 habemus
681 4568 880 4630 certissimum
913 4568 1028 4631 Christi
1060 4567 1233 4629 Servatoris
1270 4568 1366 4630 nostri
1400 4567 1593 4630 vaticinium:

252 4672 476 4743 „praedicabitur
488 4670 671 4741 Evangelium
691 4669 744 4723 hoc
764 4669 792 4723 in
812 4666 940 4721 universo
956 4669 1028 4722 Orbe
1043 4669 1215 4722 Terrarum.“
1252 4643 1406 4719 ilabemus
1428 4658 1597 4738 exemplum

250 4751 489 4824 cananaeorum,
514 4749 619 4830 quibus
637 4749 721 4810 Dens
744 4747 839 4830 primo
854 4746 1021 4809 Abrahami
1045 4757 1177 4827 tempore
1192 4742 1258 4812 400
1282 4767 1385 4820 annos,
1409 4753 1518 4827 postea
1540 4748 1595 4809 snb

247 4841 338 4904 Mose
362 4838 404 4905 40
428 4839 511 4902 dedit
539 4838 578 4899 ad
607 4838 841 4918 poenitentiam:
875 4854 998 4917 cumque
1028 4856 1061 4897 se
1090 4836 1166 4915 ipsis
1195 4837 1360 4912 deteriores
1389 4834 1595 4911 redderentur,

168 4931 170 4936 ’
250 4930 385 4992 funditus
408 4927 567 5009 exstirpati
592 4936 669 4987 sunt
716 4927 776 4987 Est
805 4925 843 4986 ob
874 4924 977 4986 oculos
1009 4925 1097 5005 copia
1128 4925 1279 4988 hominum
1302 4926 1330 4986 in
1354 4926 1492 5006 Europa,
1525 4934 1596 4986 sunt

249 5018 338 5082 nobis
369 5016 573 5099 implacabilis
603 5015 773 5077 bellacum
795 5013 937 5087 iureis„
954 5014 1081 5076 dissidia
1113 5015 1280 5094 domestica
1306 5015 1385 5077 inter
1413 5032 1468 5076 nos
1498 5014 1592 5095 ipsos.
