3692 5842
238 501 306 568 500
843 493 994 544 Dissertatio

241 683 316 743 dunt
334 675 373 739 ab
395 674 461 753 ipso
485 672 583 735 lucido
607 690 732 752 corpore
756 670 847 745 radii,
871 670 891 730 ii
916 669 990 731 vitio
1019 669 1235 732 refractionum
1258 676 1291 730 01
1311 686 1368 750 per
1390 675 1508 730 noctem
1528 687 1579 730 nnn·

241 764 425 850 pliticatione.
461 761 614 824 foraminis
646 780 741 822 ureae
775 759 978 820 diffunduntur
1008 759 1036 820 in
1061 758 1253 839 splendorem
1285 758 1315 819 in
1343 755 1491 821 retilornni
1519 757 1581 820 ciro

241 861 403 938 punctum,
439 852 517 931 quod
548 851 668 912 stellam
693 849 794 910 debuit
829 855 1075 927 repraesentare,
1108 847 1341 926 circumjectum.
1395 847 1501 928 Neque
1526 863 1581 925 per·

241 943 391 1025 spicillum
414 940 445 1002 in
468 941 563 1001 Terra
586 938 692 999 adimit
715 937 826 1016 aliquid
860 937 957 998 stellis
982 937 1010 997 in
1035 937 1134 1011 coelo,
1167 936 1222 998 sed
1251 934 1359 998 adimit
1389 935 1499 1017 aliqnid
1525 934 1583 996 10010

243 1030 390 1097 retilormi
423 1037 567 1107 quantum
598 1028 662 1106 ejus
695 1025 854 1087 redundat.
901 1027 1012 1100 Altera
1043 1024 1259 1105 jucundissima
1281 1033 1337 1086 tna
1358 1023 1529 1086 observatio
1547 1033 1583 1084 est

243 1124 356 1200 figurae
380 1118 505 1178 fixarum
528 1116 677 1183 radiosae,
703 1114 869 1175 differentis
894 1136 912 1174 a
936 1115 1125 1195 planetarum
1147 1115 1251 1193 liguris
1274 1113 1483 1176 circularibus.
1521 1109 1584 1182 Quid

246 1209 328 1272 aliud
352 1206 421 1267 inde
447 1204 587 1266 Galilaee
619 1204 814 1282 colligemus,
848 1222 936 1281 qnam
959 1204 1036 1264 fixas
1065 1201 1176 1264 lumina
1199 1222 1255 1264 sua
1278 1201 1425 1264 abintus
1456 1201 1584 1272 emittere,

244 1300 385 1378 planetas
419 1313 531 1373 opacos
562 1294 749 1354 extrinsecus
779 1292 877 1370 pingi,
910 1293 938 1355 h.
964 1312 991 1353 e.
1018 1300 1051 1353 ut
1072 1291 1166 1353 Bruni
1199 1290 1300 1352 verbis
1324 1298 1414 1365 utar,
1447 1291 1514 1352 illas
1534 1307 1585 1350 esre

245 1386 344 1458 Soles,
369 1384 425 1445 hos
449 1383 553 1443 Lunas
577 1402 631 1443 seu
654 1381 812 1442 Tellures?
850 1380 897 1442 Ne
926 1388 1027 1442 tamen
1053 1380 1079 1441 10
1101 1399 1157 1441 000
1180 1380 1209 1441 10
1238 1398 1325 1441 suam
1352 1379 1513 1461 pertrahat
1532 1395 1585 1438 sen·

246 1472 376 1536 tentiam
401 1471 437 1531 de
462 1470 579 1531 mundis
605 1470 744 1542 infinitis,
770 1469 895 1530 totidem
919 1487 1025 1548 nempe
1056 1477 1129 1549 quot
1151 1477 1223 1530 sunt
1245 1469 1334 1543 lixae,
1359 1468 1498 1531 omnibns
1517 1465 1587 1544 lnnjnr

250 1560 346 1624 nostri
380 1560 545 1633 similibus,
579 1557 713 1620 subsidio
747 1558 833 1618 nobis
865 1559 949 1618 venit
978 1558 1070 1619 tortia
1092 1565 1146 1619 100
1177 1557 1351 1619 observatio
1384 1553 1587 1620 innumerabilia

249 1652 375 1712 lixarum
399 1648 600 1709 multitudinis
620 1665 712 1726 supra
725 1666 802 1719 eam,
828 1665 903 1725 qnae
925 1647 1092 1726 antiquitus
1111 1655 1160 1706 est
1181 1644 1316 1724 cognita,
1340 1645 1467 1726 quinon
1490 1643 1588 1704 dubitet

247 1737 455 1819 pronunciare,
481 1736 576 1797 rideri
599 1737 757 1797 stellarum
787 1753 879 1814 snpra
907 1736 1011 1797 decem
1038 1735 1142 1796 millia.
1190 1732 1314 1804 Quanto
1341 1734 1422 1795 enim
1439 1734 1590 1813 planesel

251 1824 465 1892 confertiores,
498 1832 584 1885 tanto
617 1825 717 1885 verior
739 1832 787 1884 est
809 1844 878 1885 mea
909 1825 1129 1904 argumentatio
1164 1831 1271 1884 contra
1303 1822 1484 1884 intinitatem
1511 1819 1588 1882 mnndi

251 1917 327 1976 libro
352 1914 389 1974 de
405 1912 504 1974 Stella
527 1915 617 1975 110νο
640 1911 716 1992 Cap.
740 1912 829 1974 XXI.
853 1913 1019 1993 proposita,
1044 1931 1119 1992 quae
1143 1913 1266 1993 probat,
1292 1911 1383 1984 hune,
1407 1913 1437 1972 in
1461 1929 1518 1990 qno
1537 1927 1589 1970 rer-

251 2022 352 2066 samnr
374 2002 510 2063 homines
534 2011 638 2063 nostro
662 2021 727 2062 cum
747 2001 818 2062 Sole
843 2010 873 2062 et
895 2002 1042 2083 planetis,
1068 2020 1136 2062 esse
1161 2000 1354 2081 praecipuum
1380 1999 1484 2061 mundi
1505 1999 1590 2068 sinnn,

250 2110 346 2171 neque
371 2090 434 2151 fieri
457 2109 562 2169 posse,
596 2099 628 2151 ut
652 2110 689 2150 ex
713 2091 774 2151 ulla
806 2091 930 2151 fixarum
960 2091 1032 2152 talis
1064 2098 1171 2169 pateat
1193 2090 1222 2150 in
1246 2091 1391 2150 mnndum
1423 2097 1591 2168 prospectu

253 2179 352 2261 qualis
385 2199 423 2239 ex
456 2187 561 2240 nostra
583 2179 701 2240 Tellure
733 2179 782 2239 vel
814 2179 907 2240 otiam
935 2177 1007 2240 Sole
1036 2185 1133 2258 patet.
1180 2179 1294 2239 Lucum
1325 2177 1489 2260 brevitatis
1519 2192 1592 2236 cantu

253 2268 437 2348 supersedeo
462 2266 648 2340 describere;
672 2267 808 2346 proderit
831 2268 869 2327 ad
893 2268 981 2329 fidem
1005 2275 1101 2329 totum
1124 2267 1248 2346 perlegi.

341 2356 479 2417 Accedat
503 2356 628 2416 auctarii
649 2356 714 2416 loco
735 2356 858 2416 ethaeo
882 2357 1116 2437 argumentatio.
1154 2355 1238 2427 Mihi,
1262 2355 1313 2434 qni
1332 2353 1428 2414 debili
1452 2371 1517 2416 sum
1534 2351 1594 2420 nien,
1637 2383 1639 2388 v

253 2445 336 2507 sidus
374 2444 495 2523 aliquod
527 2445 739 2523 majusculum,
776 2452 810 2505 ut
834 2443 946 2519 Canis,
979 2463 1086 2525 parum
1116 2445 1223 2506 cedere
1256 2443 1378 2504 uidetur·
1410 2441 1595 2522 magnitudine

253 2534 401 2595 diametro
426 2533 543 2606 Lunae,
569 2532 595 2594 si
618 2535 718 2594 radios
744 2534 873 2610 fulgidos
897 2553 1093 2595 accenseam:
1123 2533 1228 2613 atqui
1253 2539 1326 2593 sunt
1355 2531 1425 2592 risu
1453 2527 1597 2592 connectin-

253 2623 347 2695 simo,
382 2622 490 2701 quique
524 2621 730 2688 instrumentis
760 2632 883 2684 utuntur
915 2623 1144 2696 astronomicis,
1177 2620 1284 2702 quibus
1315 2639 1374 2681 non
1405 2615 1596 2699 imponuntfi

256 2710 384 2773 cincinni
407 2718 441 2770 ut
465 2710 549 2770 oculo
574 2711 670 2783 nudo,
702 2710 721 2770 ii
750 2711 938 2789 quantitates
969 2712 1124 2772 diametris
1155 2711 1312 2772 stellarum
1336 2729 1410 2769 suas
1442 2706 1599 2770 describunt

255 2818 309 2879 per
333 2799 447 2859 minuta
471 2810 502 2859 et
526 2799 704 2860 minutorum
727 2809 839 2877 partes,
879 2799 996 2870 Quodsi
1024 2820 1062 2861 ex
1093 2799 1174 2860 mille
1199 2799 1295 2860 solum
1320 2795 1390 2859 lixis
1414 2797 1500 2858 nulla
1521 2793 1601 2872 major

254 2893 337 2947 esset
360 2904 417 2946 uno
434 2886 546 2947 minuto
572 2890 656 2960 (sunt
672 2896 771 2948 autem
794 2889 956 2968 pleraeque
976 2908 1014 2949 ex
1028 2888 1194 2949 numeratis
1218 2887 1377 2964 majores),
1402 2905 1469 2956 eae,
1489 2893 1601 2947 0000100

255 2993 359 3035 omnes
390 2974 418 3034 in
452 2994 540 3036 unam
572 2977 730 3037 rotundam
755 2978 951 3055 superficiem,
986 2986 1153 3056 aequarent
1181 2976 1332 3055 (adeoque
1361 2983 1395 3036 et
1422 2973 1602 3056 superarent)

256 3064 434 3124 diametrum
459 3062 551 3124 Solis.
599 3062 720 3133 Quanto
745 3066 842 3144 magis
870 3067 1026 3126 stellarum
1059 3066 1158 3127 decies
1188 3065 1311 3125 millium
1342 3063 1451 3125 discnli
1475 3063 1505 3124 10
1527 3077 1604 3122 nnnnn

256 3152 378 3212 contlati
412 3152 597 3229 superabunt
630 3153 833 3228 magnitudine
867 3155 1046 3233 aspectabili
1079 3155 1211 3233 speciem
1246 3153 1322 3213 disci
1351 3151 1460 3213 Solis?
1498 3149 1531 3213 Si
1557 3149 1603 3210 lior

255 3257 372 3314 rerum,
405 3248 437 3299 et
461 3241 486 3300 si
510 3250 581 3301 sunt
614 3242 656 3302 illi
681 3241 769 3302 Soles
794 3262 831 3303 ex
862 3245 966 3303 eodem
1000 3263 1109 3322 genere
1134 3262 1198 3303 cum
1227 3243 1284 3303 hoc
1313 3250 1420 3302 nostro
1443 3239 1535 3312 Sole,
1562 3255 1606 3298 tun

255 3347 314 3389 non
338 3329 430 3389 etiam
453 3329 498 3390 illi
522 3328 610 3390 Soles
634 3330 764 3391 universi
789 3341 934 3409 superant
957 3333 1117 3411 splendore
1141 3333 1218 3393 liunc
1242 3340 1378 3392 nostrum
1402 3328 1530 3392 Solem?
1551 3325 1605 3390 Cnr

256 3418 331 3477 adeo
364 3417 522 3479 obscurum
556 3419 688 3479 universi
721 3419 818 3480 lumen
853 3421 981 3482 fundunt
1005 3421 1032 3481 10
1057 3420 1271 3500 patentissima
1304 3421 1392 3492 loca,
1422 3428 1457 3480 nt
1480 3417 1534 3482 Sol
1558 3433 1605 3496 per

257 3508 389 3567 foramen
412 3515 524 3586 punctu
549 3508 682 3568 aciculae
707 3508 827 3568 minimo
856 3518 994 3588 apertum
1025 3509 1173 3571 irradians
1197 3508 1226 3568 in
1251 3527 1403 3570 cameram
1431 3509 1606 3574 conclusae.

251 3596 316 3674 jam
350 3595 453 3656 statim
484 3596 580 3674 ipsam
614 3597 736 3657 finarum
770 3597 956 3670 claritatem,
992 3606 1105 3677 quanta
1134 3606 1216 3658 esset
1248 3607 1314 3658 tota
1346 3616 1472 3659 camera
1503 3597 1608 3664 ablate,

256 3684 371 3744 inlinito
394 3701 471 3762 pene
495 3686 655 3745 1010000110
680 3687 825 3763 superet?
858 3686 950 3747 Dices
974 3687 1058 3760 milri,
1084 3687 1204 3747 nimium
1229 3687 1299 3747 illas
1323 3708 1343 3746 a
1364 3686 1456 3747 nobis
1478 3681 1607 3746 distare!

256 3771 340 3834 Nihil
364 3773 420 3833 hoc
444 3773 535 3849 jurat
558 3774 634 3834 lianc
663 3792 794 3834 causam.
844 3773 965 3844 Quanto
990 3776 1067 3836 enim
1096 3776 1247 3836 distantes
1274 3776 1388 3852 magis,
1418 3783 1508 3836 tanto
1530 3789 1609 3854 qnann

258 3858 312 3921 801
326 3861 431 3938 majori
454 3860 600 3922 diametro
622 3870 692 3923 sunt
711 3864 759 3922 vel
779 3863 927 3941 singulae.
957 3863 1002 3924 At
1018 3864 1183 3925 interfusus
1202 3863 1307 3926 aether
1328 3867 1463 3924 tortasse
1478 3865 1609 3924 obseurat

259 3947 349 4008 illas?
371 3949 589 4028 Nequaquam:
622 3951 768 4012 cernimus
794 3952 871 4012 enirn
896 3952 965 4013 illas
989 3953 1050 4013 suis
1074 3972 1141 4014 cum
1165 3951 1449 4025 sciscitationibus,
1475 3969 1530 4012 sno
1551 3967 1610 4012 0111

260 4035 429 4097 discrimine
444 4038 603 4116 figurarum
618 4047 650 4099 et
673 4040 824 4101 bolarum:
851 4042 929 4120 quod
954 4059 1010 4101 non
1036 4050 1133 4114 esset,
1158 4040 1184 4101 si
1208 4041 1346 4102 densitas
1370 4041 1508 4104 aetheris
1529 4035 1609 4102 alieni

259 4124 416 4185 obstaculo
441 4134 533 4187 esset.

347 4210 432 4273 Satis
457 4215 548 4292 igitnr
572 4213 638 4273 lrinc
666 4213 780 4275 clarum
810 4223 871 4290 est,
906 4236 1014 4295 corpus
1048 4217 1136 4295 hujus
1165 4216 1262 4278 nostri
1287 4215 1370 4278 80110
1404 4211 1610 4280 inaestimabili

258 4319 398 4361 mensura
413 4320 480 4362 esse
501 4299 634 4374 lucidius,
660 4320 748 4380 quarn
764 4305 920 4366 universas
937 4307 1020 4381 tiras,
1046 4326 1081 4366 ac
1095 4307 1220 4384 proinde
1236 4306 1313 4367 hunc
1329 4315 1466 4370 nostruin
1481 4304 1610 4368 mnndnnn

259 4408 316 4450 non
350 4409 416 4448 esse
450 4390 658 4469 epromiscuo
688 4410 779 4469 grege
813 4393 991 4455 infinitorum
1021 4396 1157 4456 aliorum.
1205 4393 1276 4465 Qua
1303 4396 1342 4457 de
1371 4417 1405 4458 re
1435 4395 1515 4457 infra
1535 4396 1611 4474 plnnn

259 4476 400 4538 scribam.

347 4565 450 4625 Habes
481 4565 765 4627 innumerabilitatis
791 4569 949 4630 stellarum
973 4571 1110 4631 00010100
1136 4579 1234 4632 testes
1258 4573 1416 4650 plurimos.
1464 4571 1611 4633 1101011000

259 4651 344 4711 01001
376 4672 532 4713 numerare
565 4672 656 4730 supra
683 4653 806 4729 12000;
842 4657 908 4716 novi
943 4658 1132 4737 religiosum,
1167 4661 1216 4739 qui
1250 4669 1339 4723 nocte
1373 4661 1507 4742 quadam
1538 4654 1611 4720 illnni

258 4740 359 4816 plures
383 4736 426 4802 40
450 4743 616 4802 numeravit
641 4742 669 4801 in
694 4744 798 4824 clypeo
814 4744 945 4806 Orionis.
983 4747 1611 4826 110001100000100001001οΡ1010111000

260 4825 410 4886 ordinarie
434 4839 580 4901 numerat,
606 4829 662 4888 nisi
689 4831 777 4892 fallor
800 4830 847 4904 14,
874 4853 931 4894 000
956 4836 1034 4895 infra
1058 4836 1297 4914 magnitudinum
1323 4838 1481 4900 terminos.
1499 4833 1542 4906 ’ἢ

348 4913 1609 4992 Degalaxia,nubeculisetnebulosisconvolutionibunbeestinstnn-

261 5015 364 5061 nonnos
375 5009 406 5062 et
419 5001 561 5084 physicos
575 5005 696 5066 detecta
711 5025 811 5070 earum
826 5010 1002 5073 0000011001
1015 5012 1200 5074 confirmatis
1212 5013 1260 5088 iis,
1277 5015 1327 5095 qui
1341 5013 1528 5095 pridemlnoe
1541 5013 1610 5074 ide!
