3692 5842
818 470 900 536 equ
917 470 962 523 vr.
983 468 1025 522 ro.
1240 480 1244 500 =
1536 472 1603 542 239

241 645 291 715 sit,
316 643 397 703 iulra
411 643 494 705 clare
518 645 704 719 ostendetur,
729 646 817 725 idque
832 654 902 706 tunc
927 646 1056 707 maxims
1081 648 1276 720 convelletur,
1300 649 1350 710 ubi
1369 668 1478 711 causae
1494 651 1602 729 genui-

242 748 299 791 nae
323 732 512 811 aperientur,
543 732 650 811 quibus
671 734 840 814 perspectis
865 754 951 797 uerno
975 754 1050 814 opus
1084 755 1151 796 esse
1183 736 1317 814 putabit,
1349 737 1469 799 aliunde
1493 757 1602 801 causas

242 818 319 881 alias
343 820 544 882 emendicare.

333 923 413 988 Sunt
436 926 486 1006 qui
501 926 689 1001 existiment,
709 925 850 989 circulum
875 926 957 988 illum
982 935 1079 989 totum
1094 929 1285 1007 conspicuum
1307 930 1338 990 in
1353 931 1439 991 Luna
1459 941 1603 993 nascente

241 1032 310 1074 esse
333 1014 408 1076 nibil
432 1015 525 1092 alind,
550 1034 640 1095 qnam
662 1016 804 1077 circulum
820 1015 1057 1090 illuminationis,
1083 1017 1133 1096 qui
1156 1018 1223 1079 ideo
1248 1025 1330 1080 totus
1349 1028 1498 1092 cernatur,
1524 1022 1603 1101 quod

241 1102 347 1164 Lunae
370 1102 521 1166 diameter
543 1123 694 1184 apparens
717 1112 803 1165 tauto
826 1105 868 1165 sit
891 1105 988 1165 minor
1011 1106 1158 1167 diametro
1179 1106 1270 1168 Solis.
1302 1108 1388 1169 Haec
1412 1109 1489 1169 ratic
1512 1110 1602 1188 plane

241 1191 324 1252 salsa
346 1200 403 1253 est.
441 1193 523 1255 Nam
545 1193 676 1256 cernitur
698 1193 774 1255 haec
797 1193 848 1253 lux
871 1211 929 1254 non
954 1201 1071 1255 tantum
1091 1194 1120 1254 iu
1140 1196 1285 1275 margine,
1311 1196 1364 1256 sed
1388 1196 1418 1257 iu
1443 1204 1508 1259 toto
1532 1217 1602 1259 cor-

240 1298 333 1357 pore,
362 1300 418 1342 nec
440 1300 500 1343 uno
523 1283 577 1343 sed
601 1281 716 1343 duobus
749 1281 883 1342 tribusve
908 1281 1027 1356 diebus,
1053 1283 1111 1343 imo
1136 1291 1167 1344 et
1189 1284 1218 1345 in
1244 1285 1435 1364 quadraturis
1459 1286 1601 1361 nonnihil,

243 1368 293 1430 ubi
317 1369 522 1432 semicirculus
544 1369 772 1432 illuminationis
795 1370 884 1449 plane
908 1379 979 1448 post
1001 1371 1118 1432 Lunam
1142 1373 1227 1435 latet.

333 1476 436 1556 Tycbo
465 1476 565 1537 Bralrc
595 1476 670 1537 libro
698 1476 739 1537 ΙΙ.
769 1475 1071 1557 Progymnasmatum
1103 1496 1224 1539 causam
1261 1479 1348 1558 hujus
1382 1479 1456 1540 lucis
1490 1479 1602 1541 Veneri

243 1563 431 1640 transcribit,
456 1584 533 1645 quae
556 1564 673 1626 Lunam
697 1573 760 1625 tam
784 1565 865 1626 clare
888 1566 987 1643 possit
1008 1565 1169 1628 illustrare.
1207 1567 1251 1628 At
1275 1587 1393 1647 semper
1408 1568 1494 1629 Luna
1518 1588 1602 1630 cres-

242 1671 315 1714 cens
348 1653 405 1714 bac
432 1654 498 1715 luce
527 1653 649 1724 fruitur,
679 1653 784 1714 Venus
812 1653 855 1714 illi
887 1672 943 1714 non
976 1673 1093 1733 semper
1121 1663 1170 1716 est
1200 1658 1237 1716 ad
1268 1656 1342 1717 illud
1368 1659 1446 1718 latus
1470 1657 1613 1739 objecta.-

242 1741 410 1803 Praeterea
434 1742 539 1804 Venus
563 1742 650 1803 Luna
681 1741 783 1803 multis
807 1741 922 1802 vicibus
946 1743 1036 1804 altior
1059 1753 1116 1804 est.
1165 1742 1265 1814 Quare
1290 1744 1347 1805 etsi
1373 1746 1503 1806 fortasse
1527 1765 1601 1807 con-

244 1831 325 1890 ferat
353 1830 418 1910 ejus
444 1830 495 1893 lux
524 1832 563 1891 ad
596 1830 760 1909 marginem
793 1830 940 1891 interdum
974 1832 1182 1893 illustrandum
1216 1834 1339 1906 lortius,
1370 1842 1401 1894 at
1435 1835 1473 1894 ad
1497 1833 1602 1895 Lunae

244 1918 360 1979 discum
386 1919 533 1994 medinm,
563 1920 611 1998 qui
637 1937 731 1997 aeque
756 1918 864 1980 fruitur
886 1918 943 1981 hac
969 1921 1048 1995 luce,
1077 1919 1179 1981 radius
1203 1922 1332 1982 Veneris
1360 1940 1417 1982 non
1446 1923 1601 2002 pertingit,

244 2006 409 2089 impeditus
433 2008 553 2086 objectu
576 2007 671 2085 ipsius
696 2008 838 2086 corporis.
871 2007 995 2069 iuterim
1021 2028 1077 2069 uon
1103 2028 1188 2087 nego,
1213 2010 1275 2071 fieri
1301 2010 1471 2089 aliquando,
1496 2019 1530 2072 ut
1548 2029 1603 2071 nos

244 2114 281 2156 ex
304 2096 402 2157 Terra
425 2096 541 2157 Lunam
565 2115 621 2176 per
644 2096 873 2157 illustrationem
898 2116 916 2157 a
940 2098 1030 2159 claris
1060 2098 1118 2176 ipsi
1149 2098 1295 2177 oppositis
1319 2099 1466 2160 sideribus
1492 2102 1603 2160 iactam

244 2184 437 2263 aspiciamus,
464 2184 500 2245 de
525 2203 584 2264 qua
606 2203 638 2245 re
661 2184 740 2245 iufra
763 2202 829 2263 cap.
855 2186 925 2246 Vll.

334 2297 476 2361 Ceterum
500 2316 601 2360 reram
617 2317 738 2360 causam
753 2299 934 2362 Maestlinus
958 2307 1137 2379 praeceptor
1156 2319 1238 2361 meus
1257 2299 1381 2380 primus,
1405 2301 1484 2380 quod
1499 2301 1602 2375 sciam,

244 2386 376 2459 invenit,
407 2406 514 2468 meque
538 2396 570 2447 et
593 2395 690 2449 totum
714 2407 798 2448 suum
831 2389 1011 2449 auditorium
1036 2397 1106 2449 aute
1134 2386 1173 2451 12
1198 2408 1292 2449 anuos
1322 2389 1437 2461 docuit,
1472 2398 1503 2450 et
1527 2409 1605 2450 anuo

250 2471 332 2540 1596
356 2476 387 2538 in
411 2475 617 2555 disputatione
641 2476 678 2536 de
702 2475 864 2555 eclipsibus
887 2477 1023 2539 thesibus
1048 2474 1099 2539 tt.
1125 2474 1178 2538 22.
1204 2474 1256 2539 23.
1282 2477 1398 2557 publice
1430 2478 1602 2556 explicavit.

244 2564 310 2626 Nec
336 2564 406 2626 aliis
431 2582 519 2644 quam
548 2565 641 2645 ipsius
670 2565 801 2626 auctoris
832 2565 930 2626 verbis
959 2586 996 2626 ea
1019 2575 1067 2626 est
1094 2566 1243 2626 tradenda
1267 2566 1413 2626 doctrina.
1462 2564 1512 2627 Sic
1537 2566 1606 2629 illes

247 2657 308 2719 ,De
330 2655 442 2718 lumine,
469 2656 540 2725 quod
562 2655 591 2709 in
610 2653 692 2710 Luna
713 2655 884 2709 corniculata
908 2655 996 2724 juxta
1024 2672 1127 2709 cornua
1155 2672 1205 2724 per
1235 2662 1322 2709 totum
1353 2673 1451 2726 corpus
1482 2656 1608 2711 diffissum

246 2735 379 2798 cernitur,
399 2741 512 2789 constat
524 2735 706 2799 intuentibus,
729 2736 800 2806 quod
821 2735 909 2805 ipsum
924 2752 942 2789 a
956 2735 1085 2790 claritate
1108 2736 1221 2790 diurnae
1237 2735 1315 2800 lucis,
1338 2752 1410 2806 quae
1430 2737 1478 2789 rel
1497 2735 1608 2807 vesperi

245 2831 310 2894 post
325 2840 453 2877 occasum
468 2824 550 2887 Solis,
572 2831 639 2877 ante
654 2823 846 2892 crepusculum
862 2813 905 2885 (id
931 2823 987 2882 est,
1013 2815 1109 2875 adhuc
1134 2816 1215 2874 claro
1240 2814 1302 2886 die)
1321 2832 1457 2894 superest,
1472 2824 1608 2878 relmane

245 2922 304 2958 curn
326 2920 430 2958 aurora
451 2911 540 2958 ortum
561 2903 634 2957 Solis
662 2904 820 2972 praecedit,
847 2920 901 2956 non
923 2905 1093 2958 obscuretur.
1135 2905 1278 2957 Econtra
1302 2910 1426 2968 constat,
1448 2906 1520 2975 qnod
1541 2905 1608 2958 illud

246 2986 318 3038 idem
338 2986 441 3037 ceteris
456 2999 474 3036 a
486 2983 628 3037 novilunio
649 2982 842 3036 remotioribus
857 2984 953 3036 diebus
976 2990 1147 3046 attenuetur,
1171 2985 1239 3037 adeo
1254 2991 1286 3037 ut
1305 2983 1379 3037 circa
1400 2986 1607 3054 quadraturam,

245 3066 354 3135 quando
375 3063 457 3118 Luna
476 3064 647 3133 intempesta
667 3070 749 3116 nocte
769 3063 854 3132 longo
883 3063 1031 3117 intervallo
1059 3079 1146 3134 supra
1169 3062 1341 3117 horizontem
1367 3072 1425 3128 est,
1453 3067 1487 3118 de
1508 3082 1542 3117 eo
1561 3065 1608 3117 rel

245 3152 314 3206 nihil
335 3153 383 3205 vel
403 3153 485 3205 valde
506 3167 605 3222 pamm
625 3159 734 3205 restare
763 3141 866 3219 (idque
898 3142 1017 3203 nonnisi
1045 3141 1083 3202 ab
1115 3141 1282 3202 hominibus
1313 3142 1480 3204 acutissimi
1509 3142 1608 3217 visus)

245 3238 387 3286 cernatur.
422 3232 468 3285 Ex
489 3249 523 3285 eo
544 3248 621 3302 ergo,
645 3232 715 3301 quod
736 3232 828 3284 lumen
848 3232 901 3284 hoc
922 3232 1082 3302 separabile
1106 3240 1157 3297 est,
1179 3232 1359 3296 concluditur,
1381 3232 1470 3302 ipsum
1491 3250 1554 3295 non,
1576 3239 1609 3287 ut

245 3322 359 3393 quidam
381 3312 472 3390 (quos
494 3309 576 3371 inter
599 3319 648 3369 est
670 3309 873 3383 Rtlllholdus)
896 3322 1003 3383 volunt,
1026 3338 1087 3374 esse
1100 3321 1198 3376 Lunae
1216 3321 1393 3391 congenitum
1412 3328 1442 3374 et
1460 3321 1609 3392 proprium,

246 3404 293 3456 sed
314 3400 445 3455 similiter
465 3399 539 3453 sicut
558 3398 649 3467 majus
670 3399 738 3453 illud
760 3406 941 3463 menstruum,
964 3401 1084 3454 alienum
1106 3408 1190 3471 atque
1217 3401 1414 3454 mutuatitium.
1456 3403 1516 3453 Hoc
1537 3400 1610 3453 enim

248 3483 300 3536 nisi
322 3482 376 3545 sit,
404 3479 531 3550 profecto
557 3487 638 3532 nocte
669 3479 838 3548 intempesta
866 3481 953 3533 multo
982 3480 1083 3534 clarius
1109 3480 1326 3549 conspiceretur,
1359 3496 1440 3549 quam
1461 3485 1527 3533 altre
1547 3480 1609 3533 luce

247 3561 300 3616 diei
327 3561 497 3615 illuminato.
540 3559 643 3613 Verum
673 3561 745 3612 unde
773 3559 826 3612 hoc
855 3561 948 3613 lumen
976 3561 1003 3613 in
1028 3562 1133 3613 Lunam
1164 3560 1318 3621 derivetur,
1350 3560 1457 3628 positus
1488 3559 1549 3628 ejus
1574 3560 1610 3612 ad

247 3644 361 3696 'l'erram
383 3640 514 3694 ostendit.
556 3639 628 3693 Nam
650 3640 677 3693 in
702 3638 841 3692 novilunio
862 3641 944 3694 Luna
964 3640 1021 3694 Soli
1047 3646 1077 3692 et
1098 3640 1201 3692 Terrae
1229 3639 1396 3707 interposita
1423 3654 1485 3692 eam
1505 3639 1609 3692 Terrae

249 3722 356 3784 faciem,
380 3736 463 3790 quam
483 3719 532 3773 Sol
552 3718 699 3782 illuminat,
722 3718 774 3772 sibi
796 3737 811 3771 e
832 3719 936 3773 directo
958 3720 1130 3790 suppositam
1151 3720 1284 3772 intuetur.
1320 3723 1358 3771 At
1377 3718 1515 3771 radiorum
1529 3717 1609 3771 Sola·

250 3802 321 3856 rium
342 3800 371 3854 in
393 3801 497 3853 Terrae
519 3798 638 3870 siugulis
659 3799 787 3868 partibus
807 3799 998 3869 particulatim
1025 3801 1190 3855 reflexorum
1217 3798 1340 3852 norimus
1361 3814 1422 3851 eam
1450 3814 1511 3850 esse
1532 3795 1609 3851 lorti·

249 3882 373 3935 tudinem
393 3886 424 3932 et
444 3878 745 3948 resplendescentiam,
769 3878 849 3932 utin
870 3878 937 3932 locis
960 3880 1060 3948 apricis
1082 3880 1221 3931 oculorum
1242 3878 1328 3931 aciem
1349 3878 1472 3941 hebetet,
1496 3878 1560 3948 quin
1582 3884 1612 3930 et

249 3960 348 4014 intima
369 3957 557 4013 aedificiorum
572 3957 740 4026 penetralia,
763 3958 849 4011 sicubi
865 3958 949 4012 etiam
963 3975 1014 4028 per
1026 3960 1152 4013 rimulam
1175 3958 1282 4028 ingredi
1298 3961 1387 4021 datur,
1409 3959 1470 4011 luce
1485 3958 1609 4027 oppleat.

249 4040 316 4103 Quis
336 4040 392 4092 hoc
412 4037 485 4091 idem
505 4038 539 4090 de
560 4037 689 4092 universo
710 4038 771 4107 ipso
792 4055 829 4092 ex
850 4044 912 4091 tota
932 4039 1020 4091 Terra
1045 4038 1193 4107 conjuncta
1219 4054 1292 4108 aqua
1318 4039 1434 4090 collecto
1456 4044 1486 4090 et
1506 4038 1611 4089 reflexo

249 4119 389 4191 negabit?
411 4116 535 4171 Dicimus
556 4134 626 4188 ergo
648 4118 761 4171 Terram
781 4134 894 4171 corusco
916 4134 966 4170 suo
989 4133 1007 4170 a
1021 4117 1084 4170 Sole
1106 4118 1159 4170 sibi
1179 4117 1299 4171 immisso
1320 4117 1421 4169 lumine
1444 4116 1612 4186 opacitatem

248 4200 304 4254 sire
325 4205 437 4254 noctem
457 4196 486 4250 in
506 4196 610 4251 Lunari
639 4213 754 4267 corpore
775 4215 830 4250 non
850 4197 939 4250 minus
961 4197 1108 4260 irradiare,
1141 4213 1222 4266 quam
1245 4197 1363 4250 vicissim
1386 4194 1508 4265 (prorsus
1531 4192 1612 4246 simili

247 4276 337 4344 modo)
359 4280 443 4333 Luna
463 4276 551 4347 plena
575 4276 631 4330 suis
653 4293 672 4329 a
691 4276 756 4331 Sole
786 4276 909 4346 acceptis
939 4276 1023 4329 radiis
1054 4284 1164 4330 nostras
1186 4277 1214 4329 in
1236 4279 1321 4330 Terra
1351 4283 1446 4328 noctes
1477 4274 1611 4335 illustrat,

248 4368 332 4431 atque
353 4376 406 4429 pra
428 4355 569 4411 claritatis
591 4373 686 4410 eorum
706 4356 816 4411 ratione
837 4356 865 4409 in
885 4355 956 4409 diem
978 4356 1035 4409 fere
1058 4363 1216 4410 commutat.
1259 4357 1342 4424 ldque
1365 4361 1443 4406 tanto
1465 4350 1610 4415 illustrius,

248 4447 353 4512 quanto
375 4437 495 4492 circulus
516 4436 620 4490 Terrae
642 4436 744 4490 circulo
764 4435 869 4492 Lunari
895 4435 985 4505 maior
1006 4442 1059 4489 est.
1101 4436 1153 4490 Est
1181 4444 1274 4489 autem
1302 4433 1375 4486 illius
1398 4435 1433 4485 ad
1454 4430 1526 4483 bunc
1546 4446 1609 4499 pro-

246 4520 337 4591 portio
360 4517 451 4586 mqior
471 4532 554 4586 quam
575 4517 756 4586 duodecupla.
800 4516 891 4578 Quare
914 4515 997 4578 sicut,
1027 4522 1060 4568 ut
1080 4522 1147 4569 ante
1168 4515 1300 4574 diximus,
1329 4511 1400 4565 baec
1421 4513 1473 4563 duo
1495 4524 1612 4578 corpora

248 4600 299 4654 ribi
321 4605 419 4654 mutuo
440 4613 492 4667 per
512 4596 587 4649 rices
602 4594 675 4649 Solis
696 4596 789 4650 lumen
810 4594 1006 4665 intercipiunt:
1028 4594 1071 4648 ita
1088 4593 1207 4647 vicissim
1226 4591 1340 4647 alterius
1362 4597 1470 4644 noctem
1492 4591 1611 4642 alterum

247 4679 397 4734 illuminat
439 4676 513 4730 Huic
542 4675 701 4729 sententiae
732 4676 905 4745 suffragatur
925 4675 976 4728 illa
1006 4674 1114 4727 luminis
1144 4674 1223 4726 istius
1251 4671 1418 4726 attenuatio.
1461 4670 1612 4737 Postquam

248 4759 319 4813 enim
338 4760 422 4813 Luna
446 4756 577 4810 recedere
599 4771 617 4808 a
637 4755 791 4819 novilunio,
822 4757 895 4808 hanc
916 4755 1019 4808 Terrae
1053 4752 1236 4807 illuminatam
1266 4749 1443 4804 medietatem
1472 4747 1611 4817 paulatim

249 4839 406 4910 relinquere
425 4835 621 4905 assiduamque
642 4834 704 4904 ejus
726 4843 836 4905 partem
857 4834 947 4904 magis
969 4833 1113 4904 magisque
1135 4832 1245 4902 oblique
1267 4828 1367 4882 intueri
1390 4827 1502 4895 incipit:
1532 4824 1610 4879 forti·

250 4920 315 4972 tudo
342 4916 482 4974 radiorum
511 4915 678 4969 reflexorum
706 4917 786 4969 simul
810 4925 840 4967 et
869 4912 999 4966 minuitur
1026 4920 1057 4965 et
1087 4911 1244 4973 hebetatur.
1286 4908 1357 4961 Hinc
1379 4908 1411 4961 fit
1430 4916 1462 4957 ut
1483 4904 1608 4975 quicquid

252 4995 360 5052 luminis
379 4996 464 5068 buJ'us
484 4992 514 5049 in
533 4994 642 5050 Lunam
663 4994 834 5049 dimidiatam
853 4992 900 5048 rel
924 4990 1127 5062 praetumidam
1151 4989 1316 5052 reflectitur,
1338 4986 1366 5038 in
1388 4987 1475 5040 Terra
1494 4992 1609 5055 propter

328 5085 548 5139 moserata
1361 5075 1395 5128 ts
