3692 5842
429 1281 520 1381 uu
561 1231 833 1382 sunaus
871 1279 951 1381 ru
992 1275 1250 1382 cuono

770 1523 902 1532 ———-

257 1633 409 1741 11661666
442 1659 471 1721 16
504 1659 641 1741 sequenti
679 1658 822 1739 opusculo
853 1678 891 1721 ea
919 1659 1031 1734 refert,
1066 1679 1142 1741 quae
1173 1660 1230 1740 ipsi
1262 1659 1454 1723 innotuerunt
1477 1659 1514 1723 de

224 1752 251 1813 ia
273 1751 330 1812 hac
353 1750 480 1829 primum
513 1754 685 1829 conspecte.
733 1750 805 1828 lpse
832 1747 961 1829 primum
994 1748 1101 1812 dubius
1133 1748 1270 1824 videtur,
1303 1756 1402 1814 utrum
1432 1748 1523 1811 iiiam

224 1859 268 1903 am
290 1838 467 1920 pronunciet
489 1858 546 1901 nec
569 1857 615 1900 ne.
662 1837 821 1901 Adhibitis
849 1855 922 1898 vero
952 1837 1103 1920 Tychouis
1135 1837 1395 1901 observationibus
1428 1857 1513 1901 com-

224 1929 292 1991 ibus
315 1928 345 1990 iu
368 1927 423 1990 ilia
445 1928 522 1990 coeli
545 1926 678 2007 regione,
701 1927 732 1988 in
750 1946 810 2008 qua
828 1925 1071 2006 conspiciebatur
1092 1926 1168 1988 haec
1187 1927 1286 2002 stelle,
1311 1927 1511 2008 comparatis-

229 2016 398 2081 Ptolemaei
420 2016 627 2097 pronunciatis
643 2018 680 2078 de
696 2014 793 2099 Cygni
817 2015 989 2092 asterismo,
1012 2015 1174 2092 vqieimile
1197 2015 1256 2097 ipsi
1280 2035 1349 2079 esse
1371 2017 1515 2093 affirmat,

224 2126 288 2170 ‘am
310 2107 395 2169 illam
418 2125 485 2167 esse
509 2105 701 2169 censendam.
766 2145 773 2166 .·
1092 2184 1096 2191 Ι

246 2195 414 2277 Bayerus
438 2195 468 2257 iu
494 2192 764 2275 „Uranograpbis“
790 2212 857 2256 eam
880 2192 1001 2256 notavit
1023 2192 1114 2257 litera
1130 2192 1166 2266 P,
1189 2192 1238 2255 his
1262 2192 1373 2257 additis
1396 2193 1514 2259 verbis:

224 2277 263 2348 tii
288 2284 412 2363 fulgoris
436 2284 529 2346 steila
550 2303 628 2346 auno
656 2280 750 2346 1600.
774 2283 900 2362 primum
925 2291 1103 2363 conspecta,
1133 2282 1260 2345 eundem
1284 2283 1381 2346 adhuc
1404 2283 1516 2347 retinet

224 2393 261 2437 m.
308 2372 425 2436 Stellae
453 2397 484 2447 α,
507 2375 537 2451 β,
560 2396 582 2453 y,
607 2378 672 2447 o,a
704 2372 800 2434 crucis
833 2372 963 2452 effigiem
992 2372 1198 2445 constituunt;
1230 2372 1278 2434 his
1301 2372 1327 2434 P
1354 2372 1514 2454 adjungas,

224 2463 291 2542 :itini
315 2463 488 2525 inclinantis
512 2465 638 2524 formam
657 2460 814 2524 habebis.“
852 2461 912 2523 Per
935 2460 1051 2541 aliquot
1070 2480 1165 2524 annos
1187 2460 1367 2524 invariatum
1391 2460 1515 2526 retinuit

224 2552 402 2635 caBayero
425 2552 577 2631 proditam
600 2549 846 2628 magnitudinem,
872 2570 897 2612 6.
914 2572 943 2613 6.
962 2546 1056 2613 1623.
1081 2568 1152 2614 vero
1168 2567 1184 2611 e
1200 2557 1363 2630 conspectu
1385 2550 1512 2615 rediisse

225 2650 296 2716 tur;
321 2637 522 2703 6666161655.
543 2635 687 2703 611665.
710 2639 819 2701 itemm
842 2648 1007 2718 conspecta
1025 2647 1074 2701 est
1091 2648 1126 2702 ut
1144 2638 1236 2701 616116
1258 2639 1368 2702 tertiae
1392 2639 1511 2721 magui·

224 2731 288 2804 uis,
312 2730 397 2792 brevi
420 2737 522 2791 autem
544 2736 617 2809 post
638 2728 786 2791 diminuta
809 2736 857 2790 est
880 2729 918 2789 ad
943 2726 1117 2791 61611665.
1142 2727 1366 2807 magnitudinis.
1411 2728 1512 2791 Locus

248 2818 390 2881 convenit
414 2837 481 2881 oum
505 2818 570 2879 loco
595 2815 685 2890 iliius,
709 2836 796 2899 quam
815 2817 1025 2898 magnitudine
1050 2842 1090 2872 =
1115 2815 1134 2882 5
1159 2817 1281 2880 exhibet
1303 2816 1511 2895 Argelandrus

224 2906 438 2972 Uranometria
450 2907 559 2971 Nova“
576 2903 842 2980 (Β66611611843)
862 2908 892 2968 in
913 2926 977 2969 asc.
997 2916 1081 2970 reeta
1096 2895 1255 2983 302156,
1279 2908 1355 2970 6661.
1372 2903 1434 2971 37⁰
1447 2904 1511 2971 321.

224 2999 359 3078 catalogo
391 2997 549 3059 stellarum
571 2996 734 3058 Piazziauo
762 3005 885 3059 notatur
916 3015 1038 3058 numero
1062 2992 1120 3070 89,
1144 2997 1174 3059 16
1207 2997 1312 3059 eodem
1334 2996 1512 3060 Fiamstedii

227 3084 539 3258 θ1166316666-661661,
575 3192 679 3235 meuse
702 3173 785 3254 Majo
818 3140 889 3234 anui
915 3169 1009 3238 1602.
1042 3175 1169 3255 primum
1202 3193 1235 3235 se
1264 3174 1300 3235 de
1333 3174 1386 3235 iiia
1415 3173 1513 3238 literis

225 3265 302 3329 ,itum
334 3265 452 3332 luisse..
485 3262 614 3344 Spectat
643 3262 691 3325 his
724 3262 790 3324 sine
822 3261 911 3325 dubio
939 3263 1123 3326 =Davidem
1154 3263 1378 3333 Fabricium,
1410 3262 1512 3343 quiin

224 3354 256 3418 ia
280 3355 309 3419 6.
335 3350 386 3417 28.
410 3354 487 3434 Apr.
511 3371 540 3413 v.
566 3360 605 3415 st.
634 3348 727 3416 1602.
762 3352 801 3412 66
833 3351 997 3432 Kepierum
1026 3354 1106 3414 datis
1120 3352 1245 3424 ,dubius
1289 3361 1337 3422 „de
1370 3361 1514 3412 mtomibm

224 3444 323 3496 661666
342 3442 455 3508 Cygnum
474 3456 504 3493 ex
522 3441 733 3492 alienationibus
751 3439 891 3503 Tychouis⁸⁸
911 3440 1034 3506 quaedam
1061 3442 1146 3500 611661,
1174 3440 1276 3505 Repleri
1299 3442 1449 3492 senientiam
1467 3443 1514 3492 sibi

224 3509 287 3567 tens.
323 3515 395 3565 Idem
412 3514 488 3564 refert
504 3513 530 3562 in
548 3513 625 3562 literis
642 3512 816 3578 posterioribus
835 3507 870 3573 (d.
890 3511 914 3562 d.
935 3508 1004 3576 ilii.
1022 3512 1117 3579 Aug.):
1136 3512 1195 3563 Vidi
1212 3527 1303 3564 66666
1321 3513 1419 3563 stellam
1437 3513 1513 3579 primo

224 3586 296 3640 16666
314 3593 341 3637 61
358 3585 453 3635 nullam
470 3585 634 3635 variationem
651 3585 678 3634 16
696 3597 728 3634 66
746 3584 908 3634 animadverti
934 3583 1071 3643 hactenus.
1094 3583 1187 3635 661166
1210 3584 1355 3649 6666116616.
1392 3583 1432 3635 De
1450 3590 1513 3637 1666-

235 3659 332 3725 primae
351 3656 510 3722 apparitionis
528 3654 588 3705 nihii
606 3656 668 3707 certi
687 3655 807 3720 expiscari
824 3657 900 3720 potui.

250 3728 364 3780 Pluribus
392 3728 466 3778 refert
493 3727 524 3778 de
552 3726 639 3777 eadem
661 3727 788 3777 Fabricius
815 3728 841 3776 16
865 3726 942 3776 literis
970 3725 1036 3776 dd.
1058 3722 1227 3792 10126166.
1250 3722 1326 3777 1802.
1354 3726 1392 3777 bis
1419 3726 1514 3779 verbis:

224 3801 299 3852 61666
317 3802 372 3857 Vir,
390 3799 498 3850 Domine
518 3798 635 3848 (1616666.
674 3799 727 3864 Ego
745 3800 772 3846 iu
790 3798 836 3847 1666
860 3799 986 3862 praesenti
1010 3799 1107 3862 patriae
1129 3805 1199 3847 motu
1217 3798 1316 3852 666616
1336 3799 1368 3849 66
1386 3798 1470 3863 poium
1488 3805 1514 3851 et

224 3887 259 3923 rm
277 3872 415 3932 identidem
433 3872 575 3935 respiciens,
594 3883 674 3920 norae
691 3871 717 3919 iu
730 3869 799 3919 coelo
817 3869 934 3935 fulgentis
951 3868 1040 3920 6161166
1052 3869 1236 3934 dispositionem
1248 3869 1367 3921 stlocum
1385 3870 1514 3937 diligenter

224 3958 267 3996 sor.
312 3942 477 4008 Deprehendo
503 3946 586 3992 autem
612 3941 811 4007 magnitudinem
837 3941 926 3992 stellae
952 3941 1071 3992 risibilem
1098 3940 1175 3991 multo
1202 3941 1348 3991 diminutam
1376 3957 1448 4002 esae;
1474 3944 1515 3993 616

224 4029 285 4067 nus
303 4021 401 4080 propter
419 4015 550 4064 continuas
567 4012 662 4076 pluvias
682 4020 709 4063 et
720 4013 882 4068 obseuntates
901 4011 963 4063 coeii
980 4014 1048 4063 iutra
1064 4013 1154 4063 6666616
1172 4014 1280 4077 spatium
1298 4015 1426 4065 commode
1444 4027 1513 4065 ame

224 4088 287 4139 66661
303 4088 392 4152 potuit
429 4086 484 4136 1166
502 4099 560 4135 rere
577 4084 658 4135 triduo
675 4091 776 4149 propter
793 4084 879 4134 66166
897 4084 1030 4149 aliqualem
1054 4085 1215 4136 serenitatem
1231 4100 1317 4136 omnes
1336 4088 1390 4150 eius
1408 4087 1513 4138 616666-

224 4159 271 4210 1166
288 4159 400 4224 perspexi
427 4165 454 4209 et
476 4154 635 4207 considerari.
672 4156 774 4207 lnrenio
795 4170 852 4207 eam
876 4170 942 4205 nunc
964 4152 989 4203 11
1014 4156 1191 4222 magnitudinis
1213 4156 1291 4208 stellis
1313 4158 1352 4207 rix
1377 4158 1515 4222 comparari

224 4244 250 4290 s,
280 4244 344 4295 quae
363 4230 483 4281 antesin
501 4226 587 4278 Martii
604 4228 674 4278 initio
692 4227 759 4278 tertii
784 4227 883 4278 bonoria
907 4227 991 4278 sidera
1017 4227 1127 4279 nonnihil
1144 4227 1219 4277 etiam
1237 4242 1353 4292 superare
1377 4228 1513 4280 ridebatur.

224 4304 318 4366 1-6166
336 4307 374 4351 est
391 4302 417 4351 in
438 4296 485 4349 10ο
503 4294 545 4347 10⁴
565 4306 621 4360 m,
641 4314 697 4349 oum
714 4299 846 4350 latitudine
863 4299 956 4349 boreali
975 4294 1091 4350 550271.
1111 4323 1144 4335 -
1169 4299 1223 4365 Ego
1242 4301 1362 4358 existimo,
1382 4314 1439 4351 sam
1457 4316 1513 4351 oum

224 4400 228 4423 l
244 4374 382 4439 praesentis
400 4373 518 4436 auspiciis
529 4371 634 4435 primum
646 4370 763 4427 illuxisse,
781 4385 864 4421 verum
876 4376 975 4436 propter
986 4370 1105 4422 hiemales
1117 4372 1279 4422 obscuritates
1291 4387 1341 4422 uon
1353 4372 1391 4422 ita
1402 4372 1513 4422 animad-

224 4464 228 4495 l
251 4445 334 4510 potuit
351 4452 378 4496 et
398 4450 530 4508 propterea
548 4455 577 4492 eo
596 4443 673 4491 serius
696 4444 722 4492 16
746 4443 871 4492 hominum
897 4443 1014 4494 notitiam
1039 4444 1116 4493 venit.
1152 4442 1321 4507 Quaecunque
1348 4442 1405 4493 ioca
1422 4442 1514 4493 Terrae

224 4518 331 4567 6116666
348 4516 397 4580 poli
411 4513 539 4579 aequalem
557 4513 651 4564 habent
669 4529 725 4564 cnm
737 4514 901 4565 declinatione
919 4515 991 4577 hujus
1010 4514 1097 4566 stelias
1110 4515 1142 4564 ab
1155 4522 1297 4580 aequatem,
1315 4514 1412 4564 iliorum
1430 4514 1514 4564 senith

224 4588 268 4639 ulis
286 4589 372 4639 diebus
390 4586 467 4637 semei
487 4586 596 4651 attingit.
610 4612 643 4624 —
661 4584 779 4636 Notabile
792 4592 838 4643 est,
857 4586 922 4650 quod
941 4600 1006 4637 nova
1022 4586 1087 4637 haec
1104 4586 1178 4637 stella
1196 4588 1332 4637 constituta
1348 4587 1418 4636 sitin
1436 4586 1515 4635 iorma

224 4660 248 4711 a
266 4674 322 4710 cum
340 4660 478 4724 praecipuis
495 4660 521 4708 in
534 4657 619 4724 Cygno
637 4657 723 4707 stellis.
747 4656 840 4707 Nostra
852 4657 930 4708 Frisia
948 4658 1020 4721 hujus
1038 4673 1117 4709 66666
1136 4665 1162 4709 61
1173 4658 1287 4708 insolitae
1305 4657 1392 4709 stelias
1411 4656 1514 4708 61166166

224 4745 287 4799 uque
305 4732 330 4781 iu
349 4732 418 4782 coeio
437 4731 550 4794 depictae
576 4729 656 4779 crucis
672 4730 721 4778 rim
738 4743 788 4778 666
806 4742 893 4793 parum
917 4730 1037 4780 haetenus
1059 4732 1152 4781 sensit:
1180 4729 1205 4792 1)
1223 4729 1308 4780 Nonus
1325 4729 1366 4778 iiie
1385 4736 1411 4778 et
1429 4728 1513 4793 epido-

224 4818 240 4852 s
267 4802 384 4852 catharus
402 4802 454 4866 (qui
478 4802 585 4865 proximo
603 4800 735 4850 Februario
761 4805 840 4849 totam
858 4799 963 4849 Frisism
988 4801 1107 4866 pervasit)
1133 4802 1165 4852 ab
1187 4802 1235 4851 hac
1260 4800 1333 4852 stella
1359 4800 1514 4869 occasionem

224 4876 263 4931 611,
282 4874 347 4938 quod
365 4889 411 4940 ego
429 4874 511 4922 multis
529 4874 591 4923 veris
616 4871 788 4936 experimentis
812 4872 970 4921 nativitatum
995 4875 1105 4937 cognovi.
1142 4871 1513 4936 2)(1616616666666611666-

224 4946 299 4996 61116
317 4946 411 4995 Frisiae
434 4945 506 4994 simui
525 4943 665 4995 coincideus
689 4943 816 5006 perhanc
833 4942 931 4991 stellam
949 4942 1108 4994 hauddubie
1133 4946 1274 5011 significata
1291 4945 1344 4994 luit.
1382 4940 1410 5004 3)
1430 4942 1513 4992 Motus

224 5017 332 5070 ’61661161
349 5017 447 5081 patriae
465 5023 564 5066 6661666
582 5016 668 5066 eodem
686 5014 759 5065 modo
776 5014 996 5079 praedemonstrati
1014 5021 1072 5066 sunt
1089 5015 1128 5067 rel
1144 5018 1212 5082 quasi
1231 5016 1302 5067 616661
1320 5016 1346 5066 in
1364 5018 1417 5079 eius
1435 5025 1513 5077 apps-
