3692 5842
873 491 956 558 capnt
972 493 1005 541 v.
1552 486 1614 554 63¹

259 668 354 744 seria,
377 668 435 730 uisi
458 669 606 731 hominem
630 687 753 744 nosses3
782 669 923 749 quidquid
956 671 1126 731 animalium
1161 669 1275 731 invenit
1298 668 1325 728 in
1350 667 1443 727 variis
1466 665 1620 726 nationum

260 758 360 819 sacris
384 767 416 819 et
438 759 643 836 religionibus,
669 759 697 819 id
722 759 750 818 iu
776 759 891 820 coelum
916 759 1030 831 intulit;
1055 757 1307 839 quidquiduhujus
1332 757 1359 816 in
1385 755 1469 816 coelo
1488 755 1619 826 oberrat,

261 847 303 908 ed
327 847 477 907 hominum
501 847 729 925 superstitiones
753 847 894 910 detraxit.

354 934 642 998 Constellationibus
666 937 756 1013 igitur
780 938 914 997 omnibus
938 955 992 1015 per
1015 935 1071 995 has
1095 956 1202 996 causas
1226 933 1424 1004 examinatis,
1450 930 1499 991 ubi
1523 947 1620 1008 appa·

261 1024 371 1098 ruerit,
405 1026 514 1085 nullam
546 1024 632 1085 nobis
662 1026 787 1105 relinqui
811 1021 949 1100 decernor,
979 1044 1016 1084 an
1041 1043 1097 1083 non
1123 1023 1233 1103 liquido
1257 1022 1388 1101 patebit,
1413 1018 1516 1098 figuris
1539 1018 1622 1079 hisce

260 1114 325 1176 vim
347 1113 536 1192 significandi
560 1131 616 1173 non
642 1113 764 1174 inesse?
800 1114 867 1177 hisi
892 1117 969 1175 forte
993 1112 1079 1172 unius
1103 1113 1214 1188 figurae
1239 1109 1381 1172 eoelestis
1404 1115 1531 1189 possunt
1554 1125 1622 1167 esse

261 1203 378 1264 multae
402 1220 521 1276 causae,
547 1202 670 1263 fortuito
695 1221 764 1263 casu
790 1210 821 1263 et
844 1223 898 1283 per
927 1202 1067 1262 accidens
1092 1202 1273 1261 adeundam
1297 1201 1434 1261 ellectum
1448 1195 1540 1257 toties
1560 1204 1622 1256 tam

263 1291 395 1354 mirabili
419 1309 566 1351 consensu
590 1291 808 1370 conspirantes.
865 1291 954 1361 Quod
983 1292 1148 1371 quicunque
1172 1290 1259 1350 facile
1284 1289 1388 1358 credit,
1417 1284 1623 1347 imbecillitate

259 1379 366 1462 judicii
391 1379 518 1451 laborat,
543 1379 650 1458 dignus
674 1380 723 1458 qui
746 1381 927 1442 Judaeorum
953 1380 1060 1441 cabala
1084 1379 1235 1439 cerebrum
1260 1379 1391 1454 frangat.
1433 1374 1472 1435 Ili
1497 1392 1623 1452 namque

263 1467 305 1531 ad
329 1469 455 1529 eundem
480 1469 568 1546 plane
592 1470 725 1542 modum,
751 1470 897 1548 neglectis
921 1467 1154 1529 evidentissimis
1183 1467 1400 1528 derivationum
1424 1471 1455 1525 et
1477 1463 1623 1540 originum

229 1607 239 1624 .
264 1557 377 1631 musis,
402 1557 521 1617 divinae
544 1558 753 1635 providentiae
779 1558 909 1637 linguam
929 1577 1013 1618 suam
1029 1565 1177 1628 asserunt,
1200 1556 1347 1635 persuasi,
1373 1545 1428 1613 hoc
1449 1551 1541 1613 fuisse
1559 1551 1623 1611 Deo

264 1645 387 1724 liuguae
421 1646 536 1706 auctori
567 1647 767 1726 propositum,
801 1659 834 1707 nt
868 1666 904 1707 ex
938 1646 1091 1707 literarum
1124 1644 1359 1723 transpositione
1392 1661 1489 1726 rerum
1517 1649 1625 1701 natura

264 1734 481 1814 depingeretur
504 1743 536 1794 et
559 1735 684 1813 integris
708 1736 867 1797 sententiis
891 1735 1037 1815 mysteria
1060 1735 1162 1795 neseio
1190 1752 1267 1811 quae
1290 1732 1534 1793 reconderentur.
1580 1730 1626 1788 At

264 1823 360 1886 sobrii
379 1823 523 1895 homines,
549 1823 667 1884 divinae
692 1825 749 1885 rim
774 1825 982 1903 providentiae
1006 1823 1199 1883 veneratione
1219 1821 1323 1882 debita
1341 1818 1481 1891 confessi,
1507 1817 1624 1896 linguas

264 1931 320 1987 seu
345 1912 410 1973 Deo
434 1930 488 1972 seu
512 1911 680 1973 hominibus
704 1914 833 1975 usitatas
857 1913 901 1973 ita
925 1913 967 1972 uti
992 1921 1101 1972 sonant
1125 1911 1311 1990 intelligunt,
1342 1909 1470 1968 hunuano
1500 1904 1625 1967 arbitrio

265 2020 355 2064 auum
378 2001 456 2062 inter
479 2020 588 2061 causas
612 2002 707 2062 locum
733 2022 861 2082 suosque
885 2002 1031 2081 genuinos
1055 2002 1179 2062 effectus
1203 2000 1383 2078 relinquunt
1425 1995 1520 2056 Iidem
1535 1993 1625 2054 etiam

264 2091 428 2170 figurarum
452 2090 481 2150 in
505 2090 588 2150 coelo
613 2085 721 2152 causas
745 2110 781 2151 ex
805 2092 933 2152 humano
966 2089 1089 2151 arbitrio
1123 2089 1227 2150 obvias
1261 2088 1497 2165 amplectuutur,
1528 2081 1624 2143 subli-

265 2181 365 2241 miora
389 2179 425 2238 de
450 2178 576 2240 occultis
600 2179 760 2257 figurarum
784 2180 1035 2259 proprietatibus,
1069 2198 1146 2259 quae
1179 2197 1233 2258 per
1260 2174 1412 2255 genesium
1438 2170 1624 2250 contempla·

266 2267 380 2330 tionem
406 2267 516 2327 fuerint
539 2268 689 2342 iuventae,
714 2288 771 2330 non
796 2269 927 2347 sapiunt.

358 2356 420 2417 Sed
449 2356 591 2434 objicient
620 2356 706 2434 hujus
733 2355 834 2437 pictae
857 2355 1066 2436 philosophiae
1091 2354 1233 2428 studiosi,
1259 2351 1400 2414 credibile
1426 2367 1504 2418 esse,
1527 2346 1626 2406 Deum

266 2444 468 2516 conditorem,
494 2464 568 2524 quas
593 2444 733 2506 indiderit
757 2445 1037 2506 constellationibus
1061 2444 1279 2523 proprietates,
1303 2441 1465 2502 earundem
1487 2434 1626 2516 proprie-

266 2542 366 2596 tatum
390 2533 554 2612 participes
578 2534 748 2595 animantes
773 2536 920 2613 elegisse,
955 2553 1078 2614 quarum
1102 2535 1227 2611 figuram
1252 2529 1446 2609 dispositione
1471 2525 1628 2586 stellarum

266 2622 467 2702 exprimeret,
499 2631 531 2681 ut
562 2622 607 2682 ita
630 2623 725 2700 figura
749 2625 897 2684 hominem
922 2624 1085 2683 admonens
1119 2623 1155 2683 de
1184 2631 1266 2681 certo
1291 2619 1458 2691 animante,
1491 2615 1528 2674 de
1563 2612 1628 2692 ejus

266 2711 361 2772 etiam
385 2711 523 2771 animalis
546 2712 731 2790 proprietate
756 2712 853 2774 stellis
876 2712 958 2772 hisce
983 2711 1129 2772 communi
1153 2710 1239 2772 simul
1264 2709 1436 2768 admoneat.

360 2798 536 2879 Quicunque
560 2802 616 2861 hoc
640 2801 786 2876 affirmat,
812 2810 843 2862 et
866 2801 1046 2861 confidentia
1065 2800 1159 2861 utitur
1180 2807 1211 2859 et
1231 2797 1412 2859 temeritate.
1456 2792 1525 2855 Non
1551 2789 1629 2849 enirn

268 2889 371 2951 omnia
394 2889 513 2949 nomina
536 2899 606 2950 sunt
630 2909 649 2949 a
672 2890 868 2969 dispositione
892 2890 1064 2963 stellarum,
1092 2897 1197 2950 contra
1221 2887 1341 2964 saepius
1366 2884 1486 2945 diversa
1508 2877 1630 2939 nomina

269 2979 309 3040 ab
333 2978 440 3039 eadem
465 2978 660 3055 dispositione
685 2988 755 3039 sunt
778 2988 860 3040 orta:
886 2997 962 3058 quae
986 2978 1045 3039 etsi
1071 2998 1128 3038 non
1152 2985 1269 3050 essent,
1296 2994 1389 3053 aeque
1415 2979 1515 3032 tamen
1542 2967 1629 3028 facile

268 3068 348 3129 alius
374 3068 451 3128 hanc
475 3067 658 3146 theologiam
684 3068 841 3147 negaverit
865 3077 954 3148 atque
978 3068 1148 3147 hujusmodi
1173 3066 1282 3146 aliquis
1307 3062 1478 3125 affirmavit.

359 3157 428 3236 Age
451 3174 523 3216 vero
548 3156 659 3235 largior
676 3147 775 3218 'etiam
791 3157 918 3236 aliquid;
943 3166 1009 3217 esto
1024 3167 1057 3218 ut
1075 3165 1140 3218 tota
1160 3165 1267 3217 natura
1287 3152 1467 3229 sublunaris,
1493 3147 1630 3232 quamvis

269 3245 502 3308 ratiocinatione
535 3265 592 3306 non
626 3266 695 3321 usa,
729 3246 834 3307 iisdem
863 3253 964 3306 tamen
990 3246 1026 3306 de
1051 3247 1151 3307 causis
1175 3247 1281 3326 quibus
1312 3246 1442 3304 humana
1469 3238 1632 3321 phantasia

269 3336 350 3397 idem
383 3333 441 3395 sibi
474 3333 511 3395 de
543 3334 590 3395 his
623 3335 771 3396 sideribus
804 3335 984 3412 imaginetur
1014 3336 1091 3414 quod
1124 3336 1222 3398 horno.
1269 3334 1335 3395 lIoc
1370 3332 1447 3392 enim
1472 3328 1632 3390 decolore

270 3425 429 3486 stellarum
462 3441 564 3484 vemm
598 3423 706 3503 dogma
739 3424 808 3494 (uec
833 3423 991 3503 quicquam
1015 3423 1043 3483 in
1069 3424 1250 3484 contrarium
1279 3420 1454 3500 proficiente
1476 3416 1565 3488 Pico)
1595 3413 1631 3473 de

270 3513 368 3591 figura
390 3529 448 3572 non
473 3512 650 3591 simpliciter
669 3514 794 3590 negabo,
820 3531 914 3591 neque
930 3512 1099 3573 accuratius
1114 3512 1143 3572 in
1162 3509 1336 3591 praesentia
1351 3506 1510 3569 excutiam.
1551 3499 1632 3571 Quid

269 3601 328 3664 boc
352 3608 453 3662 tamen
479 3600 517 3661 ad
541 3600 624 3663 sidus
648 3602 745 3680 ipsum
769 3601 798 3662 in
823 3602 923 3672 coelo,
957 3610 1011 3661 aut
1043 3619 1118 3680 quae
1151 3620 1230 3662 nova
1261 3599 1431 3679 proprietas
1456 3591 1514 3674 ipsi
1542 3588 1633 3651 sideri
1681 3619 1684 3624 ·

271 3709 402 3753 revera
431 3688 584 3750 conciliari
607 3701 711 3769 potest
734 3710 770 3751 ex
794 3688 946 3750 hominum
971 3699 1154 3768 naturaeque
1178 3689 1320 3769 genitalis
1344 3677 1632 3758 imaginationibus?

365 3775 445 3848 Quid
470 3777 602 3840 dicemus
626 3780 663 3840 de
683 3778 912 3859 perplexissima
927 3778 990 3854 lite,
1016 3797 1091 3858 quae
1106 3779 1184 3842 inter
1203 3779 1362 3839 hodiernos
1377 3773 1511 3854 agitatur
1530 3774 1631 3829 astro·

273 3867 361 3946 logos
385 3885 475 3947 super
498 3867 554 3929 hoc
578 3867 737 3947 figurarum
771 3867 909 3946 negotio,
944 3868 1014 3929 dnm
1045 3869 1146 3929 sidera
1178 3887 1194 3928 e
1229 3862 1493 3935 dodecatemoriis,
1525 3855 1631 3938 quibus

271 3955 409 4020 indidere
434 3975 489 4018 sua
511 3956 672 4035 figurarum
696 3955 824 4028 nomina,
848 3956 965 4018 exactis
984 3956 1051 4035 jam
1069 3957 1115 4019 bis
1135 3955 1214 4018 mille
1229 3954 1315 4016 aunis
1329 3952 1449 4032 penitus
1464 3962 1631 4017 excessere,

274 4043 536 4108 retrocedentibus
560 4045 766 4125 aequinoctiis,
792 4045 870 4106 uude
894 4045 1201 4108 dodecatemoriorurn
1215 4042 1330 4107 zodiaci
1356 4039 1481 4102 sumitur
1496 4030 1632 4096 initium?

271 4133 356 4198 Nam
379 4140 414 4195 ut
436 4151 474 4195 ex
498 4141 601 4195 nostro
626 4134 758 4195 themate
789 4153 941 4196 sumamus
970 4136 1152 4214 exemplum;
1181 4141 1279 4196 utrum
1302 4129 1416 4193 zodiaci
1433 4127 1550 4205 signum
1565 4137 1632 4181 esse

277 4221 423 4297 dicemus,
449 4222 527 4302 quod
551 4221 723 4302 congressui
749 4221 871 4285 Saturni
895 4231 927 4283 et
949 4221 1050 4298 Jovis,
1075 4230 1108 4284 et
1130 4223 1208 4303 quod
1230 4223 1337 4284 Norae
1356 4217 1471 4281 Stellae
1494 4207 1634 4291 praebuit

277 4309 467 4391 hospitium?
513 4308 711 4390 Sagittarium
745 4331 782 4372 an
807 4310 1023 4390 Scorpionem?
1069 4310 1102 4374 Si
1136 4310 1324 4391 aequinoctia
1354 4304 1516 4384 respicias,
1550 4299 1633 4359 locus

275 4397 494 4480 conjunctionis
519 4407 567 4460 est
589 4395 634 4462 8⁰
657 4397 834 4479 Sagittarii:
859 4401 943 4461 locus
966 4401 1072 4461 Norae
1097 4397 1158 4462 18ο
1182 4400 1316 4479 ejusdem
1340 4394 1429 4475 signi.
1476 4389 1510 4453 Si
1534 4387 1634 4448 sidera

275 4487 354 4569 ipsa,
377 4488 487 4550 stellae
502 4485 671 4567 Sagittarii,
698 4508 773 4568 quae
798 4489 887 4549 tertio
903 4489 988 4567 signo
1013 4489 1051 4549 ab
1075 4489 1264 4569 aequinoctio
1288 4506 1394 4549 nornen
1411 4485 1507 4545 fecere
1526 4481 1633 4560 Sagit-

276 4576 358 4646 tarii,
378 4576 444 4657 jam
469 4577 497 4637 in
522 4578 693 4655 contiguum
718 4577 846 4655 signum,
871 4578 948 4657 quod
973 4599 991 4638 a
1015 4580 1120 4640 bruma
1143 4576 1248 4656 incipit
1272 4579 1306 4648 (a
1330 4574 1512 4654 Capricorno
1537 4571 1631 4631 deno-

274 4666 436 4740 minatum)
460 4665 654 4728 transierunt.
704 4665 846 4727 Vicissim
870 4686 927 4727 non
952 4667 1054 4745 procul
1085 4687 1103 4727 a
1133 4667 1202 4727 loco
1231 4683 1410 4742 congressus
1443 4661 1550 4729 stella,
1583 4676 1634 4720 cor

275 4753 396 4838 Seorpii
420 4754 518 4829 dicta,
543 4753 700 4817 invenitur.
748 4755 855 4834 Itaque
880 4755 905 4815 si
929 4756 1005 4816 lixas
1028 4754 1218 4833 respicimus,
1253 4752 1328 4814 haec
1352 4750 1536 4832 superiorum
1559 4766 1632 4808 con-

269 4843 388 4924 junctio
411 4851 444 4906 ot
465 4842 541 4904 haec
563 4843 652 4905 Noua
675 4840 774 4904 Stella
797 4844 825 4905 in
850 4841 1025 4922 Scorpionis
1049 4842 1309 4904 constellationem
1334 4841 1510 4902 inciderunt.

364 4931 427 4994 Sed
450 4929 528 4993 satis
550 4931 593 5006 de¹
612 4928 725 5010 origine
749 4932 907 4993 nominum.
955 4931 1176 4994 Concludamus
1199 4929 1277 4991 huuc
1305 4929 1403 4991 locum
1433 4930 1633 5009 explicatione

272 5020 358 5086 raaia
382 5019 575 5084 zodiacus.
613 5018 716 5081 Latini
740 5039 867 5100 natuque
891 5015 1096 5099 propriissime
1112 5027 1268 5082 verterunt
1290 5017 1525 5100 signiferum,
1551 5016 1632 5081 Ger-
