3692 5842
758 469 839 536 Caput
860 468 904 524 IV.
925 471 950 522 t.
1392 377 1413 426 ι
1464 479 1530 547 209

177 644 268 701 emnt
295 641 441 720 aequales
468 640 526 704 AB
556 649 587 704 et
610 643 677 706 DE.
725 644 774 706 Sit
802 648 880 709 enim
908 646 991 710 AOB
1019 651 1108 730 plane
1139 670 1216 731 qua·
1314 653 1367 719 Fit·
1387 651 1430 703 ⁷²·

176 725 290 802 draus,
317 737 431 810 quanta
454 730 572 811 quidem
597 732 744 794 distantia
768 754 834 796 raro
863 738 982 816 capitur
1010 740 1216 803 instrumentis
1504 753 1524 808 o

175 832 331 895 nunqnam
361 817 479 898 quidem
509 821 700 882 sextantibus
725 824 918 904 lquronicis,
948 846 1097 908 nunquam
1121 831 1215 892 radiis

174 911 228 965 ant
250 904 368 967 baculis
392 910 618 984 astronomicis,
644 930 680 971 ne
705 912 827 973 nimium
858 915 935 975 oculi
964 927 1160 996 torqueantur
1183 927 1215 980 et

174 991 350 1055 observatio
372 995 464 1057 infida
487 998 644 1060 efficiatur.
693 1000 834 1061 Ilemissa
859 1002 951 1082 igitur
974 1008 1211 1084 perpendiculari

174 1078 237 1152 CF,
261 1083 324 1144 erit
347 1081 426 1146 orl:
449 1094 564 1159 rectus,
588 1087 668 1149 FCE
692 1084 762 1162 45⁰,
793 1090 863 1169 quia
886 1090 969 1152 DCE
994 1095 1154 1162 isosceles,
1180 1105 1210 1158 et

175 1167 237 1232 ΟΕ·
251 1165 316 1234 89ο
338 1166 401 1235 26‘.
446 1173 488 1235 Et
510 1183 545 1236 nt
568 1175 650 1237 siuns
675 1174 753 1238 CFE
778 1181 816 1239 ad
846 1175 944 1241 sinum
969 1179 1035 1256 OE,
1061 1182 1104 1244 sic
1128 1185 1211 1246 sinus

173 1255 255 1320 FcE
287 1260 326 1321 ad
360 1261 456 1323 sinum
480 1263 547 1338 ΓΕ,
579 1266 663 1343 cujus
699 1266 819 1345 duplum
844 1278 892 1328 est
914 1270 981 1330 DE.
1029 1273 1134 1352 ltaque
1158 1293 1211 1352 pro
1243 1299 1267 1348 ι)

174 1366 222 1420 eo,
245 1349 326 1429 qnod
350 1350 406 1410 AB
432 1351 530 1413 inerat
553 1348 626 1426 90⁰,
663 1353 717 1414 DE
746 1356 894 1418 distantia
928 1358 1063 1420 involuta
1096 1362 1211 1423 retrac-

175 1436 308 1498 tionibus
332 1439 391 1500 erit
414 1435 475 1503 89⁰
493 1437 548 1503 59‘
567 1437 654 1504 l3“:
680 1443 849 1505 differentia
876 1445 946 1509 17¹¹,
987 1450 1086 1509 Minor
1109 1450 1210 1522 etiam,

178 1526 228 1588 nbi
252 1526 403 1589 distantia
425 1528 493 1607 ipsa
516 1530 572 1590 ΛΒ
596 1531 692 1593 minor
714 1533 850 1596 sumitur.
1235 1522 1257 1570 Α

267 1614 354 1686 Quae
378 1636 449 1678 vero
473 1629 544 1680 sunt
566 1621 770 1698 propositione
786 1618 838 1694 53,
863 1623 940 1703 quod
961 1623 1124 1687 distantiae
1145 1630 1302 1694 stellarum
1321 1634 1369 1695 vel
1393 1633 1531 1696 diametri

174 1703 307 1767 siderum
330 1705 484 1768 avertice
508 1726 613 1769 versus
638 1709 820 1771 horizontem
844 1722 1009 1791 porrectae,
1035 1714 1061 1774 si
1082 1718 1261 1794 praesertim
1285 1722 1364 1784 alter
1388 1723 1531 1785 terminus

174 1793 217 1854 sit
241 1793 389 1856 horizonti
421 1794 553 1869 vicinus,
587 1796 716 1860 minores
746 1800 830 1877 justo
864 1801 944 1862 sint:
978 1801 1052 1864 hacc
1082 1805 1201 1884 inquam
1225 1818 1256 1871 et
1285 1830 1358 1873 vera
1382 1821 1413 1872 et
1441 1829 1531 1873 sensu

175 1881 331 1944 evidentia
353 1892 472 1945 suntet
495 1893 665 1948 astronomo
686 1890 812 1950 maxime
836 1891 1009 1952 neccssaria
1023 1893 1153 1970 cognitu.
1191 1896 1338 1980 Adeoque
1354 1919 1411 1960 non
1432 1901 1531 1975 credo,

176 1971 254 2033 hanc
283 1972 519 2052 propositionem
547 1975 656 2038 lectam
694 1978 754 2038 illis
789 1979 1003 2041 refractionum
1040 1981 1263 2048 Bralreanarnm
1295 1989 1530 2063 accusatoribus,

175 2061 346 2141 dequibus
374 2080 467 2142 supra
489 2064 518 2124 in
543 2066 733 2127 conclusione
756 2085 801 2145 pr.
827 2064 858 2130 9.
891 2068 976 2146 hujus
1010 2070 1138 2149 capitis:
1170 2074 1238 2135 illos
1271 2074 1364 2154 igitur
1386 2077 1425 2138 ad
1453 2077 1532 2140 hanc

174 2149 413 2229 propositionem
437 2150 555 2232 ablega.

263 2237 347 2318 Ergo
381 2239 458 2319 quod
495 2240 618 2303 Vitellio
651 2261 736 2322 prop.
771 2239 824 2304 54.
859 2243 996 2322 sequenti
1030 2247 1142 2322 tradit,
1176 2268 1278 2311 omnes
1310 2252 1419 2313 stellas
1451 2252 1533 2314 circa

174 2326 364 2390 horizontem
384 2327 478 2390 videri
498 2329 627 2392 minores
647 2331 741 2409 justo,
767 2350 867 2393 verum
888 2340 953 2392 est:
979 2335 1056 2413 quod
1072 2354 1143 2398 vero
1164 2346 1196 2399 et
1218 2341 1363 2402 rotundas
1386 2359 1532 2420 apparere

176 2417 345 2493 contendit,
371 2416 491 2479 falsum.
537 2419 605 2481 Non
624 2419 707 2480 'eninr
731 2439 833 2481 verurn
857 2429 918 2495 est,
944 2440 1046 2483 omnes
1070 2445 1170 2486 earum
1200 2427 1364 2490 diametros
1387 2448 1533 2509 apparere

175 2505 378 2586 aequabiliter
401 2506 549 2569 minores:
575 2508 714 2588 qnoniam
739 2528 814 2589 quae
838 2528 943 2570 versus
967 2513 1111 2576 verticem
1139 2516 1319 2593 porrigitur,
1350 2518 1531 2580 adsensum

177 2596 275 2657 minor
298 2593 412 2665 evadit,
436 2614 511 2675 quae
527 2615 597 2660 vero
618 2596 765 2658 horizonti
788 2597 983 2678 aequidistat,
1010 2601 1183 2664 insensibile
1207 2605 1357 2684 quippiam
1381 2606 1532 2669 minuitur.

177 2684 267 2747 Unde
292 2685 404 2763 figurae
433 2685 628 2764 refractoriae
657 2687 774 2746 ovalem
803 2688 928 2765 liguram
958 2690 1139 2764 sortiuntur,
1171 2693 1287 2771 qualem
1311 2704 1344 2754 et
1366 2694 1481 2756 denarii
1504 2696 1533 2757 in

181 2791 292 2854 aquarn
326 2772 467 2852 conjecti,
498 2773 524 2834 si
552 2775 641 2840 valde
666 2794 703 2834 ex
726 2775 845 2854 obliquo
878 2775 1083 2853 inspiciantur.
1131 2780 1232 2860 Atque
1267 2782 1341 2844 liaeo
1369 2791 1417 2843 est
1448 2781 1536 2845 unica

180 2861 361 2947 propositio,
387 2861 416 2924 in
441 2881 509 2942 qua,
534 2862 584 2943 qui
607 2864 803 2925 retractiones
828 2874 953 2941 negant,
984 2865 1149 2928 tirocinium
1173 2870 1289 2947 optines
1311 2888 1452 2949 posuere,
1477 2889 1534 2933 non

179 2950 273 3015 aliam
297 2969 367 3012 esse
389 2949 450 3013 rati
473 2951 532 3013 vim
556 2951 802 3026 retractionibus,
831 2952 886 3014 nisi
912 2953 950 3012 ad
980 2954 1138 3016 dilatanda
1160 2957 1208 3017 vel
1239 2959 1443 3020 contrahenda
1465 2978 1535 3022 cor·

177 3058 255 3120 pora
277 3058 333 3120 per
360 3039 570 3102 refractionem
599 3040 675 3102 risa.
723 3039 811 3111 Quod
840 3041 931 3120 igitur
958 3052 1169 3121 superstruunt
1192 3046 1228 3106 dc
1260 3046 1342 3108 visus
1372 3047 1536 3109 directione

177 3131 208 3192 in
232 3139 370 3190 centmm
404 3127 528 3204 sideris,
563 3148 621 3189 non
652 3138 754 3210 potest
786 3149 854 3190 esse
887 3129 1012 3203 firmins,
1047 3151 1135 3212 quarn
1168 3134 1242 3196 haec
1270 3135 1339 3214 ipsa
1362 3135 1536 3198 Vitellionis

178 3217 361 3299 propositio.
410 3215 460 3278 Sit
483 3224 517 3278 ut
541 3237 644 3297 margo
669 3217 750 3280 Solis
782 3217 903 3279 inferior
930 3218 1113 3282 horizontem
1137 3223 1281 3301 stringat,
1306 3224 1372 3302 ejus
1395 3224 1536 3286 retractio

177 3307 237 3370 erit
261 3302 326 3375 342
351 3305 514 3384 superioris
537 3324 620 3379 vero,
643 3307 748 3386 utqui
772 3306 962 3367 altitudinem
985 3307 1079 3369 habet
1102 3310 1215 3371 dimidii
1243 3312 1370 3391 gradus,
1396 3311 1537 3374 retractio

177 3397 237 3459 erit
261 3393 326 3459 29¹.
363 3394 472 3474 Itaque
495 3413 548 3473 pro
573 3391 626 3458 30⁴
651 3395 797 3456 diametro
818 3392 899 3456 Solis
924 3395 1073 3459 ridebitur
1097 3399 1250 3477 quantitas
1274 3397 1337 3474 25‘,
1362 3410 1538 3462 transversa

178 3504 251 3546 vero
276 3503 329 3545 sen
359 3483 506 3545 horizonti
536 3483 698 3563 parallelos
726 3484 785 3544 erit
809 3480 883 3556 30‘,
916 3485 1140 3547 semidiameter
1169 3486 1340 3548 altitudinis
1374 3483 1476 3564 12·l,;
1507 3488 1537 3548 in

179 3574 258 3635 hanc
282 3571 368 3633 risus
400 3571 547 3642 directus,
580 3579 790 3652 praeterquam
824 3572 901 3651 qnod
927 3592 946 3632 a
968 3580 1032 3633 toto
1060 3591 1183 3652 corpore
1216 3575 1351 3649 aberrat,
1384 3574 1539 3638 aberrabit

181 3662 275 3725 etiam
301 3680 321 3721 a
344 3667 450 3722 centro
472 3661 606 3740 corporis
631 3663 760 3722 refracte
784 3660 841 3721 visi
864 3679 917 3739 per
940 3655 1000 3742 2¹),
1028 3661 1153 3722 minuta.

272 3748 390 3811 Eadem
414 3749 617 3829 propositione
633 3746 686 3811 54.
710 3748 837 3811 Vitellio
861 3749 957 3811 tradit
980 3749 1054 3810 duas
1078 3750 1155 3811 alias
1179 3768 1297 3824 causas,
1323 3769 1398 3830 qnae
1422 3750 1538 3813 diamo-
1573 3763 1575 3768 '

180 3851 247 3903 tros
279 3837 422 3902 luminum
450 3836 577 3900 varient.
624 3836 756 3900 Primam
784 3837 829 3898 ait
857 3856 991 3899 crassum
1018 3855 1158 3919 vaporem
1188 3838 1303 3900 duabus
1326 3838 1538 3919 superficiebus

181 3926 348 3991 hincinde
373 3926 579 4001 terarinatum,
610 3945 733 4005 quarum
757 3926 855 3987 altera
878 3926 1002 3999 stellae,
1028 3928 1126 3989 altera
1149 3925 1227 3988 visui
1254 3935 1356 3989 nostro
1380 3928 1541 4008 objiciatur

182 4019 283 4080 instar
313 4014 439 4076 convexi
470 4013 645 4096 perspicilli.
691 4015 756 4076 Huc
785 4014 904 4094 quidam
936 4014 1085 4094 sphaerici
1118 4014 1211 4078 libelli
1242 4014 1414 4085 imitantur,
1446 4015 1539 4078 verba

181 4105 276 4167 etiam
301 4104 408 4166 eadem
430 4112 610 4182 usurpantes
636 4104 671 4164 de
697 4103 818 4164 denario
838 4102 993 4183 inaquam
1017 4104 1165 4182 conjecto.
1203 4104 1308 4183 ltaque
1333 4122 1416 4177 cave,
1441 4104 1537 4166 lector

181 4195 290 4257 hamur
313 4210 411 4255 rerum
435 4192 584 4266 studiose,
609 4191 813 4253 confundaris.
860 4191 1065 4252 Refractionis
1092 4191 1226 4272 vulgaris
1253 4191 1405 4270 negotium
1427 4209 1482 4269 per
1504 4209 1537 4252 sc

180 4283 245 4346 tale
270 4288 333 4355 est,
358 4287 392 4342 ut
415 4280 454 4342 ad
477 4280 507 4341 id
531 4280 697 4341 imminutio
721 4280 935 4342 diametrorum
960 4288 1111 4361 sequatur,
1136 4298 1194 4341 non
1223 4278 1429 4358 amplificatio,
1460 4277 1539 4357 quod

180 4373 330 4435 hactenns
359 4376 442 4430 recte
464 4367 613 4431 Vitellio:
638 4376 693 4430 aut
714 4367 810 4429 sicubi
833 4367 972 4429 diametri
1000 4375 1122 4448 propter
1149 4366 1359 4431 refractionem
1382 4372 1539 4445 augentur,

181 4456 368 4524 econtrario
391 4456 432 4519 ibi
453 4464 485 4518 et
507 4457 670 4519 distantias
695 4455 799 4536 augeri
822 4474 947 4518 necesse
972 4464 1029 4532 est,
1054 4457 1135 4518 utin
1159 4454 1335 4536 quibusdam
1358 4451 1538 4533 perspicillis

182 4549 319 4629 adeoque
350 4552 383 4608 et
410 4546 439 4607 iu
473 4545 596 4608 denario
627 4544 655 4605 in
689 4563 797 4624 aquam
829 4544 986 4623 conjecto,
1017 4543 1043 4606 si
1067 4563 1087 4603 a
1108 4541 1319 4622 perpendiculo
1351 4541 1537 4621 inspiciatur.

181 4637 241 4700 Hic
264 4654 337 4698 vero
361 4633 451 4716 plane
481 4633 662 4697 contrarium
693 4632 805 4694 accidit
827 4633 855 4694 ei
878 4632 976 4707 casui,
1005 4630 1054 4712 qui
1085 4631 1192 4693 existit
1220 4629 1353 4709 projecto
1376 4628 1406 4690 in
1430 4646 1539 4707 aquarn

183 4724 321 4790 decumo.
361 4721 528 4785 Denarium
551 4721 629 4783 enim
653 4721 684 4783 in
709 4720 839 4782 densiori
861 4719 960 4781 medio
984 4726 1154 4780 versantem
1178 4717 1301 4796 inspicis
1324 4724 1358 4778 tn
1381 4734 1418 4776 ex
1442 4713 1539 4776 medio

182 4811 312 4878 rariori:
336 4818 371 4874 at
393 4810 502 4874 stellas
523 4811 553 4873 in
574 4809 680 4872 rariori
704 4809 802 4870 medio
824 4807 957 4870 aetheris
981 4814 1138 4868 versantes
1157 4805 1291 4866 videmus
1310 4823 1365 4865 nos
1385 4822 1423 4864 ex
1443 4801 1539 4864 medio

183 4900 318 4964 densiori
342 4899 433 4963 aeris.
470 4899 577 4980 Itaque
601 4916 668 4960 curn
691 4896 738 4959 hic
753 4895 879 4959 Vitellio
898 4914 936 4957 ex
952 4893 1122 4970 Cleomedc,
1147 4901 1180 4957 et
1201 4911 1240 4955 ex
1261 4891 1308 4954 bis
1332 4891 1384 4953 alii
1406 4907 1539 4962 causam,

184 5007 238 5054 cnr
260 4987 410 5054 interdum
437 4987 547 5052 stallae
577 4984 737 5049 videantur
763 4983 909 5064 majores,
931 4981 1104 5064 explicant:
1135 5000 1193 5044 non
1223 4979 1339 5060 allegat
1365 4986 1481 5054 aerem,
1508 4977 1538 5040 in

237 5087 467 5144 mma.
1296 5079 1329 5134 tt

1305 1157 1314 1184 Ι
