3692 5842
753 469 964 522 cin-cxxv.
1472 473 1533 544 scr

228 651 354 726 tegatur
376 652 411 708 nt
427 645 492 726 jam
515 644 714 708 instrumento
747 647 873 728 tegitur,
908 648 1017 729 quippe
1048 649 1196 728 parallela
1228 652 1380 715 oculorum
1411 653 1537 718 directio

247 733 409 798 naturalis·
421 754 474 818 per
489 735 590 796 LVII.
628 736 744 798 Dexter
767 738 859 816 igitur
884 739 969 818 quasi
993 738 1021 800 in
1048 738 1165 801 visibile
1190 738 1287 818 ipsum
1311 741 1443 804 directus
1469 744 1535 818 erit,

224 842 239 886 e
262 822 292 885 ei
315 822 433 903 species
456 824 702 888 instrumentaria
725 825 861 889 humilior
880 826 944 888 sive
960 826 1050 890 altior
1073 827 1212 889 videatur
1227 828 1328 909 reipsa
1344 848 1398 910 per
1418 832 1535 895 oculum

224 911 332 976 buum
364 911 442 976 visa.
495 912 574 976 Nam
607 933 660 995 per
690 914 789 978 LXll.
825 915 940 977 videbit
976 916 1095 996 quidem
1129 918 1234 978 dexter
1268 918 1371 981 oculus
1405 920 1536 1000 speciem

224 1001 352 1084 pliatam
376 1002 418 1064 rei
442 1001 536 1076 illius,
561 1002 590 1065 in
616 1023 703 1083 quam
727 1024 789 1066 rem
814 1004 957 1085 ipseper
986 1006 1219 1068 associationem
1242 1006 1359 1069 sinistri
1386 1009 1534 1086 dirigitur,
1572 1044 1574 1049 ,

224 1092 311 1154 lnon
336 1090 403 1153 ideo
427 1091 545 1153 videbit
576 1093 657 1154 illam
692 1094 797 1155 eadem
826 1114 945 1174 semper
970 1095 1015 1156 sui
1039 1094 1204 1175 particula,
1238 1115 1296 1176 qua
1319 1097 1364 1159 sui
1388 1098 1538 1179 particula

224 1180 300 1244 ister
322 1199 390 1242 eam
414 1180 506 1242 videt.
1280 1229 1284 1240 .

265 1265 395 1338 Quando
420 1288 491 1349 ergo
515 1268 575 1331 situ
600 1268 774 1349 discrepare
797 1271 977 1333 videbuntur
1001 1270 1132 1350 species,
1158 1272 1238 1333 lente
1263 1292 1398 1336 convexa
1418 1267 1535 1337 'instru-

224 1355 270 1421 nti
293 1357 351 1419 huc
385 1357 456 1421 illuc
489 1366 585 1427 mota,
618 1357 766 1421 interdum
791 1369 822 1420 et
846 1379 980 1422 concava
1012 1360 1101 1438 paulo
1133 1360 1220 1423 aliter
1253 1362 1338 1423 oculo
1372 1363 1535 1444 applicata,

225 1444 266 1510 ile
291 1445 449 1522 efficietur,
473 1456 506 1509 ut
522 1446 640 1526 species
665 1455 791 1529 utraque
815 1450 944 1512 visibilis
969 1450 1102 1529 ejusdem
1126 1450 1204 1511 inter
1223 1470 1255 1511 se
1275 1450 1334 1511 situ
1359 1461 1536 1532 congruant.
1625 1527 1629 1534 ι

224 1553 260 1637 nc
279 1534 385 1685 bigitur
418 1535 578 1616 apparebit
609 1555 751 1598 excessus
784 1538 908 1601 alterius
939 1558 1030 1617 supra
1061 1539 1187 1599 alteram
1216 1538 1378 1620 applicatis
1411 1540 1536 1604 invicem

224 1640 277 1686 ecre
301 1642 347 1685 us.

247 1833 251 1842 ·
304 1819 493 1880 Hactenus
517 1818 560 1880 de
585 1820 832 1881 instrumento
856 1820 1040 1899 simplici:
1070 1822 1242 1900 sequitur
1265 1837 1403 1902 κρυψις.

265 1975 399 2041 CXXV.
452 1976 677 2056 Propositio.
729 1978 833 2040 Posito
867 1997 957 2053 cavo,
991 1978 1048 2039 duo
1072 1998 1206 2041 convexa
1229 1980 1352 2054 similia,
1384 1983 1536 2062 applicata

225 2065 304 2129 icem
333 2066 469 2144 proxime
492 2086 547 2146 pro
578 2085 652 2139 uno,
687 2067 747 2127 lere
779 2065 938 2127 dimidiant
969 2066 1183 2146 longitudinem
1214 2068 1421 2147 instrumenti,
1456 2075 1533 2153 quod

224 2174 279 2218 um
303 2173 504 2217 scavanorum
519 2175 606 2216 unum
627 2157 721 2217 solum
743 2155 850 2228 habet;
875 2163 907 2215 et
926 2155 1012 2216 simul
1033 2157 1232 2236 quantitatem
1252 2161 1363 2237 speciei
1387 2161 1532 2224 minuunt.

264 2241 335 2305 Sint
358 2245 415 2306 duo
441 2263 575 2305 convexa
597 2244 654 2305 ΑΒ
679 2254 710 2304 et
735 2244 788 2306 OD
818 2244 941 2317 similia,
976 2252 1007 2304 et
1030 2254 1164 2307 centrum
1194 2246 1296 2309 circuli
1328 2249 1422 2329 ipsius
1444 2249 1532 2314 ΑΗΒ

242 2331 285 2394 Η.
332 2331 438 2413 Sitque
467 2332 691 2394 semidiameter
719 2332 778 2393 HR
808 2332 923 2394 bisecta
947 2332 976 2392 in
1001 2333 1025 2395 l.

224 2419 281 2484 sito
305 2420 397 2501 igitur
421 2422 507 2483 unico
531 2422 587 2483 AB
612 2440 759 2495 convexo,
785 2429 927 2500 punctum
951 2440 1025 2482 con·
1219 2405 1272 2471 ⁸³8·
1293 2403 1335 2457 ³¹·

224 2529 281 2572 sus
304 2510 364 2572 erit
387 2509 511 2573 circaH
534 2529 586 2590 per
604 2511 758 2573 XXXIX.
798 2510 845 2571 Ac
870 2509 936 2570 ideo
962 2510 1026 2570 lens
1431 2535 1438 2571 r

224 2618 250 2660 'a
274 2618 333 2660 non
357 2598 447 2678 longe
470 2600 552 2661 intra
574 2599 603 2659 ΙΙ
627 2600 767 2678 ponenda
790 2598 847 2660 erit
870 2617 924 2678 per
942 2598 1025 2662 clx.

263 2687 350 2763 Dico,
373 2687 428 2752 CD
446 2688 580 2767 proxime
601 2688 639 2749 ad
655 2688 712 2750 AB
733 2688 897 2767 applicata,
921 2706 1027 2749 cavam

224 2783 289 2840 tem
313 2777 395 2838 intra
418 2777 433 2837 I
457 2776 677 2857 applicandam.
727 2776 758 2836 ld
782 2774 875 2856 probo
900 2776 1025 2856 primum
1093 2765 1110 2811 Δ

224 2865 239 2927 li
263 2866 413 2929 Minerva.
522 2862 524 2866 ’

263 2954 343 3016 Nam
377 2954 448 3036 quia
478 2953 615 3034 paralleli
649 2952 724 3014 radii
754 2952 784 3014 in
812 2952 870 3014 AB
904 2944 1060 3014 refracti‘
1278 2956 1297 2991 n

224 3053 355 3106 rourrunt
370 3043 408 3104 ad
425 3043 455 3104 Η
477 3051 601 3123 propter
620 3041 841 3116 refractionem,
866 3042 1024 3122 intercepti
1178 3049 1192 3084 ⁰

224 3150 267 3195 ur
290 3153 309 3192 a
324 3132 379 3197 OD
404 3131 530 3211 ideoque
555 3130 765 3193 refractionem
790 3129 819 3190 in
841 3128 896 3192 01)
920 3132 1026 3192 iterum

224 3219 260 3282 ssi
283 3222 406 3303 propius
430 3229 616 3283 concurrent.
656 3221 689 3280 ln
705 3218 760 3281 CD
780 3219 858 3279 enim
881 3219 1027 3297 majorem

224 3309 330 3372 duntur
353 3330 442 3390 quarn
466 3310 495 3370 in
519 3310 591 3385 AB,
621 3308 690 3388 quia
719 3307 866 3387 obliquius
890 3307 918 3367 in
943 3308 1026 3368 illam

224 3398 323 3476 idnnt,
358 3400 465 3480 quippe
495 3400 525 3460 in
554 3399 610 3459 AB
644 3396 778 3458 incidunt
809 3396 966 3475 paralleli,
997 3395 1026 3456 iu

224 3490 233 3546 l
259 3489 323 3568 jam
357 3495 584 3566 convergentes.
632 3487 723 3547 Patet
751 3485 820 3546 hinc
850 3503 1025 3547 concursum

224 3575 326 3639 liomm
366 3578 495 3638 futurum
534 3575 657 3655 propius
687 3576 795 3648 multo,
830 3595 865 3636 ac
901 3572 1025 3653 proinde

224 3683 282 3727 ram
311 3668 422 3728 lentem
452 3664 690 3745 appropinquare
722 3663 829 3724 debere
853 3661 927 3743 ipsis
951 3681 1025 3722 cou-

224 3754 262 3816 tis
283 3755 341 3819 AB
367 3762 398 3815 et
422 3753 477 3818 CD
500 3771 553 3832 per
578 3752 661 3816 CIX.
699 3753 901 3814 Reserandam
927 3758 1025 3812 autem

224 3861 245 3903 ae
274 3844 386 3904 lentem
419 3861 524 3903 cavam
558 3843 637 3903 intra
669 3843 682 3902 l
715 3851 873 3921 punctum,
908 3840 986 3921 qnod
1017 3839 1155 3900 dimidiat
1184 3841 1441 3904 semidiametrnm
1472 3839 1532 3903 HR

224 3929 271 3994 ios
293 3930 495 3995 convexitatis
510 3932 577 4006 AB,
602 3939 689 4010 patet
712 3931 790 3992 inde.
830 3930 879 3992 Sit
902 3929 979 3989 enirn
999 3929 1056 4008 ipsi
1076 3929 1121 3991 HI
1145 3928 1285 3992 dimidiae
1309 3929 1447 4010 aequalis
1464 3927 1532 4003 GL,

229 4019 286 4084 bac
310 4019 413 4082 circuli
437 4020 660 4081 semidiametro
683 4020 737 4081 fiat
760 4021 825 4080 lens
843 4020 896 4081 EF
920 4018 1162 4081 convexitatibus
1185 4016 1274 4094 ELF,
1299 4020 1394 4096 EMF,
1420 4027 1452 4081 et
1473 4018 1532 4098 ipsi

224 4104 298 4173 'rsit
322 4109 458 4190 aequalis
484 4106 553 4171 GK.
600 4108 682 4187 Ergo
709 4127 762 4189 per
786 4108 936 4170 LXXIX.
963 4106 987 4167 si
1013 4115 1095 4169 esset
1122 4108 1210 4169 unica
1239 4108 1409 4187 superficies
1433 4106 1529 4182 EMF,

224 4241 227 4250 ·
261 4218 355 4280 aeque
388 4199 503 4259 valeret
536 4197 652 4258 duabus
675 4198 769 4277 ipsius
792 4198 864 4265 AB,
895 4196 1008 4257 faciens
1042 4198 1204 4275 parallelos
1237 4216 1413 4259 concurrere
1438 4196 1468 4257 in
1490 4196 1530 4269 Κ,

224 4287 256 4348 od
284 4306 379 4368 aeque
410 4287 507 4348 distat
534 4286 572 4346 ab
596 4286 648 4347 EF
672 4306 707 4348 ac
731 4287 760 4347 H
788 4305 949 4348 concursus
978 4285 1074 4347 distat
1097 4287 1135 4347 ab
1158 4286 1225 4348 AB.
1273 4286 1367 4366 Atqui
1391 4286 1455 4347 lens
1478 4283 1532 4344 Er

224 4384 269 4438 set
291 4377 368 4437 duas
391 4376 470 4436 tales
498 4374 679 4455 superficies.
726 4374 770 4436 Et
796 4376 876 4436 sicut
904 4375 1059 4453 superficie
1082 4376 1169 4436 ΕΜΓ
1199 4376 1356 4454 complexa
1384 4381 1433 4435 est
1455 4390 1529 4433 con-

224 4464 327 4528 :itates
351 4465 458 4526 ambas
482 4463 575 4542 ipsius
598 4464 665 4536 AB,
690 4464 733 4525 sic
758 4464 911 4544 superficie
935 4464 1032 4524 altera
1051 4462 1132 4526 ELF
1156 4465 1364 4543 complectitur
1387 4458 1529 4524 convexi-

224 4573 258 4618 ω
287 4555 393 4616 ambas
417 4555 446 4615 iu
473 4553 537 4627 CD,
563 4552 671 4631 quippe
694 4552 751 4614 AB
776 4562 807 4614 et
831 4550 887 4614 01)
911 4561 982 4613 sunt
1010 4552 1124 4613 similes
1153 4552 1232 4614 sicut
1260 4562 1291 4614 et
1318 4552 1407 4625 ELF,
1432 4549 1551 4623 EMF„

224 4641 241 4704 1
269 4642 322 4705 EF
354 4643 420 4703 lens
453 4642 600 4720 utrimque
637 4660 771 4702 convexa
800 4642 964 4720 parallelos
996 4660 1170 4703 concurrere
1204 4642 1277 4702 iacit
1304 4641 1333 4701 in
1366 4639 1396 4701 G
1426 4645 1528 4700 centro

224 4731 397 4796 'XXXIX
423 4731 479 4792 hoo
504 4730 603 4791 estin
628 4730 774 4792 distantia
790 4728 856 4803 LG,
883 4750 958 4809 quae
982 4738 1030 4792 est
1054 4730 1148 4810 ipsius
1173 4728 1388 4792 semidiametri
1412 4729 1448 4789 de
1471 4725 1528 4790 AB

224 4819 307 4884 sidia.
345 4820 428 4899 Ergo
452 4828 483 4881 et
506 4819 573 4890 AB,
599 4817 654 4881 OD
679 4821 775 4880 lentes
799 4819 970 4881 associatae
996 4827 1026 4879 et
1050 4819 1208 4899 contiguae
1232 4827 1344 4899 cogunt
1366 4814 1530 4899 parallelos

234 4908 379 4972 distantia
411 4908 534 4970 dimidia
565 4909 652 4989 hujus
686 4907 918 4981 semidiametri,
952 4908 1008 4970 hoc
1034 4915 1083 4969 est
1105 4908 1185 4970 circa
1207 4908 1222 4968 I
1246 4915 1397 4986 punctum.
1446 4904 1532 4969 cava

224 5013 250 5060 ,Ὃ
271 4999 337 5061 lens
368 5016 423 5078 per
451 4996 535 5061 CIX.
566 4998 647 5059 intra
675 5004 818 5077 puuctum
848 5015 1011 5059 concursus
1045 4998 1172 5059 locanda
1202 5004 1264 5072 est,
1298 5015 1369 5076 ergo
1403 4995 1483 5057 intra
1505 4992 1529 5057 1.

231 5099 439 5155 moseum
1286 5096 1319 5152 36
