<?xml version="1.0" encoding="UTF-8"?>
<!DOCTYPE html PUBLIC "-//W3C//DTD XHTML 1.0 Transitional//EN"
    "http://www.w3.org/TR/xhtml1/DTD/xhtml1-transitional.dtd">
<html xmlns="http://www.w3.org/1999/xhtml" xml:lang="en" lang="en">
 <head>
  <title>
</title>
<meta http-equiv="Content-Type" content="text/html;charset=utf-8" />
  <meta name='ocr-system' content='tesseract 3.04.00' />
  <meta name='ocr-capabilities' content='ocr_page ocr_carea ocr_par ocr_line ocrx_word'/>
</head>
<body>
  <div class='ocr_page' id='page_1' title='image "./joanniskepleria01frisgoog/joanniskepleria01frisgoog_0304.png"; bbox 0 0 3692 5842; ppageno 0'>
   <div class='ocr_carea' id='block_1_1' title="bbox 255 460 1119 530">
    <p class='ocr_par' dir='ltr' id='par_1_1' title="bbox 255 460 1119 530">
     <span class='ocr_line' id='line_1_1' title="bbox 255 460 1119 530; baseline -0.014 -2"><span class='ocrx_word' id='word_1_1' title='bbox 255 460 324 530; x_wconf 78' lang='lat'><strong>290</strong></span> <span class='ocrx_word' id='word_1_2' title='bbox 747 465 921 515; x_wconf 71' lang='lat' dir='ltr'><strong>Athonomlae</strong></span> <span class='ocrx_word' id='word_1_3' title='bbox 939 463 1002 516; x_wconf 80' lang='lat' dir='ltr'><strong>Pars</strong></span> <span class='ocrx_word' id='word_1_4' title='bbox 1020 462 1119 530; x_wconf 76' lang='lat' dir='ltr'><strong>Optloa</strong></span> 
     </span>
    </p>
   </div>
   <div class='ocr_carea' id='block_1_2' title="bbox 254 637 1619 1075">
    <p class='ocr_par' dir='ltr' id='par_1_2' title="bbox 254 637 1619 1075">
     <span class='ocr_line' id='line_1_2' title="bbox 256 637 1618 713; baseline 0.005 -18"><span class='ocrx_word' id='word_1_5' title='bbox 256 640 368 696; x_wconf 81' lang='lat' dir='ltr'><strong>nimiam</strong></span> <span class='ocrx_word' id='word_1_6' title='bbox 388 637 609 692; x_wconf 71' lang='lat' dir='ltr'><strong>attenuationem</strong></span> <span class='ocrx_word' id='word_1_7' title='bbox 630 640 677 692; x_wconf 79' lang='lat' dir='ltr'><strong>vel</strong></span> <span class='ocrx_word' id='word_1_8' title='bbox 697 657 751 694; x_wconf 92' lang='lat' dir='ltr'><strong>non</strong></span> <span class='ocrx_word' id='word_1_9' title='bbox 770 639 817 692; x_wconf 81' lang='lat' dir='ltr'><strong>vel</strong></span> <span class='ocrx_word' id='word_1_10' title='bbox 838 642 993 713; x_wconf 74' lang='lat' dir='ltr'>aegerrime</span> <span class='ocrx_word' id='word_1_11' title='bbox 1013 640 1110 695; x_wconf 86' lang='lat' dir='ltr'><strong>sentiri</strong></span> <span class='ocrx_word' id='word_1_12' title='bbox 1130 640 1246 709; x_wconf 86' lang='lat' dir='ltr'><strong>possit.“</strong></span> <span class='ocrx_word' id='word_1_13' title='bbox 1293 639 1379 701; x_wconf 78' lang='lat' dir='ltr'><strong>Haeo</strong></span> <span class='ocrx_word' id='word_1_14' title='bbox 1402 639 1464 703; x_wconf 85' lang='lat' dir='ltr'><strong>ille.</strong></span> <span class='ocrx_word' id='word_1_15' title='bbox 1522 640 1618 702; x_wconf 81' lang='lat' dir='ltr'><strong>Desi-</strong></span> 
     </span>
     <span class='ocr_line' id='line_1_3' title="bbox 257 725 1618 808; baseline -0.001 -18"><span class='ocrx_word' id='word_1_16' title='bbox 257 736 333 791; x_wconf 87' lang='lat' dir='ltr'><strong>nant</strong></span> <span class='ocrx_word' id='word_1_17' title='bbox 356 727 446 804; x_wconf 89' lang='lat' dir='ltr'><strong>igitur</strong></span> <span class='ocrx_word' id='word_1_18' title='bbox 469 725 547 786; x_wconf 91' lang='lat' dir='ltr'><strong>alias</strong></span> <span class='ocrx_word' id='word_1_19' title='bbox 576 746 685 787; x_wconf 83' lang='lat' dir='ltr'>causas</span> <span class='ocrx_word' id='word_1_20' title='bbox 718 745 876 805; x_wconf 89' lang='lat' dir='ltr'><strong>quaerere,</strong></span> <span class='ocrx_word' id='word_1_21' title='bbox 911 748 977 790; x_wconf 88' lang='lat' dir='ltr'><strong>cum</strong></span> <span class='ocrx_word' id='word_1_22' title='bbox 1010 728 1170 807; x_wconf 78' lang='lat' dir='ltr'><strong>genuinam</strong></span> <span class='ocrx_word' id='word_1_23' title='bbox 1201 735 1336 790; x_wconf 89' lang='lat' dir='ltr'><strong>cernant.</strong></span> <span class='ocrx_word' id='word_1_24' title='bbox 1395 726 1516 799; x_wconf 82' lang='lat' dir='ltr'><strong>Quodsi</strong></span> <span class='ocrx_word' id='word_1_25' title='bbox 1549 730 1618 808; x_wconf 89' lang='lat' dir='ltr'><strong>quis</strong></span> 
     </span>
     <span class='ocr_line' id='line_1_4' title="bbox 257 815 1618 895; baseline -0.002 -15"><span class='ocrx_word' id='word_1_26' title='bbox 257 817 378 880; x_wconf 88' lang='lat' dir='ltr'><strong>credere</strong></span> <span class='ocrx_word' id='word_1_27' title='bbox 402 833 460 875; x_wconf 90' lang='lat' dir='ltr'><strong>non</strong></span> <span class='ocrx_word' id='word_1_28' title='bbox 483 822 595 893; x_wconf 83' lang='lat' dir='ltr'><strong>potest</strong></span> <span class='ocrx_word' id='word_1_29' title='bbox 621 825 738 876; x_wconf 88' lang='lat' dir='ltr'><strong>tantam</strong></span> <span class='ocrx_word' id='word_1_30' title='bbox 764 834 830 876; x_wconf 91' lang='lat' dir='ltr'><strong>esse</strong></span> <span class='ocrx_word' id='word_1_31' title='bbox 854 818 914 877; x_wconf 85' lang='lat' dir='ltr'><strong>vim</strong></span> <span class='ocrx_word' id='word_1_32' title='bbox 939 818 1066 887; x_wconf 92' lang='lat' dir='ltr'><strong>luminis,</strong></span> <span class='ocrx_word' id='word_1_33' title='bbox 1091 818 1168 895; x_wconf 92' lang='lat' dir='ltr'><strong>quod</strong></span> <span class='ocrx_word' id='word_1_34' title='bbox 1184 819 1294 878; x_wconf 85' lang='lat' dir='ltr'><strong>Terrae</strong></span> <span class='ocrx_word' id='word_1_35' title='bbox 1314 837 1333 877; x_wconf 88' lang='lat' dir='ltr'><strong>a</strong></span> <span class='ocrx_word' id='word_1_36' title='bbox 1352 815 1426 878; x_wconf 87' lang='lat' dir='ltr'><strong>Sole</strong></span> <span class='ocrx_word' id='word_1_37' title='bbox 1447 817 1618 879; x_wconf 86' lang='lat' dir='ltr'><strong>eommuni-</strong></span> 
     </span>
     <span class='ocr_line' id='line_1_5' title="bbox 258 903 1619 986; baseline -0.001 -17"><span class='ocrx_word' id='word_1_38' title='bbox 258 915 354 978; x_wconf 88' lang='lat' dir='ltr'><strong>catur,</strong></span> <span class='ocrx_word' id='word_1_39' title='bbox 380 903 405 965; x_wconf 90' lang='lat' dir='ltr'><strong>is</strong></span> <span class='ocrx_word' id='word_1_40' title='bbox 430 903 458 963; x_wconf 91' lang='lat' dir='ltr'><strong>in</strong></span> <span class='ocrx_word' id='word_1_41' title='bbox 482 904 755 965; x_wconf 79' lang='lat' dir='ltr'><strong>considerationem</strong></span> <span class='ocrx_word' id='word_1_42' title='bbox 779 905 882 965; x_wconf 88' lang='lat' dir='ltr'><strong>trahat</strong></span> <span class='ocrx_word' id='word_1_43' title='bbox 906 905 1143 984; x_wconf 90' lang='lat' dir='ltr'><strong>experimentum</strong></span> <span class='ocrx_word' id='word_1_44' title='bbox 1167 924 1278 980; x_wconf 88' lang='lat' dir='ltr'><strong>meum,</strong></span> <span class='ocrx_word' id='word_1_45' title='bbox 1302 906 1382 985; x_wconf 91' lang='lat' dir='ltr'><strong>quod</strong></span> <span class='ocrx_word' id='word_1_46' title='bbox 1406 907 1462 970; x_wconf 78' lang='lat' dir='ltr'><strong>n&#39;r.</strong></span> <span class='ocrx_word' id='word_1_47' title='bbox 1487 904 1518 971; x_wconf 88' lang='grc'><strong>9.</strong></span> <span class='ocrx_word' id='word_1_48' title='bbox 1544 925 1619 986; x_wconf 89' lang='lat' dir='ltr'><strong>pro·</strong></span> 
     </span>
     <span class='ocr_line' id='line_1_6' title="bbox 254 992 1619 1075; baseline 0 -19"><span class='ocrx_word' id='word_1_49' title='bbox 254 994 358 1075; x_wconf 92' lang='lat' dir='ltr'><strong>posui:</strong></span> <span class='ocrx_word' id='word_1_50' title='bbox 389 992 440 1055; x_wconf 90' lang='lat' dir='ltr'><strong>ubi</strong></span> <span class='ocrx_word' id='word_1_51' title='bbox 465 992 501 1052; x_wconf 84' lang='lat' dir='ltr'><strong>de</strong></span> <span class='ocrx_word' id='word_1_52' title='bbox 526 1000 587 1053; x_wconf 88' lang='lat' dir='ltr'><strong>tam</strong></span> <span class='ocrx_word' id='word_1_53' title='bbox 621 993 730 1070; x_wconf 87' lang='lat' dir='ltr'><strong>exigua</strong></span> <span class='ocrx_word' id='word_1_54' title='bbox 759 993 895 1071; x_wconf 85' lang='lat' dir='ltr'><strong>portione</strong></span> <span class='ocrx_word' id='word_1_55' title='bbox 919 995 1051 1066; x_wconf 81' lang='lat' dir='ltr'><strong>Terrae,</strong></span> <span class='ocrx_word' id='word_1_56' title='bbox 1085 1013 1160 1073; x_wconf 89' lang='lat' dir='ltr'><strong>quae</strong></span> <span class='ocrx_word' id='word_1_57' title='bbox 1185 995 1235 1056; x_wconf 88' lang='lat' dir='ltr'><strong>vix</strong></span> <span class='ocrx_word' id='word_1_58' title='bbox 1262 992 1301 1057; x_wconf 90' lang='lat'><strong>10</strong></span> <span class='ocrx_word' id='word_1_59' title='bbox 1330 1003 1384 1058; x_wconf 84' lang='lat' dir='ltr'><strong>aut</strong></span> <span class='ocrx_word' id='word_1_60' title='bbox 1409 992 1449 1058; x_wconf 82' lang='lat'><strong>12</strong></span> <span class='ocrx_word' id='word_1_61' title='bbox 1474 996 1619 1058; x_wconf 82' lang='lat' dir='ltr'><strong>milliaria</strong></span> 
     </span>
    </p>
   </div>
   <div class='ocr_carea' id='block_1_3' title="bbox 136 1080 1618 1164">
    <p class='ocr_par' dir='ltr' id='par_1_3' title="bbox 136 1080 1618 1164">
     <span class='ocr_line' id='line_1_7' title="bbox 136 1080 1618 1164; baseline 0 -17"><span class='ocrx_word' id='word_1_62' title='bbox 136 1160 140 1164; x_wconf 66' lang='lat'>‚</span> <span class='ocrx_word' id='word_1_63' title='bbox 252 1083 388 1147; x_wconf 88' lang='lat' dir='ltr'><strong>habebat</strong></span> <span class='ocrx_word' id='word_1_64' title='bbox 410 1081 440 1143; x_wconf 89' lang='lat' dir='ltr'><strong>in</strong></span> <span class='ocrx_word' id='word_1_65' title='bbox 464 1080 621 1153; x_wconf 90' lang='lat' dir='ltr'><strong>diametro,</strong></span> <span class='ocrx_word' id='word_1_66' title='bbox 647 1091 678 1142; x_wconf 89' lang='lat' dir='ltr'><strong>et</strong></span> <span class='ocrx_word' id='word_1_67' title='bbox 701 1082 787 1142; x_wconf 91' lang='lat' dir='ltr'><strong>lineis</strong></span> <span class='ocrx_word' id='word_1_68' title='bbox 812 1082 931 1160; x_wconf 89' lang='lat' dir='ltr'><strong>quidem</strong></span> <span class='ocrx_word' id='word_1_69' title='bbox 954 1101 1142 1162; x_wconf 90' lang='lat' dir='ltr'><strong>nequaquam</strong></span> <span class='ocrx_word' id='word_1_70' title='bbox 1165 1083 1463 1163; x_wconf 85' lang='lat' dir='ltr'><strong>perpendicularibus</strong></span> <span class='ocrx_word' id='word_1_71' title='bbox 1487 1085 1543 1145; x_wconf 88' lang='lat' dir='ltr'><strong>sed</strong></span> <span class='ocrx_word' id='word_1_72' title='bbox 1569 1085 1618 1147; x_wconf 82' lang='lat' dir='ltr'><strong>sel</strong></span> 
     </span>
    </p>
   </div>
   <div class='ocr_carea' id='block_1_4' title="bbox 240 1169 1619 4528">
    <p class='ocr_par' dir='ltr' id='par_1_4' title="bbox 250 1169 1619 2315">
     <span class='ocr_line' id='line_1_8' title="bbox 253 1169 1618 1251; baseline -0.001 -16"><span class='ocrx_word' id='word_1_73' title='bbox 253 1173 372 1251; x_wconf 88' lang='lat' dir='ltr'><strong>oblique</strong></span> <span class='ocrx_word' id='word_1_74' title='bbox 396 1170 445 1230; x_wconf 86' lang='lat' dir='ltr'><strong>vel</strong></span> <span class='ocrx_word' id='word_1_75' title='bbox 468 1170 557 1248; x_wconf 92' lang='lat' dir='ltr'><strong>plane</strong></span> <span class='ocrx_word' id='word_1_76' title='bbox 581 1169 785 1250; x_wconf 89' lang='lat' dir='ltr'><strong>obliquissimc</strong></span> <span class='ocrx_word' id='word_1_77' title='bbox 810 1171 848 1231; x_wconf 92' lang='lat' dir='ltr'><strong>ah</strong></span> <span class='ocrx_word' id='word_1_78' title='bbox 872 1172 1016 1232; x_wconf 79' lang='lat' dir='ltr'><strong>extremis</strong></span> <span class='ocrx_word' id='word_1_79' title='bbox 1040 1171 1176 1250; x_wconf 88' lang='lat' dir='ltr'><strong>partibus</strong></span> <span class='ocrx_word' id='word_1_80' title='bbox 1206 1172 1422 1245; x_wconf 84' lang='lat' dir='ltr'><strong>incidentibus,</strong></span> <span class='ocrx_word' id='word_1_81' title='bbox 1454 1182 1545 1234; x_wconf 77' lang='lat' dir='ltr'><strong>tanta</strong></span> <span class='ocrx_word' id='word_1_82' title='bbox 1570 1174 1618 1234; x_wconf 79' lang='lat' dir='ltr'><strong>vis</strong></span> 
     </span>
     <span class='ocr_line' id='line_1_9' title="bbox 252 1258 1619 1339; baseline -0.001 -14"><span class='ocrx_word' id='word_1_83' title='bbox 252 1260 373 1325; x_wconf 87' lang='lat' dir='ltr'><strong>luminis</strong></span> <span class='ocrx_word' id='word_1_84' title='bbox 397 1276 514 1319; x_wconf 87' lang='lat' dir='ltr'><strong>sursum</strong></span> <span class='ocrx_word' id='word_1_85' title='bbox 537 1258 567 1319; x_wconf 93' lang='lat' dir='ltr'><strong>in</strong></span> <span class='ocrx_word' id='word_1_86' title='bbox 592 1267 724 1320; x_wconf 90' lang='lat' dir='ltr'><strong>montem</strong></span> <span class='ocrx_word' id='word_1_87' title='bbox 748 1258 868 1320; x_wconf 88' lang='lat' dir='ltr'><strong>vibrata</strong></span> <span class='ocrx_word' id='word_1_88' title='bbox 891 1262 957 1321; x_wconf 88' lang='lat' dir='ltr'><strong>thit.</strong></span> <span class='ocrx_word' id='word_1_89' title='bbox 1004 1259 1047 1321; x_wconf 85' lang='lat' dir='ltr'><strong>Et</strong></span> <span class='ocrx_word' id='word_1_90' title='bbox 1069 1260 1140 1339; x_wconf 91' lang='lat' dir='ltr'><strong>quid</strong></span> <span class='ocrx_word' id='word_1_91' title='bbox 1163 1279 1221 1321; x_wconf 91' lang='lat' dir='ltr'><strong>non</strong></span> <span class='ocrx_word' id='word_1_92' title='bbox 1250 1260 1349 1339; x_wconf 81' lang='lat' dir='ltr'><strong>possit</strong></span> <span class='ocrx_word' id='word_1_93' title='bbox 1370 1261 1449 1332; x_wconf 83' lang='lat' dir='ltr'><strong>lieri,</strong></span> <span class='ocrx_word' id='word_1_94' title='bbox 1477 1264 1575 1323; x_wconf 86' lang='lat' dir='ltr'><strong>radiis</strong></span> <span class='ocrx_word' id='word_1_95' title='bbox 1599 1282 1619 1322; x_wconf 81' lang='lat' dir='ltr'><strong>a</strong></span> 
     </span>
     <span class='ocr_line' id='line_1_10' title="bbox 250 1347 1617 1426; baseline 0 -13"><span class='ocrx_word' id='word_1_96' title='bbox 250 1360 318 1413; x_wconf 87' lang='lat' dir='ltr'><strong>tota</strong></span> <span class='ocrx_word' id='word_1_97' title='bbox 341 1358 440 1410; x_wconf 90' lang='lat' dir='ltr'><strong>terrae</strong></span> <span class='ocrx_word' id='word_1_98' title='bbox 464 1347 613 1425; x_wconf 87' lang='lat' dir='ltr'><strong>marisque</strong></span> <span class='ocrx_word' id='word_1_99' title='bbox 639 1347 716 1407; x_wconf 83' lang='lat' dir='ltr'><strong>facie</strong></span> <span class='ocrx_word' id='word_1_100' title='bbox 740 1349 897 1409; x_wconf 75' lang='lat' dir='ltr'><strong>confertim</strong></span> <span class='ocrx_word' id='word_1_101' title='bbox 928 1357 961 1408; x_wconf 91' lang='lat' dir='ltr'><strong>et</strong></span> <span class='ocrx_word' id='word_1_102' title='bbox 988 1348 1274 1426; x_wconf 79' lang='lat' dir='ltr'><strong>perpendiculariter</strong></span> <span class='ocrx_word' id='word_1_103' title='bbox 1302 1350 1504 1412; x_wconf 87' lang='lat' dir='ltr'><strong>exeuntibus?</strong></span> <span class='ocrx_word' id='word_1_104' title='bbox 1535 1348 1617 1421; x_wconf 84' lang='lat' dir='ltr'><strong>Quin</strong></span> 
     </span>
     <span class='ocr_line' id='line_1_11' title="bbox 251 1435 1616 1517; baseline -0.001 -17"><span class='ocrx_word' id='word_1_105' title='bbox 251 1439 309 1501; x_wconf 89' lang='lat' dir='ltr'><strong>hoc</strong></span> <span class='ocrx_word' id='word_1_106' title='bbox 332 1435 464 1517; x_wconf 89' lang='lat' dir='ltr'><strong>quotidie</strong></span> <span class='ocrx_word' id='word_1_107' title='bbox 488 1435 616 1496; x_wconf 82' lang='lat' dir='ltr'><strong>maxime</strong></span> <span class='ocrx_word' id='word_1_108' title='bbox 641 1437 766 1496; x_wconf 89' lang='lat' dir='ltr'><strong>aestivis</strong></span> <span class='ocrx_word' id='word_1_109' title='bbox 791 1436 896 1497; x_wconf 89' lang='lat' dir='ltr'><strong>diebus</strong></span> <span class='ocrx_word' id='word_1_110' title='bbox 919 1438 950 1498; x_wconf 92' lang='lat' dir='ltr'><strong>in</strong></span> <span class='ocrx_word' id='word_1_111' title='bbox 974 1437 1077 1498; x_wconf 90' lang='lat' dir='ltr'><strong>oculos</strong></span> <span class='ocrx_word' id='word_1_112' title='bbox 1102 1438 1238 1509; x_wconf 89' lang='lat' dir='ltr'><strong>incurrit,</strong></span> <span class='ocrx_word' id='word_1_113' title='bbox 1265 1446 1379 1517; x_wconf 88' lang='lat' dir='ltr'><strong>quanta</strong></span> <span class='ocrx_word' id='word_1_114' title='bbox 1402 1438 1463 1501; x_wconf 89' lang='lat' dir='ltr'><strong>diei</strong></span> <span class='ocrx_word' id='word_1_115' title='bbox 1487 1439 1616 1501; x_wconf 79' lang='lat' dir='ltr'><strong>claritas</strong></span> 
     </span>
     <span class='ocr_line' id='line_1_12' title="bbox 253 1523 1616 1602; baseline 0 -13"><span class='ocrx_word' id='word_1_116' title='bbox 253 1528 382 1600; x_wconf 87' lang='lat' dir='ltr'><strong>existat,</strong></span> <span class='ocrx_word' id='word_1_117' title='bbox 406 1523 478 1586; x_wconf 90' lang='lat' dir='ltr'><strong>Sole</strong></span> <span class='ocrx_word' id='word_1_118' title='bbox 504 1525 613 1585; x_wconf 89' lang='lat' dir='ltr'><strong>Terras</strong></span> <span class='ocrx_word' id='word_1_119' title='bbox 642 1525 763 1586; x_wconf 90' lang='lat' dir='ltr'><strong>rectiori</strong></span> <span class='ocrx_word' id='word_1_120' title='bbox 791 1526 899 1602; x_wconf 84' lang='lat' dir='ltr'><strong>angulo</strong></span> <span class='ocrx_word' id='word_1_121' title='bbox 930 1526 1064 1588; x_wconf 87' lang='lat' dir='ltr'><strong>feriente.</strong></span> <span class='ocrx_word' id='word_1_122' title='bbox 1110 1526 1190 1588; x_wconf 79' lang='lat' dir='ltr'><strong>Nam</strong></span> <span class='ocrx_word' id='word_1_123' title='bbox 1214 1527 1308 1588; x_wconf 88' lang='lat' dir='ltr'><strong>Terra</strong></span> <span class='ocrx_word' id='word_1_124' title='bbox 1336 1527 1500 1589; x_wconf 84' lang='lat' dir='ltr'><strong>revibratis</strong></span> <span class='ocrx_word' id='word_1_125' title='bbox 1530 1528 1616 1589; x_wconf 92' lang='lat' dir='ltr'><strong>orbi-</strong></span> 
     </span>
     <span class='ocr_line' id='line_1_13' title="bbox 253 1612 1618 1693; baseline -0.001 -15"><span class='ocrx_word' id='word_1_126' title='bbox 253 1615 394 1678; x_wconf 90' lang='lat' dir='ltr'><strong>culariter</strong></span> <span class='ocrx_word' id='word_1_127' title='bbox 417 1612 499 1675; x_wconf 89' lang='lat' dir='ltr'><strong>Solis</strong></span> <span class='ocrx_word' id='word_1_128' title='bbox 523 1614 615 1674; x_wconf 89' lang='lat' dir='ltr'><strong>radiis</strong></span> <span class='ocrx_word' id='word_1_129' title='bbox 639 1615 768 1692; x_wconf 91' lang='lat' dir='ltr'><strong>undique</strong></span> <span class='ocrx_word' id='word_1_130' title='bbox 794 1615 822 1674; x_wconf 92' lang='lat' dir='ltr'><strong>in</strong></span> <span class='ocrx_word' id='word_1_131' title='bbox 847 1621 947 1675; x_wconf 71' lang='lat' dir='ltr'><strong>aerem</strong></span> <span class='ocrx_word' id='word_1_132' title='bbox 971 1614 1106 1675; x_wconf 90' lang='lat' dir='ltr'><strong>omnibus</strong></span> <span class='ocrx_word' id='word_1_133' title='bbox 1130 1614 1192 1676; x_wconf 91' lang='lat' dir='ltr'><strong>suis</strong></span> <span class='ocrx_word' id='word_1_134' title='bbox 1217 1613 1354 1693; x_wconf 89' lang='lat' dir='ltr'><strong>partibus</strong></span> <span class='ocrx_word' id='word_1_135' title='bbox 1378 1623 1497 1677; x_wconf 81' lang='lat' dir='ltr'><strong>tantum</strong></span> <span class='ocrx_word' id='word_1_136' title='bbox 1522 1617 1618 1678; x_wconf 83' lang='lat' dir='ltr'><strong>efficit</strong></span> 
     </span>
     <span class='ocr_line' id='line_1_14' title="bbox 252 1702 1616 1786; baseline 0 -20"><span class='ocrx_word' id='word_1_137' title='bbox 252 1704 457 1785; x_wconf 82' lang='lat' dir='ltr'><strong>splendorem,</strong></span> <span class='ocrx_word' id='word_1_138' title='bbox 493 1709 526 1762; x_wconf 90' lang='lat' dir='ltr'><strong>nt</strong></span> <span class='ocrx_word' id='word_1_139' title='bbox 558 1702 634 1762; x_wconf 88' lang='lat' dir='ltr'><strong>oculi</strong></span> <span class='ocrx_word' id='word_1_140' title='bbox 668 1704 859 1764; x_wconf 84' lang='lat' dir='ltr'><strong>conniveant.</strong></span> <span class='ocrx_word' id='word_1_141' title='bbox 909 1702 1059 1764; x_wconf 84' lang='lat' dir='ltr'><strong>Desinant</strong></span> <span class='ocrx_word' id='word_1_142' title='bbox 1091 1703 1182 1781; x_wconf 89' lang='lat' dir='ltr'><strong>igitur</strong></span> <span class='ocrx_word' id='word_1_143' title='bbox 1210 1703 1401 1786; x_wconf 86' lang='lat' dir='ltr'><strong>peripatetici</strong></span> <span class='ocrx_word' id='word_1_144' title='bbox 1433 1724 1616 1766; x_wconf 84' lang='lat' dir='ltr'><strong>succensere</strong></span> 
     </span>
     <span class='ocr_line' id='line_1_15' title="bbox 252 1790 1615 1873; baseline -0.001 -19"><span class='ocrx_word' id='word_1_145' title='bbox 252 1792 433 1862; x_wconf 88' lang='lat' dir='ltr'><strong>Plutarcho,</strong></span> <span class='ocrx_word' id='word_1_146' title='bbox 462 1791 541 1870; x_wconf 89' lang='lat' dir='ltr'><strong>quod</strong></span> <span class='ocrx_word' id='word_1_147' title='bbox 565 1791 689 1854; x_wconf 85' lang='lat' dir='ltr'><strong>Terram</strong></span> <span class='ocrx_word' id='word_1_148' title='bbox 712 1790 737 1851; x_wconf 91' lang='lat' dir='ltr'><strong>is</strong></span> <span class='ocrx_word' id='word_1_149' title='bbox 762 1792 790 1852; x_wconf 93' lang='lat' dir='ltr'><strong>in</strong></span> <span class='ocrx_word' id='word_1_150' title='bbox 814 1792 930 1852; x_wconf 89' lang='lat' dir='ltr'><strong>coelum</strong></span> <span class='ocrx_word' id='word_1_151' title='bbox 958 1792 1107 1863; x_wconf 89' lang='lat' dir='ltr'><strong>intulerit,</strong></span> <span class='ocrx_word' id='word_1_152' title='bbox 1131 1792 1187 1852; x_wconf 91' lang='lat' dir='ltr'><strong>hoc</strong></span> <span class='ocrx_word' id='word_1_153' title='bbox 1211 1802 1260 1853; x_wconf 90' lang='lat' dir='ltr'><strong>est</strong></span> <span class='ocrx_word' id='word_1_154' title='bbox 1282 1793 1387 1854; x_wconf 91' lang='lat' dir='ltr'><strong>Lunae</strong></span> <span class='ocrx_word' id='word_1_155' title='bbox 1414 1811 1524 1873; x_wconf 87' lang='lat' dir='ltr'><strong>corpus</strong></span> <span class='ocrx_word' id='word_1_156' title='bbox 1550 1802 1615 1854; x_wconf 87' lang='lat' dir='ltr'><strong>ter·</strong></span> 
     </span>
     <span class='ocr_line' id='line_1_16' title="bbox 254 1878 1615 1962; baseline -0.001 -18"><span class='ocrx_word' id='word_1_157' title='bbox 254 1890 352 1944; x_wconf 89' lang='lat' dir='ltr'><strong>restre</strong></span> <span class='ocrx_word' id='word_1_158' title='bbox 377 1899 445 1942; x_wconf 90' lang='lat' dir='ltr'><strong>esse</strong></span> <span class='ocrx_word' id='word_1_159' title='bbox 469 1879 591 1940; x_wconf 87' lang='lat' dir='ltr'><strong>tradat:</strong></span> <span class='ocrx_word' id='word_1_160' title='bbox 622 1898 687 1941; x_wconf 90' lang='lat' dir='ltr'><strong>cum</strong></span> <span class='ocrx_word' id='word_1_161' title='bbox 711 1880 835 1941; x_wconf 87' lang='lat' dir='ltr'><strong>videant</strong></span> <span class='ocrx_word' id='word_1_162' title='bbox 858 1878 1035 1941; x_wconf 87' lang='lat' dir='ltr'><strong>certissimis</strong></span> <span class='ocrx_word' id='word_1_163' title='bbox 1063 1881 1277 1959; x_wconf 82' lang='lat' dir='ltr'><strong>experimentis</strong></span> <span class='ocrx_word' id='word_1_164' title='bbox 1300 1890 1456 1957; x_wconf 85' lang='lat' dir='ltr'><strong>constare,</strong></span> <span class='ocrx_word' id='word_1_165' title='bbox 1482 1882 1562 1962; x_wconf 90' lang='lat' dir='ltr'><strong>quod</strong></span> <span class='ocrx_word' id='word_1_166' title='bbox 1586 1883 1615 1943; x_wconf 88' lang='lat' dir='ltr'><strong>in</strong></span> 
     </span>
     <span class='ocr_line' id='line_1_17' title="bbox 254 1966 1614 2047; baseline -0.001 -13"><span class='ocrx_word' id='word_1_167' title='bbox 254 1970 330 2034; x_wconf 89' lang='lat' dir='ltr'><strong>lucis</strong></span> <span class='ocrx_word' id='word_1_168' title='bbox 354 1966 550 2043; x_wconf 87' lang='lat' dir='ltr'><strong>consortium,</strong></span> <span class='ocrx_word' id='word_1_169' title='bbox 576 1970 694 2047; x_wconf 89' lang='lat' dir='ltr'><strong>qualem</strong></span> <span class='ocrx_word' id='word_1_170' title='bbox 719 1969 838 2047; x_wconf 89' lang='lat' dir='ltr'><strong>quidem</strong></span> <span class='ocrx_word' id='word_1_171' title='bbox 861 1969 949 2029; x_wconf 89' lang='lat' dir='ltr'><strong>Luna</strong></span> <span class='ocrx_word' id='word_1_172' title='bbox 972 1969 1102 2044; x_wconf 90' lang='lat' dir='ltr'><strong>obtinet,</strong></span> <span class='ocrx_word' id='word_1_173' title='bbox 1131 1969 1205 2030; x_wconf 87' lang='lat' dir='ltr'><strong>haec</strong></span> <span class='ocrx_word' id='word_1_174' title='bbox 1233 1977 1339 2031; x_wconf 89' lang='lat' dir='ltr'><strong>nostra</strong></span> <span class='ocrx_word' id='word_1_175' title='bbox 1361 1970 1458 2032; x_wconf 87' lang='lat' dir='ltr'><strong>Terra</strong></span> <span class='ocrx_word' id='word_1_176' title='bbox 1484 1972 1614 2033; x_wconf 81' lang='lat' dir='ltr'><strong>venerit</strong></span> 
     </span>
     <span class='ocr_line' id='line_1_18' title="bbox 255 2057 1615 2139; baseline 0 -18"><span class='ocrx_word' id='word_1_177' title='bbox 255 2060 389 2121; x_wconf 89' lang='lat' dir='ltr'><strong>Tandem</strong></span> <span class='ocrx_word' id='word_1_178' title='bbox 414 2076 495 2126; x_wconf 90' lang='lat' dir='ltr'><strong>vero,</strong></span> <span class='ocrx_word' id='word_1_179' title='bbox 519 2057 568 2118; x_wconf 87' lang='lat' dir='ltr'><strong>uhi</strong></span> <span class='ocrx_word' id='word_1_180' title='bbox 591 2057 786 2129; x_wconf 85' lang='lat' dir='ltr'><strong>Plutarchus,</strong></span> <span class='ocrx_word' id='word_1_181' title='bbox 811 2057 860 2118; x_wconf 90' lang='lat' dir='ltr'><strong>uhi</strong></span> <span class='ocrx_word' id='word_1_182' title='bbox 885 2058 1066 2119; x_wconf 88' lang='lat' dir='ltr'><strong>Maestlinus</strong></span> <span class='ocrx_word' id='word_1_183' title='bbox 1095 2058 1199 2137; x_wconf 86' lang='lat' dir='ltr'><strong>aequis</strong></span> <span class='ocrx_word' id='word_1_184' title='bbox 1222 2058 1252 2118; x_wconf 92' lang='lat' dir='ltr'><strong>in</strong></span> <span class='ocrx_word' id='word_1_185' title='bbox 1275 2057 1468 2139; x_wconf 86' lang='lat' dir='ltr'><strong>philosophia</strong></span> <span class='ocrx_word' id='word_1_186' title='bbox 1491 2060 1615 2121; x_wconf 86' lang='lat' dir='ltr'><strong>auribus</strong></span> 
     </span>
     <span class='ocr_line' id='line_1_19' title="bbox 255 2143 1614 2229; baseline 0.001 -19"><span class='ocrx_word' id='word_1_187' title='bbox 255 2149 365 2210; x_wconf 86' lang='lat' dir='ltr'><strong>fuerint</strong></span> <span class='ocrx_word' id='word_1_188' title='bbox 396 2145 534 2224; x_wconf 89' lang='lat' dir='ltr'><strong>accepti:</strong></span> <span class='ocrx_word' id='word_1_189' title='bbox 570 2154 632 2206; x_wconf 90' lang='lat' dir='ltr'><strong>turn</strong></span> <span class='ocrx_word' id='word_1_190' title='bbox 662 2146 738 2206; x_wconf 89' lang='lat' dir='ltr'><strong>bene</strong></span> <span class='ocrx_word' id='word_1_191' title='bbox 761 2146 960 2208; x_wconf 87' lang='lat' dir='ltr'><strong>Aristarchus</strong></span> <span class='ocrx_word' id='word_1_192' title='bbox 991 2165 1057 2207; x_wconf 89' lang='lat' dir='ltr'><strong>curn</strong></span> <span class='ocrx_word' id='word_1_193' title='bbox 1082 2143 1249 2225; x_wconf 85' lang='lat' dir='ltr'><strong>Copemico</strong></span> <span class='ocrx_word' id='word_1_194' title='bbox 1272 2166 1326 2209; x_wconf 89' lang='lat' dir='ltr'><strong>suo</strong></span> <span class='ocrx_word' id='word_1_195' title='bbox 1360 2147 1509 2229; x_wconf 90' lang='lat' dir='ltr'><strong>discipulo</strong></span> <span class='ocrx_word' id='word_1_196' title='bbox 1541 2168 1614 2229; x_wconf 85' lang='lat' dir='ltr'><strong>spe-</strong></span> 
     </span>
     <span class='ocr_line' id='line_1_20' title="bbox 253 2235 480 2315; baseline -0.026 -15"><span class='ocrx_word' id='word_1_197' title='bbox 253 2256 321 2300; x_wconf 85' lang='lat' dir='ltr'><strong>rare</strong></span> <span class='ocrx_word' id='word_1_198' title='bbox 345 2235 480 2315; x_wconf 88' lang='lat' dir='ltr'><strong>incipiat.</strong></span> 
     </span>
    </p>

    <p class='ocr_par' dir='ltr' id='par_1_5' title="bbox 248 2318 1614 3111">
     <span class='ocr_line' id='line_1_21' title="bbox 342 2318 1614 2402; baseline 0.002 -17"><span class='ocrx_word' id='word_1_199' title='bbox 342 2323 499 2386; x_wconf 88' lang='lat' dir='ltr'><strong>Cornelius</strong></span> <span class='ocrx_word' id='word_1_200' title='bbox 525 2319 654 2383; x_wconf 90' lang='lat' dir='ltr'><strong>Gemma</strong></span> <span class='ocrx_word' id='word_1_201' title='bbox 677 2318 909 2384; x_wconf 86' lang='lat' dir='ltr'><strong>Cosmocritices</strong></span> <span class='ocrx_word' id='word_1_202' title='bbox 933 2322 984 2382; x_wconf 91' lang='lat' dir='ltr'><strong>lib.</strong></span> <span class='ocrx_word' id='word_1_203' title='bbox 1009 2323 1035 2384; x_wconf 93' lang='lat' dir='ltr'><strong>l.</strong></span> <span class='ocrx_word' id='word_1_204' title='bbox 1061 2340 1126 2401; x_wconf 87' lang='lat' dir='ltr'><strong>cap.</strong></span> <span class='ocrx_word' id='word_1_205' title='bbox 1150 2319 1181 2385; x_wconf 82' lang='lat'><strong>8.</strong></span> <span class='ocrx_word' id='word_1_206' title='bbox 1217 2323 1331 2402; x_wconf 86' lang='lat' dir='ltr'><strong>allegat</strong></span> <span class='ocrx_word' id='word_1_207' title='bbox 1353 2322 1553 2388; x_wconf 85' lang='lat' dir='ltr'><strong>Plutarchum</strong></span> <span class='ocrx_word' id='word_1_208' title='bbox 1576 2347 1614 2388; x_wconf 88' lang='lat' dir='ltr'><strong>ex</strong></span> 
     </span>
     <span class='ocr_line' id='line_1_22' title="bbox 249 2408 1613 2497; baseline -0.001 -20"><span class='ocrx_word' id='word_1_209' title='bbox 249 2414 352 2479; x_wconf 89' lang='lat' dir='ltr'><strong>libello</strong></span> <span class='ocrx_word' id='word_1_210' title='bbox 376 2412 413 2473; x_wconf 90' lang='lat' dir='ltr'><strong>de</strong></span> <span class='ocrx_word' id='word_1_211' title='bbox 437 2411 533 2490; x_wconf 89' lang='lat' dir='ltr'><strong>gloria</strong></span> <span class='ocrx_word' id='word_1_212' title='bbox 546 2408 788 2482; x_wconf 90' lang='lat' dir='ltr'><strong>Atheniensium,</strong></span> <span class='ocrx_word' id='word_1_213' title='bbox 814 2410 842 2469; x_wconf 92' lang='lat' dir='ltr'><strong>in</strong></span> <span class='ocrx_word' id='word_1_214' title='bbox 867 2429 923 2491; x_wconf 90' lang='lat' dir='ltr'><strong>quo</strong></span> <span class='ocrx_word' id='word_1_215' title='bbox 948 2411 992 2471; x_wconf 82' lang='lat' dir='ltr'><strong>ait</strong></span> <span class='ocrx_word' id='word_1_216' title='bbox 1013 2411 1098 2472; x_wconf 89' lang='lat' dir='ltr'><strong>illum</strong></span> <span class='ocrx_word' id='word_1_217' title='bbox 1121 2411 1252 2472; x_wconf 88' lang='lat' dir='ltr'><strong>scribere</strong></span> <span class='ocrx_word' id='word_1_218' title='bbox 1277 2431 1334 2493; x_wconf 92' lang='lat' dir='ltr'><strong>quo</strong></span> <span class='ocrx_word' id='word_1_219' title='bbox 1359 2422 1495 2497; x_wconf 90' lang='lat' dir='ltr'><strong>tempore</strong></span> <span class='ocrx_word' id='word_1_220' title='bbox 1519 2436 1613 2496; x_wconf 88' lang='lat' dir='ltr'><strong>supe·</strong></span> 
     </span>
     <span class='ocr_line' id='line_1_23' title="bbox 249 2497 1612 2578; baseline 0 -13"><span class='ocrx_word' id='word_1_221' title='bbox 249 2505 344 2566; x_wconf 88' lang='lat' dir='ltr'><strong>riores</strong></span> <span class='ocrx_word' id='word_1_222' title='bbox 368 2501 479 2562; x_wconf 82' lang='lat' dir='ltr'><strong>fuerint</strong></span> <span class='ocrx_word' id='word_1_223' title='bbox 503 2497 614 2561; x_wconf 88' lang='lat' dir='ltr'><strong>Graeci</strong></span> <span class='ocrx_word' id='word_1_224' title='bbox 638 2499 717 2578; x_wconf 89' lang='lat' dir='ltr'><strong>apud</strong></span> <span class='ocrx_word' id='word_1_225' title='bbox 736 2500 953 2577; x_wconf 86' lang='lat' dir='ltr'><strong>Famagustam</strong></span> <span class='ocrx_word' id='word_1_226' title='bbox 979 2498 1178 2573; x_wconf 87' lang='lat' dir='ltr'><strong>(Salaminem</strong></span> <span class='ocrx_word' id='word_1_227' title='bbox 1202 2508 1274 2578; x_wconf 90' lang='lat' dir='ltr'><strong>puto</strong></span> <span class='ocrx_word' id='word_1_228' title='bbox 1299 2501 1399 2564; x_wconf 90' lang='lat' dir='ltr'><strong>dicere</strong></span> <span class='ocrx_word' id='word_1_229' title='bbox 1423 2504 1531 2578; x_wconf 90' lang='lat' dir='ltr'><strong>voluit,</strong></span> <span class='ocrx_word' id='word_1_230' title='bbox 1555 2525 1612 2566; x_wconf 90' lang='lat' dir='ltr'><strong>non</strong></span> 
     </span>
     <span class='ocr_line' id='line_1_24' title="bbox 251 2588 1613 2675; baseline 0 -20"><span class='ocrx_word' id='word_1_231' title='bbox 251 2591 344 2675; x_wconf 84' lang='lat' dir='ltr'><strong>Cypri</strong></span> <span class='ocrx_word' id='word_1_232' title='bbox 368 2590 487 2664; x_wconf 90' lang='lat' dir='ltr'><strong>urbem,</strong></span> <span class='ocrx_word' id='word_1_233' title='bbox 516 2588 571 2648; x_wconf 93' lang='lat' dir='ltr'><strong>sed</strong></span> <span class='ocrx_word' id='word_1_234' title='bbox 593 2588 721 2649; x_wconf 90' lang='lat' dir='ltr'><strong>insulam</strong></span> <span class='ocrx_word' id='word_1_235' title='bbox 745 2588 828 2648; x_wconf 90' lang='lat' dir='ltr'><strong>sinus</strong></span> <span class='ocrx_word' id='word_1_236' title='bbox 852 2588 964 2661; x_wconf 82' lang='lat' dir='ltr'><strong>Attici)</strong></span> <span class='ocrx_word' id='word_1_237' title='bbox 998 2588 1076 2669; x_wconf 89' lang='lat' dir='ltr'><strong>qnod</strong></span> <span class='ocrx_word' id='word_1_238' title='bbox 1100 2589 1188 2649; x_wconf 89' lang='lat' dir='ltr'><strong>Luna</strong></span> <span class='ocrx_word' id='word_1_239' title='bbox 1211 2589 1309 2650; x_wconf 88' lang='lat' dir='ltr'><strong>adhuc</strong></span> <span class='ocrx_word' id='word_1_240' title='bbox 1337 2592 1463 2671; x_wconf 88' lang='lat' dir='ltr'><strong>gracilis</strong></span> <span class='ocrx_word' id='word_1_241' title='bbox 1489 2592 1613 2672; x_wconf 83' lang='lat' dir='ltr'><strong>impleta</strong></span> 
     </span>
     <span class='ocr_line' id='line_1_25' title="bbox 249 2676 1611 2755; baseline -0.001 -11"><span class='ocrx_word' id='word_1_242' title='bbox 249 2681 341 2744; x_wconf 79' lang='lat' dir='ltr'><strong>fuerit</strong></span> <span class='ocrx_word' id='word_1_243' title='bbox 371 2697 495 2741; x_wconf 86' lang='lat' dir='ltr'><strong>accessu</strong></span> <span class='ocrx_word' id='word_1_244' title='bbox 524 2676 643 2738; x_wconf 89' lang='lat' dir='ltr'><strong>luminis</strong></span> <span class='ocrx_word' id='word_1_245' title='bbox 676 2676 841 2755; x_wconf 89' lang='lat' dir='ltr'><strong>repentino.</strong></span> <span class='ocrx_word' id='word_1_246' title='bbox 889 2677 924 2737; x_wconf 94' lang='lat' dir='ltr'><strong>ld</strong></span> <span class='ocrx_word' id='word_1_247' title='bbox 952 2677 1075 2738; x_wconf 88' lang='lat' dir='ltr'><strong>tametsi</strong></span> <span class='ocrx_word' id='word_1_248' title='bbox 1108 2677 1188 2738; x_wconf 90' lang='lat' dir='ltr'><strong>dicto</strong></span> <span class='ocrx_word' id='word_1_249' title='bbox 1225 2676 1326 2740; x_wconf 90' lang='lat' dir='ltr'><strong>libello</strong></span> <span class='ocrx_word' id='word_1_250' title='bbox 1360 2681 1489 2743; x_wconf 89' lang='lat' dir='ltr'><strong>totidem</strong></span> <span class='ocrx_word' id='word_1_251' title='bbox 1512 2682 1611 2743; x_wconf 80' lang='lat' dir='ltr'><strong>verbis</strong></span> 
     </span>
     <span class='ocr_line' id='line_1_26' title="bbox 250 2764 1612 2848; baseline 0 -16"><span class='ocrx_word' id='word_1_252' title='bbox 250 2789 308 2833; x_wconf 89' lang='lat' dir='ltr'><strong>non</strong></span> <span class='ocrx_word' id='word_1_253' title='bbox 347 2769 470 2830; x_wconf 84' lang='lat' dir='ltr'><strong>effertur</strong></span> <span class='ocrx_word' id='word_1_254' title='bbox 508 2766 598 2839; x_wconf 89' lang='lat' dir='ltr'><strong>(haec</strong></span> <span class='ocrx_word' id='word_1_255' title='bbox 632 2765 711 2825; x_wconf 88' lang='lat' dir='ltr'><strong>enim</strong></span> <span class='ocrx_word' id='word_1_256' title='bbox 743 2774 814 2826; x_wconf 89' lang='lat' dir='ltr'><strong>sunt</strong></span> <span class='ocrx_word' id='word_1_257' title='bbox 832 2764 991 2848; x_wconf 87' lang='lat' dir='ltr'><strong>Plutarchi</strong></span> <span class='ocrx_word' id='word_1_258' title='bbox 1020 2766 1128 2826; x_wconf 85' lang='lat' dir='ltr'><strong>verba:</strong></span> <span class='ocrx_word' id='word_1_259' title='bbox 1157 2787 1271 2826; x_wconf 69' lang='grc' dir='ltr'><strong>νικωσιν</strong></span> <span class='ocrx_word' id='word_1_260' title='bbox 1301 2766 1475 2848; x_wconf 68' lang='grc' dir='ltr'><strong>ἐπιλαμψη</strong></span> <span class='ocrx_word' id='word_1_261' title='bbox 1497 2766 1515 2848; x_wconf 75' lang='grc' dir='ltr'><em>ἡ</em></span> <span class='ocrx_word' id='word_1_262' title='bbox 1538 2774 1612 2841; x_wconf 69' lang='lat' dir='ltr'><strong>deor</strong></span> 
     </span>
     <span class='ocr_line' id='line_1_27' title="bbox 248 2852 1610 2934; baseline 0 -12"><span class='ocrx_word' id='word_1_263' title='bbox 248 2858 454 2932; x_wconf 63' lang='lat' dir='ltr'><strong>ametimos),</strong></span> <span class='ocrx_word' id='word_1_264' title='bbox 477 2863 579 2915; x_wconf 90' lang='lat' dir='ltr'><strong>tamen</strong></span> <span class='ocrx_word' id='word_1_265' title='bbox 603 2853 631 2914; x_wconf 91' lang='lat' dir='ltr'><strong>si</strong></span> <span class='ocrx_word' id='word_1_266' title='bbox 654 2854 724 2932; x_wconf 90' lang='lat' dir='ltr'><strong>quid</strong></span> <span class='ocrx_word' id='word_1_267' title='bbox 749 2854 825 2914; x_wconf 83' lang='lat' dir='ltr'><strong>sorte</strong></span> <span class='ocrx_word' id='word_1_268' title='bbox 851 2855 911 2913; x_wconf 88' lang='lat' dir='ltr'><strong>tale</strong></span> <span class='ocrx_word' id='word_1_269' title='bbox 938 2852 1065 2915; x_wconf 89' lang='lat' dir='ltr'><strong>Gemma</strong></span> <span class='ocrx_word' id='word_1_270' title='bbox 1099 2855 1127 2915; x_wconf 91' lang='lat' dir='ltr'><strong>in</strong></span> <span class='ocrx_word' id='word_1_271' title='bbox 1151 2855 1211 2915; x_wconf 91' lang='lat' dir='ltr'><strong>alio</strong></span> <span class='ocrx_word' id='word_1_272' title='bbox 1243 2856 1317 2933; x_wconf 86' lang='lat' dir='ltr'><strong>legit</strong></span> <span class='ocrx_word' id='word_1_273' title='bbox 1340 2867 1481 2934; x_wconf 89' lang='lat' dir='ltr'><strong>auctore,</strong></span> <span class='ocrx_word' id='word_1_274' title='bbox 1515 2859 1547 2920; x_wconf 91' lang='lat' dir='ltr'><strong>id</strong></span> <span class='ocrx_word' id='word_1_275' title='bbox 1575 2860 1610 2921; x_wconf 85' lang='lat' dir='ltr'><strong>de</strong></span> 
     </span>
     <span class='ocr_line' id='line_1_28' title="bbox 248 2943 1611 3028; baseline 0.001 -18"><span class='ocrx_word' id='word_1_276' title='bbox 248 2948 305 3010; x_wconf 90' lang='lat' dir='ltr'><strong>hoc</strong></span> <span class='ocrx_word' id='word_1_277' title='bbox 320 2948 425 3008; x_wconf 89' lang='lat' dir='ltr'><strong>Lunae</strong></span> <span class='ocrx_word' id='word_1_278' title='bbox 450 2943 569 3015; x_wconf 89' lang='lat' dir='ltr'><strong>lumine,</strong></span> <span class='ocrx_word' id='word_1_279' title='bbox 596 2943 674 3022; x_wconf 93' lang='lat' dir='ltr'><strong>quod</strong></span> <span class='ocrx_word' id='word_1_280' title='bbox 698 2943 1001 3016; x_wconf 88' lang='lat' dir='ltr'><strong>aTerramutuatur,</strong></span> <span class='ocrx_word' id='word_1_281' title='bbox 1027 2943 1232 3021; x_wconf 88' lang='lat' dir='ltr'><strong>accipiendum</strong></span> <span class='ocrx_word' id='word_1_282' title='bbox 1256 2956 1319 3008; x_wconf 85' lang='lat' dir='ltr'><strong>est:</strong></span> <span class='ocrx_word' id='word_1_283' title='bbox 1345 2948 1392 3009; x_wconf 91' lang='lat' dir='ltr'><strong>cui</strong></span> <span class='ocrx_word' id='word_1_284' title='bbox 1416 2948 1513 3028; x_wconf 85' lang='lat' dir='ltr'><strong>major</strong></span> <span class='ocrx_word' id='word_1_285' title='bbox 1529 2949 1611 3028; x_wconf 78' lang='lat' dir='ltr'><strong>rigor</strong></span> 
     </span>
     <span class='ocr_line' id='line_1_29' title="bbox 249 3031 1250 3111; baseline -0.006 -13"><span class='ocrx_word' id='word_1_286' title='bbox 249 3037 288 3098; x_wconf 82' lang='lat' dir='ltr'><strong>ab</strong></span> <span class='ocrx_word' id='word_1_287' title='bbox 313 3044 438 3095; x_wconf 88' lang='lat' dir='ltr'><strong>externa</strong></span> <span class='ocrx_word' id='word_1_288' title='bbox 462 3033 563 3111; x_wconf 88' lang='lat' dir='ltr'><strong>aliqua</strong></span> <span class='ocrx_word' id='word_1_289' title='bbox 587 3039 618 3091; x_wconf 88' lang='lat' dir='ltr'><strong>et</strong></span> <span class='ocrx_word' id='word_1_290' title='bbox 641 3031 810 3091; x_wconf 86' lang='lat' dir='ltr'><strong>adventitia</strong></span> <span class='ocrx_word' id='word_1_291' title='bbox 833 3051 925 3091; x_wconf 84' lang='lat' dir='ltr'><strong>causa</strong></span> <span class='ocrx_word' id='word_1_292' title='bbox 950 3032 1039 3091; x_wconf 88' lang='lat' dir='ltr'><strong>fuerit</strong></span> <span class='ocrx_word' id='word_1_293' title='bbox 1062 3031 1250 3093; x_wconf 89' lang='lat' dir='ltr'><strong>conciliatus.</strong></span> 
     </span>
    </p>

    <p class='ocr_par' dir='ltr' id='par_1_6' title="bbox 244 3119 1610 4176">
     <span class='ocr_line' id='line_1_30' title="bbox 337 3119 1610 3205; baseline 0.003 -21"><span class='ocrx_word' id='word_1_294' title='bbox 337 3125 430 3184; x_wconf 90' lang='lat' dir='ltr'><strong>Porro</strong></span> <span class='ocrx_word' id='word_1_295' title='bbox 465 3122 519 3181; x_wconf 90' lang='lat' dir='ltr'><strong>hoc</strong></span> <span class='ocrx_word' id='word_1_296' title='bbox 553 3119 688 3199; x_wconf 89' lang='lat' dir='ltr'><strong>quamvis</strong></span> <span class='ocrx_word' id='word_1_297' title='bbox 722 3120 804 3179; x_wconf 90' lang='lat' dir='ltr'><strong>tenui</strong></span> <span class='ocrx_word' id='word_1_298' title='bbox 836 3119 944 3180; x_wconf 88' lang='lat' dir='ltr'><strong>lumine</strong></span> <span class='ocrx_word' id='word_1_299' title='bbox 978 3139 1037 3180; x_wconf 93' lang='lat' dir='ltr'><strong>non</strong></span> <span class='ocrx_word' id='word_1_300' title='bbox 1072 3120 1210 3197; x_wconf 88' lang='lat' dir='ltr'><strong>exiguam</strong></span> <span class='ocrx_word' id='word_1_301' title='bbox 1244 3132 1352 3183; x_wconf 90' lang='lat' dir='ltr'><strong>natura</strong></span> <span class='ocrx_word' id='word_1_302' title='bbox 1374 3125 1509 3201; x_wconf 83' lang='lat' dir='ltr'><strong>gratiam</strong></span> <span class='ocrx_word' id='word_1_303' title='bbox 1535 3126 1610 3205; x_wconf 89' lang='lat' dir='ltr'><strong>apud</strong></span> 
     </span>
     <span class='ocr_line' id='line_1_31' title="bbox 248 3209 1610 3292; baseline -0.001 -17"><span class='ocrx_word' id='word_1_304' title='bbox 248 3223 440 3276; x_wconf 84' lang='lat' dir='ltr'><strong>astronomos</strong></span> <span class='ocrx_word' id='word_1_305' title='bbox 464 3209 544 3282; x_wconf 90' lang='lat' dir='ltr'><strong>iniit,</strong></span> <span class='ocrx_word' id='word_1_306' title='bbox 580 3210 649 3270; x_wconf 90' lang='lat' dir='ltr'><strong>dum</strong></span> <span class='ocrx_word' id='word_1_307' title='bbox 673 3216 738 3268; x_wconf 92' lang='lat' dir='ltr'><strong>toto</strong></span> <span class='ocrx_word' id='word_1_308' title='bbox 763 3227 886 3286; x_wconf 87' lang='lat' dir='ltr'><strong>corpore</strong></span> <span class='ocrx_word' id='word_1_309' title='bbox 920 3209 1082 3287; x_wconf 89' lang='lat' dir='ltr'><strong>conspicua</strong></span> <span class='ocrx_word' id='word_1_310' title='bbox 1113 3228 1170 3269; x_wconf 89' lang='lat' dir='ltr'><strong>non</strong></span> <span class='ocrx_word' id='word_1_311' title='bbox 1195 3217 1297 3270; x_wconf 88' lang='lat' dir='ltr'><strong>tamen</strong></span> <span class='ocrx_word' id='word_1_312' title='bbox 1322 3213 1476 3292; x_wconf 82' lang='lat' dir='ltr'><strong>extinguit</strong></span> <span class='ocrx_word' id='word_1_313' title='bbox 1501 3216 1610 3276; x_wconf 88' lang='lat' dir='ltr'><strong>lumina</strong></span> 
     </span>
     <span class='ocr_line' id='line_1_32' title="bbox 248 3297 1609 3381; baseline 0 -17"><span class='ocrx_word' id='word_1_314' title='bbox 248 3304 373 3364; x_wconf 83' lang='lat' dir='ltr'><strong>fixarum</strong></span> <span class='ocrx_word' id='word_1_315' title='bbox 398 3319 472 3379; x_wconf 88' lang='lat' dir='ltr'><strong>quas</strong></span> <span class='ocrx_word' id='word_1_316' title='bbox 491 3298 624 3377; x_wconf 89' lang='lat' dir='ltr'><strong>proxime</strong></span> <span class='ocrx_word' id='word_1_317' title='bbox 650 3297 790 3374; x_wconf 88' lang='lat' dir='ltr'><strong>attingit:</strong></span> <span class='ocrx_word' id='word_1_318' title='bbox 826 3298 959 3375; x_wconf 86' lang='lat' dir='ltr'><strong>adeoque</strong></span> <span class='ocrx_word' id='word_1_319' title='bbox 983 3317 1041 3358; x_wconf 91' lang='lat' dir='ltr'><strong>uon</strong></span> <span class='ocrx_word' id='word_1_320' title='bbox 1066 3298 1159 3357; x_wconf 90' lang='lat' dir='ltr'><strong>semel</strong></span> <span class='ocrx_word' id='word_1_321' title='bbox 1184 3297 1265 3357; x_wconf 88' lang='lat' dir='ltr'><strong>illam</strong></span> <span class='ocrx_word' id='word_1_322' title='bbox 1290 3300 1450 3363; x_wconf 77' lang='lat' dir='ltr'><strong>observavi</strong></span> <span class='ocrx_word' id='word_1_323' title='bbox 1477 3305 1609 3381; x_wconf 87' lang='lat' dir='ltr'><strong>proxime</strong></span> 
     </span>
     <span class='ocr_line' id='line_1_33' title="bbox 247 3386 1608 3462; baseline -0.001 -10"><span class='ocrx_word' id='word_1_324' title='bbox 247 3391 390 3452; x_wconf 89' lang='lat' dir='ltr'><strong>Pleiadas</strong></span> <span class='ocrx_word' id='word_1_325' title='bbox 410 3396 553 3454; x_wconf 88' lang='lat' dir='ltr'><strong>stantem,</strong></span> <span class='ocrx_word' id='word_1_326' title='bbox 579 3395 612 3445; x_wconf 90' lang='lat' dir='ltr'><strong>ut</strong></span> <span class='ocrx_word' id='word_1_327' title='bbox 636 3405 693 3444; x_wconf 93' lang='lat' dir='ltr'><strong>non</strong></span> <span class='ocrx_word' id='word_1_328' title='bbox 718 3387 838 3462; x_wconf 86' lang='lat' dir='ltr'><strong>integra</strong></span> <span class='ocrx_word' id='word_1_329' title='bbox 861 3386 1006 3445; x_wconf 89' lang='lat' dir='ltr'><strong>diametro</strong></span> <span class='ocrx_word' id='word_1_330' title='bbox 1031 3386 1162 3457; x_wconf 85' lang='lat' dir='ltr'><strong>abesset,</strong></span> <span class='ocrx_word' id='word_1_331' title='bbox 1188 3387 1451 3450; x_wconf 86' lang='lat' dir='ltr'><strong>intermicantibus</strong></span> <span class='ocrx_word' id='word_1_332' title='bbox 1467 3392 1608 3453; x_wconf 88' lang='lat' dir='ltr'><strong>distincte</strong></span> 
     </span>
     <span class='ocr_line' id='line_1_34' title="bbox 246 3474 1608 3552; baseline -0.001 -10"><span class='ocrx_word' id='word_1_333' title='bbox 246 3480 384 3542; x_wconf 89' lang='lat' dir='ltr'><strong>omnibus</strong></span> <span class='ocrx_word' id='word_1_334' title='bbox 409 3477 538 3537; x_wconf 88' lang='lat' dir='ltr'><strong>stellulis</strong></span> <span class='ocrx_word' id='word_1_335' title='bbox 562 3475 727 3535; x_wconf 89' lang='lat' dir='ltr'><strong>Pleiadum.</strong></span> <span class='ocrx_word' id='word_1_336' title='bbox 778 3475 819 3534; x_wconf 89' lang='lat' dir='ltr'><strong>Ut</strong></span> <span class='ocrx_word' id='word_1_337' title='bbox 852 3482 969 3533; x_wconf 87' lang='lat' dir='ltr'><strong>taceam</strong></span> <span class='ocrx_word' id='word_1_338' title='bbox 1001 3475 1078 3552; x_wconf 88' lang='lat' dir='ltr'><strong>quod</strong></span> <span class='ocrx_word' id='word_1_339' title='bbox 1108 3474 1286 3535; x_wconf 85' lang='lat' dir='ltr'><strong>diametrum</strong></span> <span class='ocrx_word' id='word_1_340' title='bbox 1320 3485 1389 3538; x_wconf 89' lang='lat' dir='ltr'><strong>tunc</strong></span> <span class='ocrx_word' id='word_1_341' title='bbox 1423 3482 1608 3542; x_wconf 86' lang='lat' dir='ltr'><strong>metiendam</strong></span> 
     </span>
     <span class='ocr_line' id='line_1_35' title="bbox 245 3563 1607 3648; baseline 0.001 -19"><span class='ocrx_word' id='word_1_342' title='bbox 245 3587 334 3648; x_wconf 93' lang='lat' dir='ltr'><strong>quam</strong></span> <span class='ocrx_word' id='word_1_343' title='bbox 359 3565 526 3629; x_wconf 87' lang='lat' dir='ltr'><strong>rectissime</strong></span> <span class='ocrx_word' id='word_1_344' title='bbox 551 3582 606 3624; x_wconf 90' lang='lat' dir='ltr'><strong>nec</strong></span> <span class='ocrx_word' id='word_1_345' title='bbox 630 3582 686 3623; x_wconf 91' lang='lat' dir='ltr'><strong>uno</strong></span> <span class='ocrx_word' id='word_1_346' title='bbox 712 3563 799 3622; x_wconf 91' lang='lat' dir='ltr'><strong>modo</strong></span> <span class='ocrx_word' id='word_1_347' title='bbox 824 3563 1038 3622; x_wconf 85' lang='lat' dir='ltr'><strong>accommodet.</strong></span> <span class='ocrx_word' id='word_1_348' title='bbox 1087 3563 1192 3641; x_wconf 89' lang='lat' dir='ltr'><strong>ltaque</strong></span> <span class='ocrx_word' id='word_1_349' title='bbox 1228 3564 1307 3623; x_wconf 84' lang='lat' dir='ltr'><strong>infra</strong></span> <span class='ocrx_word' id='word_1_350' title='bbox 1339 3566 1367 3626; x_wconf 90' lang='lat' dir='ltr'><strong>in</strong></span> <span class='ocrx_word' id='word_1_351' title='bbox 1403 3567 1607 3647; x_wconf 85' lang='lat' dir='ltr'><strong>disputatione</strong></span> 
     </span>
     <span class='ocr_line' id='line_1_36' title="bbox 247 3650 1607 3733; baseline -0.001 -15"><span class='ocrx_word' id='word_1_352' title='bbox 247 3657 285 3718; x_wconf 94' lang='lat' dir='ltr'><strong>de</strong></span> <span class='ocrx_word' id='word_1_353' title='bbox 308 3658 414 3718; x_wconf 91' lang='lat' dir='ltr'><strong>Lunae</strong></span> <span class='ocrx_word' id='word_1_354' title='bbox 446 3653 594 3714; x_wconf 88' lang='lat' dir='ltr'><strong>diametro</strong></span> <span class='ocrx_word' id='word_1_355' title='bbox 627 3671 693 3712; x_wconf 90' lang='lat' dir='ltr'><strong>cum</strong></span> <span class='ocrx_word' id='word_1_356' title='bbox 718 3670 755 3710; x_wconf 84' lang='lat' dir='ltr'><strong>ex</strong></span> <span class='ocrx_word' id='word_1_357' title='bbox 783 3652 838 3710; x_wconf 91' lang='lat' dir='ltr'><strong>hoc</strong></span> <span class='ocrx_word' id='word_1_358' title='bbox 864 3650 928 3710; x_wconf 93' lang='lat' dir='ltr'><strong>loco</strong></span> <span class='ocrx_word' id='word_1_359' title='bbox 953 3660 1015 3710; x_wconf 88' lang='lat' dir='ltr'><strong>tum</strong></span> <span class='ocrx_word' id='word_1_360' title='bbox 1040 3671 1077 3710; x_wconf 85' lang='lat' dir='ltr'><strong>ex</strong></span> <span class='ocrx_word' id='word_1_361' title='bbox 1101 3652 1296 3729; x_wconf 89' lang='lat' dir='ltr'><strong>praecedeuti</strong></span> <span class='ocrx_word' id='word_1_362' title='bbox 1325 3656 1425 3733; x_wconf 87' lang='lat' dir='ltr'><strong>capite</strong></span> <span class='ocrx_word' id='word_1_363' title='bbox 1462 3658 1500 3717; x_wconf 90' lang='lat' dir='ltr'><strong>de</strong></span> <span class='ocrx_word' id='word_1_364' title='bbox 1524 3659 1607 3718; x_wconf 91' lang='lat' dir='ltr'><strong>oculo</strong></span> 
     </span>
     <span class='ocr_line' id='line_1_37' title="bbox 247 3738 1607 3826; baseline 0.001 -20"><span class='ocrx_word' id='word_1_365' title='bbox 247 3745 395 3824; x_wconf 90' lang='lat' dir='ltr'><strong>capienda</strong></span> <span class='ocrx_word' id='word_1_366' title='bbox 428 3752 498 3803; x_wconf 89' lang='lat' dir='ltr'><strong>sunt</strong></span> <span class='ocrx_word' id='word_1_367' title='bbox 531 3748 718 3820; x_wconf 89' lang='lat' dir='ltr'><strong>argumenta.</strong></span> <span class='ocrx_word' id='word_1_368' title='bbox 772 3738 947 3800; x_wconf 80' lang='lat' dir='ltr'><strong>Clarissimo</strong></span> <span class='ocrx_word' id='word_1_369' title='bbox 981 3758 1122 3817; x_wconf 88' lang='lat' dir='ltr'><strong>namque,</strong></span> <span class='ocrx_word' id='word_1_370' title='bbox 1157 3752 1190 3800; x_wconf 93' lang='lat' dir='ltr'><strong>ut</strong></span> <span class='ocrx_word' id='word_1_371' title='bbox 1220 3750 1251 3799; x_wconf 87' lang='lat' dir='ltr'><strong>et</strong></span> <span class='ocrx_word' id='word_1_372' title='bbox 1278 3745 1475 3820; x_wconf 87' lang='lat' dir='ltr'><strong>praecedenti</strong></span> <span class='ocrx_word' id='word_1_373' title='bbox 1510 3747 1607 3826; x_wconf 85' lang='lat' dir='ltr'><strong>capite</strong></span> 
     </span>
     <span class='ocr_line' id='line_1_38' title="bbox 246 3827 1607 3917; baseline 0.002 -24"><span class='ocrx_word' id='word_1_374' title='bbox 246 3832 369 3907; x_wconf 86' lang='lat' dir='ltr'><strong>dictum,</strong></span> <span class='ocrx_word' id='word_1_375' title='bbox 396 3850 486 3892; x_wconf 88' lang='lat' dir='ltr'><strong>cornu</strong></span> <span class='ocrx_word' id='word_1_376' title='bbox 511 3829 619 3890; x_wconf 90' lang='lat' dir='ltr'><strong>aSole</strong></span> <span class='ocrx_word' id='word_1_377' title='bbox 644 3830 825 3890; x_wconf 88' lang='lat' dir='ltr'><strong>illustratum</strong></span> <span class='ocrx_word' id='word_1_378' title='bbox 850 3827 993 3906; x_wconf 85' lang='lat' dir='ltr'><strong>majorem</strong></span> <span class='ocrx_word' id='word_1_379' title='bbox 1018 3836 1159 3889; x_wconf 88' lang='lat' dir='ltr'><strong>censetur</strong></span> <span class='ocrx_word' id='word_1_380' title='bbox 1183 3827 1328 3892; x_wconf 89' lang='lat' dir='ltr'><strong>ambitum</strong></span> <span class='ocrx_word' id='word_1_381' title='bbox 1352 3831 1496 3896; x_wconf 86' lang='lat' dir='ltr'><strong>inchoare</strong></span> <span class='ocrx_word' id='word_1_382' title='bbox 1522 3854 1607 3917; x_wconf 84' lang='lat' dir='ltr'><strong>quam</strong></span> 
     </span>
     <span class='ocr_line' id='line_1_39' title="bbox 246 3916 1605 4001; baseline 0.001 -19"><span class='ocrx_word' id='word_1_383' title='bbox 246 3921 385 3982; x_wconf 90' lang='lat' dir='ltr'><strong>circellus</strong></span> <span class='ocrx_word' id='word_1_384' title='bbox 418 3919 469 3979; x_wconf 92' lang='lat' dir='ltr'><strong>ille</strong></span> <span class='ocrx_word' id='word_1_385' title='bbox 502 3917 607 3997; x_wconf 86' lang='lat' dir='ltr'><strong>reliqui</strong></span> <span class='ocrx_word' id='word_1_386' title='bbox 640 3917 731 3989; x_wconf 90' lang='lat' dir='ltr'><strong>disci,</strong></span> <span class='ocrx_word' id='word_1_387' title='bbox 766 3918 848 3996; x_wconf 89' lang='lat' dir='ltr'><strong>cujus</strong></span> <span class='ocrx_word' id='word_1_388' title='bbox 881 3937 900 3976; x_wconf 92' lang='lat' dir='ltr'><strong>a</strong></span> <span class='ocrx_word' id='word_1_389' title='bbox 923 3916 1017 3977; x_wconf 88' lang='lat' dir='ltr'><strong>Terra</strong></span> <span class='ocrx_word' id='word_1_390' title='bbox 1045 3917 1096 3976; x_wconf 90' lang='lat' dir='ltr'><strong>lux</strong></span> <span class='ocrx_word' id='word_1_391' title='bbox 1126 3926 1174 3976; x_wconf 89' lang='lat' dir='ltr'><strong>est</strong></span> <span class='ocrx_word' id='word_1_392' title='bbox 1205 3928 1355 3994; x_wconf 87' lang='lat' dir='ltr'><strong>mutuata,</strong></span> <span class='ocrx_word' id='word_1_393' title='bbox 1385 3924 1605 4001; x_wconf 89' lang='lat' dir='ltr'><strong>complectitor.</strong></span> 
     </span>
     <span class='ocr_line' id='line_1_40' title="bbox 244 4002 1607 4088; baseline 0.002 -18"><span class='ocrx_word' id='word_1_394' title='bbox 244 4009 353 4088; x_wconf 88' lang='lat' dir='ltr'><strong>ltaque</strong></span> <span class='ocrx_word' id='word_1_395' title='bbox 378 4007 530 4068; x_wconf 88' lang='lat' dir='ltr'><strong>continere</strong></span> <span class='ocrx_word' id='word_1_396' title='bbox 554 4006 671 4065; x_wconf 89' lang='lat' dir='ltr'><strong>videtur</strong></span> <span class='ocrx_word' id='word_1_397' title='bbox 701 4006 828 4066; x_wconf 90' lang='lat' dir='ltr'><strong>circulus</strong></span> <span class='ocrx_word' id='word_1_398' title='bbox 854 4004 929 4065; x_wconf 92' lang='lat' dir='ltr'><strong>lucis</strong></span> <span class='ocrx_word' id='word_1_399' title='bbox 954 4023 991 4064; x_wconf 85' lang='lat' dir='ltr'><strong>ex</strong></span> <span class='ocrx_word' id='word_1_400' title='bbox 1016 4002 1087 4064; x_wconf 90' lang='lat' dir='ltr'><strong>Sole</strong></span> <span class='ocrx_word' id='word_1_401' title='bbox 1111 4004 1254 4066; x_wconf 89' lang='lat' dir='ltr'><strong>circulum</strong></span> <span class='ocrx_word' id='word_1_402' title='bbox 1278 4008 1354 4070; x_wconf 89' lang='lat' dir='ltr'><strong>lucis</strong></span> <span class='ocrx_word' id='word_1_403' title='bbox 1379 4029 1418 4072; x_wconf 87' lang='lat' dir='ltr'><strong>ex</strong></span> <span class='ocrx_word' id='word_1_404' title='bbox 1441 4011 1549 4084; x_wconf 86' lang='lat' dir='ltr'><strong>Terra,</strong></span> <span class='ocrx_word' id='word_1_405' title='bbox 1572 4030 1607 4073; x_wconf 81' lang='lat' dir='ltr'><strong>ex</strong></span> 
     </span>
     <span class='ocr_line' id='line_1_41' title="bbox 244 4096 606 4176; baseline -0.019 -17"><span class='ocrx_word' id='word_1_406' title='bbox 244 4098 343 4159; x_wconf 85' lang='lat' dir='ltr'><strong>altera</strong></span> <span class='ocrx_word' id='word_1_407' title='bbox 367 4096 485 4176; x_wconf 88' lang='lat' dir='ltr'><strong>quidem</strong></span> <span class='ocrx_word' id='word_1_408' title='bbox 509 4104 606 4172; x_wconf 91' lang='lat' dir='ltr'><strong>parte.</strong></span> 
     </span>
    </p>

    <p class='ocr_par' dir='ltr' id='par_1_7' title="bbox 240 4180 1605 4528">
     <span class='ocr_line' id='line_1_42' title="bbox 333 4180 1605 4273; baseline 0.008 -28"><span class='ocrx_word' id='word_1_409' title='bbox 333 4186 489 4246; x_wconf 88' lang='lat' dir='ltr'><strong>Hactenus</strong></span> <span class='ocrx_word' id='word_1_410' title='bbox 513 4181 606 4259; x_wconf 88' lang='lat' dir='ltr'><strong>igitur</strong></span> <span class='ocrx_word' id='word_1_411' title='bbox 620 4181 707 4242; x_wconf 90' lang='lat' dir='ltr'><strong>Luna</strong></span> <span class='ocrx_word' id='word_1_412' title='bbox 730 4199 787 4241; x_wconf 90' lang='lat' dir='ltr'><strong>non</strong></span> <span class='ocrx_word' id='word_1_413' title='bbox 812 4188 929 4241; x_wconf 87' lang='lat' dir='ltr'><strong>tantum</strong></span> <span class='ocrx_word' id='word_1_414' title='bbox 954 4181 1064 4241; x_wconf 86' lang='lat' dir='ltr'><strong>nullam</strong></span> <span class='ocrx_word' id='word_1_415' title='bbox 1082 4180 1176 4242; x_wconf 90' lang='lat' dir='ltr'><strong>lucem</strong></span> <span class='ocrx_word' id='word_1_416' title='bbox 1192 4183 1335 4255; x_wconf 86' lang='lat' dir='ltr'><strong>ostendit,</strong></span> <span class='ocrx_word' id='word_1_417' title='bbox 1361 4204 1452 4266; x_wconf 87' lang='lat' dir='ltr'><strong>qnam</strong></span> <span class='ocrx_word' id='word_1_418' title='bbox 1472 4191 1605 4273; x_wconf 86' lang='lat' dir='ltr'><strong>sibiipsi</strong></span> 
     </span>
     <span class='ocr_line' id='line_1_43' title="bbox 242 4270 1605 4359; baseline 0.004 -22"><span class='ocrx_word' id='word_1_419' title='bbox 242 4283 399 4353; x_wconf 84' lang='lat' dir='ltr'><strong>acceptam</strong></span> <span class='ocrx_word' id='word_1_420' title='bbox 425 4272 528 4342; x_wconf 88' lang='lat' dir='ltr'><strong>ferret,</strong></span> <span class='ocrx_word' id='word_1_421' title='bbox 552 4271 605 4330; x_wconf 89' lang='lat' dir='ltr'><strong>sed</strong></span> <span class='ocrx_word' id='word_1_422' title='bbox 630 4271 721 4330; x_wconf 90' lang='lat' dir='ltr'><strong>etiam</strong></span> <span class='ocrx_word' id='word_1_423' title='bbox 746 4270 906 4330; x_wconf 90' lang='lat' dir='ltr'><strong>densitatis</strong></span> <span class='ocrx_word' id='word_1_424' title='bbox 930 4278 961 4329; x_wconf 90' lang='lat' dir='ltr'><strong>et</strong></span> <span class='ocrx_word' id='word_1_425' title='bbox 976 4270 1139 4347; x_wconf 88' lang='lat' dir='ltr'><strong>opacitatis</strong></span> <span class='ocrx_word' id='word_1_426' title='bbox 1164 4279 1212 4330; x_wconf 90' lang='lat' dir='ltr'><strong>est</strong></span> <span class='ocrx_word' id='word_1_427' title='bbox 1226 4274 1375 4336; x_wconf 84' lang='lat' dir='ltr'><strong>convicta.</strong></span> <span class='ocrx_word' id='word_1_428' title='bbox 1410 4275 1605 4359; x_wconf 85' lang='lat' dir='ltr'><strong>Suspiciones</strong></span> 
     </span>
     <span class='ocr_line' id='line_1_44' title="bbox 240 4358 1603 4452; baseline 0.007 -31"><span class='ocrx_word' id='word_1_429' title='bbox 240 4382 313 4424; x_wconf 86' lang='lat' dir='ltr'><strong>vero</strong></span> <span class='ocrx_word' id='word_1_430' title='bbox 338 4363 375 4422; x_wconf 89' lang='lat' dir='ltr'><strong>de</strong></span> <span class='ocrx_word' id='word_1_431' title='bbox 399 4362 464 4421; x_wconf 90' lang='lat' dir='ltr'><strong>luce</strong></span> <span class='ocrx_word' id='word_1_432' title='bbox 490 4359 519 4419; x_wconf 93' lang='lat' dir='ltr'><strong>in</strong></span> <span class='ocrx_word' id='word_1_433' title='bbox 545 4360 689 4419; x_wconf 87' lang='lat' dir='ltr'><strong>totalibus</strong></span> <span class='ocrx_word' id='word_1_434' title='bbox 717 4359 779 4419; x_wconf 91' lang='lat' dir='ltr'><strong>suis</strong></span> <span class='ocrx_word' id='word_1_435' title='bbox 810 4359 949 4437; x_wconf 79' lang='lat' dir='ltr'><strong>deliquiis</strong></span> <span class='ocrx_word' id='word_1_436' title='bbox 979 4358 1056 4417; x_wconf 84' lang='lat' dir='ltr'><strong>infra</strong></span> <span class='ocrx_word' id='word_1_437' title='bbox 1080 4358 1210 4431; x_wconf 85' lang='lat' dir='ltr'><strong>diluam,</strong></span> <span class='ocrx_word' id='word_1_438' title='bbox 1236 4362 1285 4421; x_wconf 89' lang='lat' dir='ltr'><strong>ubi</strong></span> <span class='ocrx_word' id='word_1_439' title='bbox 1311 4363 1347 4423; x_wconf 90' lang='lat' dir='ltr'><strong>de</strong></span> <span class='ocrx_word' id='word_1_440' title='bbox 1372 4366 1481 4430; x_wconf 89' lang='lat' dir='ltr'><strong>umbra</strong></span> <span class='ocrx_word' id='word_1_441' title='bbox 1506 4390 1603 4452; x_wconf 89' lang='lat' dir='ltr'><strong>egero.</strong></span> 
     </span>
     <span class='ocr_line' id='line_1_45' title="bbox 241 4444 1397 4528; baseline 0.001 -14"><span class='ocrx_word' id='word_1_442' title='bbox 241 4448 429 4514; x_wconf 86' lang='lat' dir='ltr'><strong>Ostensurus</strong></span> <span class='ocrx_word' id='word_1_443' title='bbox 454 4466 581 4527; x_wconf 86' lang='lat' dir='ltr'><strong>namque</strong></span> <span class='ocrx_word' id='word_1_444' title='bbox 606 4467 671 4507; x_wconf 89' lang='lat' dir='ltr'><strong>sum</strong></span> <span class='ocrx_word' id='word_1_445' title='bbox 695 4447 770 4507; x_wconf 90' lang='lat' dir='ltr'><strong>hanc</strong></span> <span class='ocrx_word' id='word_1_446' title='bbox 795 4466 910 4528; x_wconf 88' lang='lat' dir='ltr'><strong>quoque</strong></span> <span class='ocrx_word' id='word_1_447' title='bbox 936 4444 1123 4525; x_wconf 88' lang='lat' dir='ltr'><strong>potissimum</strong></span> <span class='ocrx_word' id='word_1_448' title='bbox 1147 4466 1165 4506; x_wconf 90' lang='lat' dir='ltr'><strong>a</strong></span> <span class='ocrx_word' id='word_1_449' title='bbox 1189 4447 1260 4509; x_wconf 90' lang='lat' dir='ltr'><strong>Sole</strong></span> <span class='ocrx_word' id='word_1_450' title='bbox 1285 4453 1397 4516; x_wconf 81' lang='lat' dir='ltr'><strong>venire.</strong></span> 
     </span>
    </p>
   </div>
   <div class='ocr_carea' id='block_1_5' title="bbox 521 4586 1326 4667">
    <p class='ocr_par' dir='ltr' id='par_1_8' title="bbox 521 4586 1326 4667">
     <span class='ocr_line' id='line_1_46' title="bbox 521 4586 1326 4667; baseline 0.006 -19"><span class='ocrx_word' id='word_1_451' title='bbox 521 4586 572 4648; x_wconf 82' lang='lat'><strong>11.</strong></span> <span class='ocrx_word' id='word_1_452' title='bbox 610 4586 660 4646; x_wconf 90' lang='lat' dir='ltr'><strong>De</strong></span> <span class='ocrx_word' id='word_1_453' title='bbox 683 4586 799 4667; x_wconf 87' lang='lat' dir='ltr'><strong>prima</strong></span> <span class='ocrx_word' id='word_1_454' title='bbox 821 4588 926 4667; x_wconf 90' lang='lat' dir='ltr'><strong>phasi</strong></span> <span class='ocrx_word' id='word_1_455' title='bbox 952 4605 1016 4647; x_wconf 90' lang='lat' dir='ltr'><strong>seu</strong></span> <span class='ocrx_word' id='word_1_456' title='bbox 1040 4594 1168 4648; x_wconf 88' lang='lat' dir='ltr'><strong>exortu</strong></span> <span class='ocrx_word' id='word_1_457' title='bbox 1192 4587 1326 4654; x_wconf 88' lang='lat' dir='ltr'><strong>Lunae.</strong></span> 
     </span>
    </p>
   </div>
   <div class='ocr_carea' id='block_1_6' title="bbox 240 4710 1604 5068">
    <p class='ocr_par' dir='ltr' id='par_1_9' title="bbox 240 4710 1604 5068">
     <span class='ocr_line' id='line_1_47' title="bbox 330 4710 1604 4801; baseline 0.007 -29"><span class='ocrx_word' id='word_1_458' title='bbox 330 4712 392 4775; x_wconf 88' lang='lat' dir='ltr'><strong>Cur</strong></span> <span class='ocrx_word' id='word_1_459' title='bbox 417 4713 455 4771; x_wconf 88' lang='lat' dir='ltr'><strong>ad</strong></span> <span class='ocrx_word' id='word_1_460' title='bbox 479 4710 605 4789; x_wconf 87' lang='lat' dir='ltr'><strong>primam</strong></span> <span class='ocrx_word' id='word_1_461' title='bbox 624 4710 741 4770; x_wconf 89' lang='lat' dir='ltr'><strong>Lunam</strong></span> <span class='ocrx_word' id='word_1_462' title='bbox 767 4720 828 4770; x_wconf 88' lang='lat' dir='ltr'><strong>tarn</strong></span> <span class='ocrx_word' id='word_1_463' title='bbox 852 4711 1013 4788; x_wconf 82' lang='lat' dir='ltr'><strong>diligenter</strong></span> <span class='ocrx_word' id='word_1_464' title='bbox 1037 4711 1223 4778; x_wconf 88' lang='lat' dir='ltr'><strong>attenderint</strong></span> <span class='ocrx_word' id='word_1_465' title='bbox 1247 4729 1364 4796; x_wconf 85' lang='lat' dir='ltr'><strong>gentes,</strong></span> <span class='ocrx_word' id='word_1_466' title='bbox 1389 4740 1468 4801; x_wconf 82' lang='lat' dir='ltr'><strong>qnae</strong></span> <span class='ocrx_word' id='word_1_467' title='bbox 1492 4727 1604 4790; x_wconf 67' lang='lat' dir='ltr'><strong>Luna-i</strong></span> 
     </span>
     <span class='ocr_line' id='line_1_48' title="bbox 241 4796 1603 4890; baseline -0.001 -30"><span class='ocrx_word' id='word_1_468' title='bbox 241 4819 319 4862; x_wconf 82' lang='lat' dir='ltr'><strong>anno</strong></span> <span class='ocrx_word' id='word_1_469' title='bbox 342 4798 512 4870; x_wconf 89' lang='lat' dir='ltr'><strong>utebantur,</strong></span> <span class='ocrx_word' id='word_1_470' title='bbox 538 4797 647 4877; x_wconf 89' lang='lat' dir='ltr'><strong>partim</strong></span> <span class='ocrx_word' id='word_1_471' title='bbox 663 4797 850 4859; x_wconf 90' lang='lat' dir='ltr'><strong>Reinholdus</strong></span> <span class='ocrx_word' id='word_1_472' title='bbox 874 4799 902 4858; x_wconf 93' lang='lat' dir='ltr'><strong>in</strong></span> <span class='ocrx_word' id='word_1_473' title='bbox 919 4796 1153 4859; x_wconf 90' lang='lat' dir='ltr'><strong>Commentariis</strong></span> <span class='ocrx_word' id='word_1_474' title='bbox 1178 4808 1216 4867; x_wconf 72' lang='lat' dir='ltr'><strong>ad</strong></span> <span class='ocrx_word' id='word_1_475' title='bbox 1231 4809 1435 4875; x_wconf 63' lang='lat' dir='ltr'><strong>Purbachium</strong></span> <span class='ocrx_word' id='word_1_476' title='bbox 1459 4818 1603 4890; x_wconf 51' lang='lat' dir='ltr'><strong>ogoeudiq</strong></span> 
     </span>
     <span class='ocr_line' id='line_1_49' title="bbox 241 4885 1603 4968; baseline 0 -21"><span class='ocrx_word' id='word_1_477' title='bbox 241 4888 403 4948; x_wconf 81' lang='lat' dir='ltr'><strong>novissime</strong></span> <span class='ocrx_word' id='word_1_478' title='bbox 437 4905 507 4947; x_wconf 89' lang='lat' dir='ltr'><strong>vero</strong></span> <span class='ocrx_word' id='word_1_479' title='bbox 538 4894 569 4944; x_wconf 89' lang='lat' dir='ltr'><strong>et</strong></span> <span class='ocrx_word' id='word_1_480' title='bbox 597 4885 826 4962; x_wconf 88' lang='lat' dir='ltr'><strong>diligentissime</strong></span> <span class='ocrx_word' id='word_1_481' title='bbox 853 4885 1004 4963; x_wconf 88' lang='lat' dir='ltr'><strong>Josephus</strong></span> <span class='ocrx_word' id='word_1_482' title='bbox 1033 4885 1171 4964; x_wconf 86' lang='lat' dir='ltr'><strong>Scaliger</strong></span> <span class='ocrx_word' id='word_1_483' title='bbox 1202 4896 1278 4957; x_wconf 65' lang='lat' dir='ltr'><strong>libro</strong></span> <span class='ocrx_word' id='word_1_484' title='bbox 1313 4899 1350 4960; x_wconf 63' lang='lat' dir='ltr'><strong>de</strong></span> <span class='ocrx_word' id='word_1_485' title='bbox 1381 4899 1603 4968; x_wconf 52' lang='lat' dir='ltr'><strong>Emendnjm</strong></span> 
     </span>
     <span class='ocr_line' id='line_1_50' title="bbox 240 4970 1601 5068; baseline 0 -35"><span class='ocrx_word' id='word_1_486' title='bbox 240 4970 485 5053; x_wconf 78' lang='lat' dir='ltr'><strong>Tempornm,⁵²)</strong></span> <span class='ocrx_word' id='word_1_487' title='bbox 514 4973 598 5048; x_wconf 85' lang='lat' dir='ltr'><strong>cujus</strong></span> <span class='ocrx_word' id='word_1_488' title='bbox 627 4972 821 5050; x_wconf 86' lang='lat' dir='ltr'><strong>multiplicem</strong></span> <span class='ocrx_word' id='word_1_489' title='bbox 845 4974 1042 5034; x_wconf 84' lang='lat' dir='ltr'><strong>eruditionem</strong></span> <span class='ocrx_word' id='word_1_490' title='bbox 1072 4976 1141 5053; x_wconf 89' lang='lat' dir='ltr'><strong>jure</strong></span> <span class='ocrx_word' id='word_1_491' title='bbox 1174 4984 1281 5047; x_wconf 68' lang='lat' dir='ltr'><strong>merito</strong></span> <span class='ocrx_word' id='word_1_492' title='bbox 1309 4987 1460 5055; x_wconf 61' lang='lat' dir='ltr'><strong>mimum·</strong></span> <span class='ocrx_word' id='word_1_493' title='bbox 1489 5010 1601 5068; x_wconf 51' lang='lat' dir='ltr'><strong>mm,</strong></span> 
     </span>
    </p>
   </div>
   <div class='ocr_carea' id='block_1_7' title="bbox 0 0 1850 5842">
    <p class='ocr_par' dir='ltr' id='par_1_10' title="bbox 0 0 1850 5842">
     <span class='ocr_line' id='line_1_51' title="bbox 0 0 1850 5842; baseline 0 5"><span class='ocrx_word' id='word_1_494' title='bbox 0 0 1850 5842; x_wconf 95' lang='lat' dir='ltr'><strong> </strong></span> 
     </span>
    </p>
   </div>
  </div>
 </body>
</html>
