3692 5842
711 478 742 529 ds
761 475 841 529 Stella
858 478 936 529 Nora.
1436 479 1501 548 609

210 649 489 730 Angustissimo
513 659 626 732 atque
649 652 912 716 Invictissimo
942 654 1187 717 Romanorum
1210 656 1431 735 Imperatori

640 735 912 819 Rrrdolplro
934 736 1003 802 ΙΙ.

687 829 801 879 1000000
820 826 956 895 Kopion-us.

590 902 649 963 ils
691 903 817 964 11010
857 901 1052 964 Veneto.

606 1006 829 1086 Angustissime
858 1006 1036 1085 Imperator.

231 1088 333 1170 Saepe
357 1093 519 1168 declaravi,
543 1114 664 1156 menon
688 1096 871 1167 existimare,
898 1097 975 1175 quod
997 1097 1112 1157 coelum
1128 1116 1161 1155 se
1176 1095 1410 1173 particularibus
1433 1116 1500 1159 cunr

136 1187 214 1242 voto
239 1178 417 1242 immisceat.
463 1180 525 1243 Sed
550 1194 666 1259 tamen,
702 1184 771 1263 quia
789 1184 913 1263 jubeor,
948 1185 1076 1246 dicenda
1099 1191 1147 1245 est
1170 1183 1208 1244 ab
1237 1183 1320 1245 initio
1349 1186 1501 1248 sententia
1540 1252 1549 1261 ,

136 1269 373 1347 astrologorum.

229 1355 329 1419 Stella
343 1377 422 1420 nova
436 1357 549 1420 effulsit
562 1359 590 1421 in
607 1358 784 1439 Sagittario.
819 1359 898 1423 Urbs
920 1360 1105 1420 Venetorum
1125 1360 1253 1421 refertur
1268 1360 1323 1421 sub
1339 1358 1498 1423 Cancrum.

136 1443 223 1509 Nihil
246 1443 348 1526 itaque
373 1446 440 1507 huie
463 1447 556 1509 motui
580 1468 646 1509 cunr
670 1447 769 1510 Stella
791 1448 893 1522 Nova,
928 1447 986 1508 nisi
1009 1447 1064 1509 sub
1094 1448 1228 1527 generali
1261 1449 1377 1510 ratione
1406 1449 1501 1511 totius

137 1532 223 1594 orbis
247 1534 419 1595 Terrarum.
459 1535 504 1596 At
526 1545 633 1598 contra
656 1536 778 1614 eclipsis
797 1534 880 1597 Solis
905 1536 933 1596 in
962 1531 1019 1598 18⁰
1033 1547 1079 1601 Δ
1105 1536 1205 1597 estin
1229 1538 1323 1615 primo
1347 1538 1500 1617 quadran-

136 1622 221 1700 gulo.
246 1620 396 1682 Venetiae
420 1623 511 1683 etiam
536 1623 591 1684 sub
615 1625 708 1703 primo
733 1625 939 1703 quadrangulo
964 1644 1006 1685 sc.
1032 1625 1087 1684 sub
1113 1622 1242 1685 Cancro.
1281 1625 1324 1686 Et
1347 1626 1500 1703 negotium

137 1709 196 1770 hoc
221 1708 340 1770 videtur
363 1710 431 1771 inde
455 1720 573 1785 natum,
599 1732 635 1773 ex
660 1730 716 1791 quo
741 1712 863 1791 eclipsis
888 1711 958 1786 fnit,
983 1712 1100 1772 scilicet
1123 1711 1161 1772 ab
1187 1710 1311 1773 Octobri
1335 1713 1481 1793 superiori
1490 1731 1499 1787 ;

136 1804 224 1859 certe
247 1797 303 1858 sub
327 1799 467 1858 moderno
493 1799 639 1861 Pontifice
664 1808 767 1861 natum
792 1809 852 1868 est,
878 1800 928 1879 qui
952 1799 1082 1860 noudum
1107 1818 1216 1860 annum
1239 1801 1370 1863 sederat.
1418 1801 1500 1880 Ergo

137 1883 264 1965 eclipsis
288 1884 370 1947 Solis
394 1906 431 1947 ex
455 1889 673 1967 astrologorum
698 1888 850 1949 sententia
874 1906 1011 1948 connexa
1034 1895 1081 1949 est
1106 1906 1172 1949 cum
1197 1887 1252 1948 hoo
1277 1889 1408 1967 negotio.

229 1973 320 2035 Addo
358 1994 414 2052 ego
452 1978 684 2038 astronomicum
723 1984 932 2055 argumentum
968 1975 1122 2053 probabile
1159 1994 1197 2036 ex
1230 1994 1298 2036 mea
1335 1976 1498 2037 sententia.

136 2059 274 2140 Eclipsis
298 2063 351 2123 illa
376 2064 431 2123 fuit
456 2065 558 2125 totalis
582 2066 612 2126 in
636 2066 710 2126 mari
735 2065 888 2146 Tyrrheno
912 2064 991 2124 infra
1009 2062 1136 2125 Rumam
1161 2072 1192 2124 et
1214 2081 1267 2142 per
1285 2064 1445 2143 Neapolim
1469 2072 1502 2126 et

137 2147 315 2212 Calabriam
340 2160 431 2230 atque
455 2152 601 2227 Siciliam,
626 2164 659 2215 ut
678 2164 708 2214 et
728 2173 781 2231 per
805 2153 933 2216 confinia
953 2150 1072 2213 Galliae
1089 2160 1119 2212 et
1133 2152 1299 2230 Hispaniae
1323 2160 1499 2232 montesque

138 2239 326 2320 Pyrenaeos.
373 2238 534 2317 Significat
557 2241 649 2321 igitur
671 2242 791 2314 malum,
816 2242 863 2302 cui
887 2241 1078 2319 implicentur
1102 2238 1210 2301 Gallus
1234 2250 1266 2301 et
1289 2241 1500 2320 patrimonium

137 2327 225 2390 Petri
249 2335 281 2389 et
303 2328 453 2406 principes
478 2330 586 2404 Italici,
612 2331 704 2391 multo
729 2349 798 2391 vero
823 2329 952 2390 maxime
967 2328 1035 2390 Rex
1053 2329 1264 2407 Hispaniarum
1284 2337 1315 2389 et
1336 2330 1496 2402 Venetiae,

136 2424 264 2495 propter
287 2415 345 2477 iter
369 2417 514 2479 marinum
539 2418 704 2480 occidentis
730 2426 760 2479 01
780 2418 903 2479 orientis
929 2417 1034 2499 eclipsi
1058 2417 1236 2496 subjectum,
1262 2417 1336 2479 illud
1354 2417 1494 2497 Hispani,

136 2506 195 2566 hoc
221 2504 418 2565 Venetorum.

228 2592 325 2672 Igitur
348 2613 385 2653 ex
414 2596 632 2673 astrologorum
666 2594 819 2655 sententia
850 2594 946 2655 multa
978 2602 1048 2655 sunt
1078 2599 1255 2673 argumenta
1286 2612 1340 2674 pro
1366 2593 1495 2655 Venetis

136 2689 246 2744 contra
269 2681 454 2745 Pontificem.

228 2770 367 2832 Primum'
384 2770 505 2849 eclipsis
529 2769 612 2831 cadit
627 2772 764 2832 Venetae
789 2771 853 2832 urbi
878 2789 935 2832 non
956 2768 986 2829 iu
1004 2770 1133 2831 medium
1157 2769 1241 2845 coeli,
1266 2789 1324 2832 non
1347 2769 1377 2830 in
1401 2770 1493 2831 horo-

136 2877 262 2940 scopum
296 2868 349 2920 nut
380 2861 474 2920 locum
498 2858 597 2933 Solis,
632 2860 685 2921 sed
718 2860 853 2938 praecise
877 2859 906 2920 in
935 2858 1023 2919 imum
1052 2858 1127 2920 coeli
1151 2866 1182 2919 et
1209 2859 1378 2937 oppositum
1400 2855 1492 2919 Solis.

135 2947 220 3009 Nam
245 2947 394 3009 Venetiae
428 2957 498 3008 suut
528 2947 690 3022 fundatae,
725 2949 843 3028 quaudo
867 2947 921 3009 Sol
946 2947 973 3007 in
1003 2954 1090 3009 sexto
1114 2947 1230 3009 Arietis
1260 2945 1368 3007 fuitin
1398 2946 1494 3007 medio

137 3034 227 3104 00011,
253 3036 392 3096 Pontifex
412 3055 481 3096 uero
501 3046 590 3097 natus
611 3045 667 3111 est,
692 3038 810 3117 quando
825 3035 878 3099 801
904 3037 1004 3098 101110
1029 3046 1134 3117 quarto
1159 3036 1252 3115 gradu
1267 3035 1377 3097 Librae
1401 3054 1493 3114 prope

137 3126 237 3186 locum
270 3124 408 3203 eclipsis,
442 3123 578 3203 praecise
611 3124 639 3185 10
673 3125 811 3205 opposito
845 3127 910 3185 loco
944 3123 1026 3186 Solis
1059 3124 1140 3185 urbis
1170 3123 1382 3197 Venetiarum;
1416 3124 1494 3204 quod

137 3213 307 3274 delectabit
331 3213 513 3292 astrologos.

229 3301 347 3362 Deinde
371 3302 450 3381 npud
474 3302 610 3362 Venetos
635 3300 688 3363 801
712 3302 874 3373 exaltatur,
898 3298 977 3378 apud
1002 3300 1178 3361 Pontificem
1200 3299 1291 3362 cadit.

230 3390 333 3468 Tertio
356 3389 604 3451 constellationes
629 3409 730 3450 mense
749 3388 847 3468 Aprili
868 3397 898 3448 et
918 3386 1002 3465 Majo
1026 3382 1209 3454 00011606,
1235 3386 1353 3467 quaudo
1377 3388 1492 3447 exarsit

136 3476 314 3550 contentio,
348 3478 466 3539 fuerunt
496 3478 608 3538 similes
642 3476 920 3539 constellationibus
955 3474 1036 3537 urbis
1066 3475 1273 3537 Venetiarurn.
1325 3475 1405 3536 Nam
1438 3474 1495 3535 fuit

136 3566 290 3646 oppositio
313 3565 395 3628 Solis
419 3575 451 3628 et
473 3566 593 3628 Martis.

230 3652 346 3724 Quarto
371 3654 519 3716 Saturnus
544 3655 632 3714 stetit
655 3655 683 3714 in
709 3655 854 3732 quadrato
880 3652 962 3714 Solis
986 3651 1150 3732 utriusque.
1199 3650 1261 3713 Sed
1284 3655 1340 3713 hoc
1365 3668 1422 3710 uon
1447 3661 1497 3711 est

136 3751 247 3806 contra
262 3744 406 3817 Venetos,
433 3743 501 3821 quia
520 3742 573 3804 Sol
599 3743 655 3803 fuit
678 3742 737 3803 illis
761 3741 789 3801 in
815 3742 990 3803 fundatione
1013 3740 1043 3800 10
1066 3740 1155 3819 hujus
1179 3740 1319 3820 planetae
1343 3738 1492 3818 opposito.

229 3829 342 3901 Quinto
365 3832 484 3910 Jupiter
508 3839 578 3893 tunc
607 3832 662 3892 fuit
685 3832 713 3892 in
737 3826 800 3893 28⁰
823 3825 876 3892 29‘
900 3848 958 3904 cca,
982 3831 1047 3891 loco
1072 3851 1116 3904 00,
1143 3849 1228 3908 quem
1248 3828 1396 3892 Saturnus
1420 3848 1494 3888 nas-

136 3928 227 3983 cente
251 3919 394 3981 Pontifice
419 3920 557 3993 obtinuit,
582 3922 666 3982 etin
691 3920 840 3981 domicilio
864 3918 997 3994 Saturni,
1022 3919 1086 3998 ipse
1109 3918 1294 3996 peregrinus.

231 4007 325 4069 Sexto
350 4009 494 4070 Pontifex
518 4009 576 4070 iste
604 4020 693 4070 natus
716 4009 835 4070 videtur
867 4009 984 4086 magnis
1015 4007 1130 4081 turbis,
1160 4007 1230 4085 quia
1257 4007 1314 4068 1011
1346 4004 1496 4083 oppositio

137 4116 251 4176 magna
274 4096 397 4159 Saturni
421 4107 453 4158 et
475 4097 560 4158 ι10110
584 4099 614 4158 10
638 4099 739 4159 Leone
764 4105 795 4157 et
818 4096 966 4177 Aquario,
992 4095 1063 4157 Sole
1093 4115 1149 4156 uon
1183 4096 1381 4175 configurato,
1416 4093 1494 4172 quod

138 4187 224 4256 facit,
248 4193 282 4247 ut
305 4186 411 4247 turbae
439 4187 496 4247 hae
522 4187 618 4265 magis
642 4187 671 4249 10
696 4186 805 4247 malurn
829 4186 982 4247 inclinent.
1029 4183 1072 4245 Et
1094 4183 1242 4245 Saturnus
1266 4186 1296 4246 in
1319 4199 1366 4242 m
1389 4182 1495 4242 fortior

137 4285 188 4337 est
202 4273 289 4335 Jove.
328 4273 380 4336 Sic
404 4275 532 4337 medium
557 4275 634 4336 coeli
653 4274 710 4335 fuit
728 4274 757 4335 iu
781 4270 838 4335 10⁰
852 4280 890 4347 s,
916 4274 1000 4335 locus
1019 4272 1236 4351 conjunctionis
1255 4290 1392 4351 maguae,
1419 4289 1494 4348 quae

137 4364 198 4426 fuit
225 4358 317 4425 1603.
342 4362 519 4425 Decembris
548 4364 685 4442 septimo.
732 4362 873 4424 Pontifex
901 4362 994 4422 habet
1016 4360 1148 4422 Martem
1176 4362 1313 4421 suumin
1338 4374 1386 4432 eo,
1410 4358 1496 4436 signo
1554 4403 1556 4407 -

137 4451 355 4524 Venetiarum,
389 4451 466 4531 qnod
500 4451 603 4512 itidem
635 4450 852 4530 praedicabunt
886 4450 1042 4527 astrologi.
1092 4448 1135 4509 Et
1167 4449 1236 4527 quia
1264 4463 1296 4513 eo
1328 4456 1376 4507 est
1408 4465 1496 4508 casus

137 4539 263 4614 Martis,
287 4540 451 4621 significari
479 4540 580 4601 dicent
608 4539 768 4618 astrologi,
803 4539 881 4621 qued
913 4537 1022 4600 bellum
1050 4544 1156 4598 contra
1179 4537 1316 4598 Venetos
1340 4555 1398 4596 non
1422 4536 1497 4596 bene

137 4629 183 4691 sit
206 4647 425 4707 processurum.
474 4627 591 4691 Contra
614 4628 726 4690 Veneti
760 4629 873 4690 habent
894 4628 1026 4689 Martem
1050 4626 1079 4687 in
1104 4637 1165 4700 ὲ,
1200 4626 1278 4705 quod
1302 4635 1351 4686 est
1379 4623 1498 4704 quidem

138 4716 352 4780 detrimentum
376 4717 506 4792 Martis,
537 4718 615 4778 unde
640 4715 798 4778 Cardenus
832 4717 927 4788 dixit,
960 4715 1039 4794 quod
1063 4715 1174 4775 Veneti
1197 4734 1255 4776 non
1289 4712 1407 4795 possint
1430 4729 1497 4772 0000

139 4807 247 4869 1011000
276 4806 441 4867 bellatores
451 4826 460 4879 ;
492 4807 545 4866 sed
570 4815 671 4866 tamen
696 4825 760 4866 eum
790 4806 903 4866 liabent
927 4805 955 4865 in
985 4805 1050 4865 1000
1076 4801 1156 4864 80110
1180 4803 1344 4876 Pontificis,
1370 4799 1419 4861 ubi
1443 4798 1499 4860 Sol

139 4895 240 4967 cadit,
269 4902 301 4954 et
323 4895 352 4956 in
377 4895 442 4955 loco
468 4895 598 4973 eclipsis.
645 4894 723 4954 Η100
753 4895 885 4954 dicerent
914 4893 1074 4972 astrologi,
1106 4892 1185 4971 quod
1212 4911 1270 4953 non
1300 4893 1429 4952 futurum
1457 4887 1499 4948 sit

139 4984 252 5044 bellum
276 4983 364 5041 valde
388 5002 539 5061 magnum,
564 4983 631 5061 plns
654 4991 753 5043 tamen
778 4983 904 5044 nocituri
924 4981 1045 5042 Veneti.
1087 4980 1129 5041 Et
1152 4981 1223 5063 quia
1247 4980 1367 5058 eclipsis
1390 4974 1497 5038 Ponti-

191 5085 281 5136 sonari
294 5087 372 5135 opera.
393 5087 419 5126 11.
1253 5080 1286 5132 39
