3692 5842
369 416 436 486 305
862 421 1036 471 Astronomlae
1054 422 1115 474 Pars
1134 422 1233 487 Optlcs.

369 615 461 674 supra
492 596 652 673 probatum
686 603 732 655 est
761 590 803 656 43
833 596 1076 656 semidiametros
1108 597 1230 658 elevari.
1277 594 1413 677 Cumque
1437 620 1472 677 ρ,
1497 620 1518 661 o
1544 599 1665 662 distent
1688 595 1731 662 46

369 685 618 758 semidiametris,
643 707 668 757 τ,
693 707 711 744 υ
733 702 805 743 vero
829 685 923 745 multo
956 686 1023 764 plus
1048 682 1360 759 adsentiremus,
1392 696 1424 749 et
1447 687 1530 767 regio
1554 710 1602 768 ps,
1628 687 1733 749 coeit

368 774 538 836 illuminata
562 773 702 833 refractis
718 771 799 833 Solis
817 773 919 846 radiis,
937 774 1081 853 Lunaque
1100 775 1177 836 inter
1197 776 1296 836 dictos
1319 774 1462 839 terminos
1486 785 1629 839 transeat
1650 777 1733 839 inter

368 863 546 925 altitudines
562 857 604 925 54
620 869 652 922 et
667 859 710 923 60
735 861 1032 935 semidiametrorum‚
1058 864 1136 943 quod
1152 872 1283 926 testatur
1307 866 1503 938 astronomia,
1526 873 1618 945 patet
1636 865 1732 945 igitur

367 952 446 1032 quod
469 951 499 1013 in
523 951 629 1012 umbra
652 951 732 1011 aeris
755 970 882 1012 versans
907 952 1096 1013 nihilominus
1120 953 1303 1016 illuminetur
1326 954 1460 1016 nonnihil
1483 975 1502 1016 a
1526 953 1610 1018 Sole.

454 1040 585 1103 Rursum
601 1059 667 1100 cum
683 1063 735 1120 τχυ
759 1060 840 1101 mera
864 1043 968 1102 umbra
992 1041 1199 1125 termineturg
1218 1044 1303 1122 apice
1324 1043 1354 1104 in
1377 1041 1418 1106 70
1434 1043 1731 1105 semidiametrorum

365 1130 527 1202 distantia,
562 1130 649 1190 Luna
681 1130 782 1208 itaque
815 1148 869 1209 per
901 1150 1012 1191 meram
1046 1132 1181 1193 umbram
1212 1151 1269 1193 non
1304 1132 1468 1208 transiret,
1501 1133 1573 1213 quia
1604 1131 1729 1193 inferius

364 1220 485 1294 transit,
512 1226 543 1279 et
567 1228 666 1280 tamen
691 1237 759 1279 cum
782 1241 835 1299 τχυ
854 1218 893 1291 (si
918 1220 1106 1298 intelligatur
1126 1221 1189 1299 jam
1212 1221 1295 1300 regio
1319 1241 1425 1283 carens
1450 1221 1552 1302 aliqua
1575 1220 1730 1303 particula

365 1307 448 1372 Solis
478 1309 570 1371 etiam
600 1308 730 1369 refracte
765 1308 908 1381 lucentis)
943 1309 1120 1371 terminetur
1152 1310 1278 1391 apicep
1310 1310 1339 1371 iu
1364 1307 1407 1373 43
1431 1310 1728 1373 semidiametrorum

363 1399 527 1468 distantia,
558 1397 648 1458 Luna
677 1397 782 1476 igitur,
817 1415 894 1475 quae
919 1397 1011 1458 altius
1040 1398 1164 1472 transit,
1196 1398 1329 1477 trajiciet
1352 1400 1453 1479 utique
1477 1422 1531 1482 qo
1552 1418 1727 1463 mucronem

363 1488 408 1563 (in
433 1487 563 1549 secundo
588 1486 759 1567 significatu
783 1488 944 1560 sumtum),
970 1486 1014 1547 ita
1037 1494 1070 1547 ut
1093 1486 1122 1548 in
1145 1488 1292 1568 principio
1321 1489 1456 1550 umbram
1481 1488 1561 1551 aeris
1587 1490 1726 1568 ingressa

362 1576 457 1640 totius
481 1587 581 1638 tamen
597 1574 678 1636 Solis
702 1583 827 1654 aspectu
852 1576 981 1635 refracte
1006 1576 1138 1637 fruatur:
1164 1586 1198 1638 at
1218 1578 1266 1638 ubi
1287 1576 1315 1638 iu
1341 1578 1471 1640 medium
1494 1578 1621 1641 umbrae
1646 1576 1723 1639 aeris

361 1667 478 1740 incidit,
503 1686 562 1727 non
587 1665 715 1743 amplius
740 1664 858 1743 quidem
883 1672 948 1725 toto
973 1663 1054 1725 Solis
1079 1665 1194 1727 fruetur
1226 1676 1366 1745 aspectu,
1400 1666 1593 1745 aliquantula
1623 1674 1722 1728 tamen

360 1756 560 1837 portiuncula.
607 1753 685 1815 Ilinc
710 1753 827 1814 omnino
856 1761 1089 1814 consentaneum
1114 1763 1175 1826 est,
1208 1756 1286 1835 quod
1311 1776 1348 1816 ex
1373 1754 1504 1817 Gemma
1534 1767 1641 1818 notum
1665 1764 1719 1831 est,

361 1847 479 1909 colores
507 1843 591 1905 iridis
621 1843 770 1905 interdum
793 1842 822 1903 in
847 1843 934 1903 Luna
957 1842 1062 1904 videri.
1109 1844 1189 1905 Nam
1216 1845 1245 1906 in
1277 1845 1366 1923 globo
1395 1865 1491 1925 aqueo
1521 1845 1719 1908 certissimum

361 1944 418 2009 est,
444 1934 494 1995 ubi
518 1932 670 2013 particula
694 1932 730 1992 de
754 1930 827 1992 Sole
852 1933 982 1993 refracte
1012 1933 1129 1993 lucente
1159 1934 1225 2013 ipso
1250 1934 1446 1996 retracturum
1472 1934 1595 1996 defectu
1620 1934 1717 1996 occul·

361 2033 459 2099 tatur,
494 2023 610 2084 colores
643 2021 734 2082 alium
764 2028 836 2100 post
867 2020 959 2081 alium
983 2020 1052 2081 oriri
1079 2030 1169 2100 prout
1200 2023 1325 2084 multum
1349 2023 1396 2084 vel
1427 2021 1598 2104 parum'tle
1623 2021 1717 2084 Solari

359 2132 483 2193 corpore
508 2111 627 2174 luxerit.
666 2110 764 2171 Vides
788 2109 878 2188 igitur
902 2110 1031 2170 omnium
1047 2110 1109 2171 fere
1133 2130 1208 2190 quae
1233 2112 1402 2190 praemissa
1416 2121 1487 2174 sunt
1511 2112 1716 2174 admirabilem

358 2220 555 2266 consensum:
582 2219 669 2281 quem
686 2199 735 2280 qui
749 2218 804 2278 per
823 2200 1000 2260 calumniam
1021 2201 1190 2261 convellere
1205 2201 1287 2275 velit,
1313 2211 1378 2263 arte
1393 2210 1496 2264 utatur
1521 2221 1648 2264 necesse
1663 2210 1715 2262 est

446 2291 560 2354 Restat
583 2289 740 2369 scrupulus
771 2288 876 2350 unicus
899 2288 956 2349 hoc
981 2288 1046 2368 ipso
1078 2298 1221 2352 contextu
1253 2291 1428 2371 propositus
1452 2291 1576 2371 etjam
1601 2291 1716 2373 quidem

356 2401 432 2464 pene
456 2390 608 2453 exemtus,
636 2378 690 2441 sed
714 2377 853 2439 veritatis
883 2386 1048 2439 amatorem
1073 2379 1146 2441 nihil
1170 2379 1360 2441 dissimulare
1384 2380 1482 2442 decet
1532 2378 1611 2444 Cum
1634 2382 1717 2443 Luna

358 2471 562 2552 superioribus
598 2466 814 2548 experimentis
849 2466 879 2527 iu
915 2475 979 2528 tres
1013 2468 1098 2546 quasi
1133 2477 1238 2549 partes
1270 2469 1523 2549 distingueretur,
1558 2470 1714 2543 lucentem,

356 2562 526 2637 rubentem,
562 2560 723 2630 latentem,
758 2564 790 2617 et
823 2557 924 2618 lucens
958 2578 976 2616 a
1009 2555 1134 2619 rubente
1167 2557 1330 2620 manifesta
1359 2559 1440 2621 linea
1471 2558 1714 2639 distingueretur,

356 2652 467 2716 rubens
490 2668 561 2712 vero
586 2649 625 2710 ab
656 2648 818 2708 obscurata
842 2665 900 2707 non
934 2646 1096 2707 manifesta
1124 2646 1203 2708 linea
1231 2648 1279 2708 vel
1313 2648 1423 2723 limite,
1456 2648 1513 2710 sed
1546 2648 1715 2712 successive

356 2741 467 2803 rubens
495 2740 526 2802 in
559 2739 751 2801 obscuratam
775 2735 946 2796 desineret:
979 2744 1212 2798 consentaneum
1237 2737 1355 2800 omniuo
1387 2736 1524 2813 videtur,
1557 2747 1608 2814 ut,
1644 2756 1714 2820 quse

358 2831 493 2911 perfecte
516 2828 654 2901 rubebat,
680 2833 744 2888 toto
760 2822 841 2885 Solis
861 2843 984 2904 corpore
1005 2826 1135 2888 refracta
1156 2826 1244 2888 fuerit
1267 2826 1430 2901 illustrata,
1456 2846 1623 2907 quaerero
1647 2847 1713 2908 per·

360 2920 440 2982 fecte
464 2919 593 2981 obscura
621 2923 688 2979 erat
712 2917 870 2995 (quantum
904 2914 1063 2975 obscuram
1095 2934 1163 2978 esse
1196 2914 1374 2995 contingit),
1406 2918 1496 2996 plane
1530 2918 1613 2980 omui
1638 2916 1714 2979 Solis

358 3017 484 3088 aspectu
514 3007 659 3080 caruerit,
692 3022 769 3084 quae
794 3003 885 3064 dubia
909 3002 966 3064 fuit
989 3003 1162 3083 interjecta,
1187 3005 1365 3083 particulam
1390 3005 1428 3067 de
1452 3004 1525 3067 Sole
1550 3006 1713 3086 aspexerit.

360 3096 462 3169 Quare
486 3118 570 3159 mera
592 3097 698 3158 umbra
713 3116 774 3173 τχυ,
799 3093 923 3171 ejusque
947 3111 1058 3173 aperg
1082 3113 1139 3153 non
1159 3095 1416 3173 aseptuagesima
1440 3095 1591 3157 diametro
1607 3096 1714 3157 Terrae

359 3188 476 3249 demum
501 3186 610 3248 exoriri
634 3183 734 3256 debet,
759 3181 813 3241 sed
838 3182 925 3259 longe
950 3182 1083 3254 inferius,
1108 3182 1193 3242 utin
1219 3184 1284 3244 loco
1313 3185 1461 3245 transitus
1485 3185 1592 3246 Lunae
1617 3186 1713 3265 aliqua

355 3277 508 3356 particula
529 3276 628 3357 possit
652 3274 681 3334 in
705 3289 790 3334 mera
812 3270 917 3331 umbra
942 3290 1018 3331 esse.
1067 3269 1230 3341 Quaeritur
1260 3274 1406 3352 quomodo
1436 3274 1491 3335 hoc
1522 3273 1713 3336 obtineatur?

355 3365 526 3446 Responsio
551 3365 649 3428 facilis
674 3371 734 3433 est,
760 3359 785 3420 si
809 3360 951 3421 refractio
979 3359 1173 3421 horizontalis
1202 3372 1373 3424 assumatur
1401 3364 1511 3442 major,
1543 3370 1617 3425 tunc
1641 3364 1712 3425 eoiro

701 3455 752 3529 θχ,
773 3448 1050 3529 s1citiuscoibunt.
1091 3449 1196 3529 Itaque
1217 3471 1294 3512 anno
1317 3448 1411 3515 1598.
1432 3453 1586 3530 Augusto,
1611 3453 1637 3515 si
1655 3449 1710 3515 AG

703 3538 844 3616 ecliptica
865 3546 896 3598 et
910 3535 1000 3599 ACG
1024 3539 1128 3598 umbra
1152 3539 1262 3600 Terrae
1287 3540 1336 3614 sit,
1363 3540 1417 3603 CD
1441 3559 1513 3620 pars
1538 3542 1710 3614 meridiana,

701 3635 771 3687 tunc
803 3626 947 3687 terminus
970 3628 995 3686 F
1019 3627 1167 3688 radiorum
1197 3629 1392 3691 retracturum
1417 3650 1436 3691 a
1459 3628 1574 3692 minore
1599 3631 1710 3693 refrac-

701 3715 782 3776 tione
815 3716 987 3794 proveniet,
1021 3714 1047 3775 Ε
1080 3736 1100 3776 a
1130 3717 1253 3795 majore.
1307 3718 1342 3779 lu
1373 3719 1581 3798 septentrione
1615 3719 1710 3801 itaque

635 3800 655 3895 ὓ,
699 3804 796 3882 major
820 3803 875 3865 fuit
899 3804 1059 3878 retractio,
1091 3824 1181 3884 quam
1205 3808 1232 3867 in
1262 3824 1389 3882 occasu,
1424 3809 1494 3890 quia
1518 3809 1549 3870 A
1573 3828 1645 3888 pars
1669 3817 1710 3870 est

699 3894 821 3955 umbrae
846 3891 1053 3967 orientalis.*)

788 3981 831 4044 Ut
855 3992 955 4044 autem
978 3982 1101 4054 sciatur,
1126 3990 1238 4061 quanto
1257 3984 1354 4064 major
1377 3984 1520 4047 retractio
1544 3987 1709 4068 requiratur

701 4090 755 4131 seu
778 4089 816 4131 ex
835 4071 1047 4134 observatione
1071 4071 1193 4151 eclipsis
1208 4071 1312 4134 Lunae
1336 4074 1506 4151 colligatur,
1532 4075 1576 4138 sit
1594 4076 1624 4139 K
1641 4096 1708 4140 oen·

700 4166 779 4221 trum
794 4158 908 4237 Lunae,
930 4160 1048 4223 distans
1068 4179 1087 4220 a
1104 4160 1198 4221 Terra
1217 4157 1260 4223 54
1280 4161 1522 4237 semidiametris,
1541 4165 1616 4245 quis
1628 4167 1708 4228 Luna

466 3509 520 3574 Fig.
541 3505 584 3559 98.

438 4321 465 4391 ·)
489 4324 653 4379 Consecutio
673 4328 744 4381 haec
765 4334 826 4382 est:
849 4329 920 4383 Nam
935 4331 985 4383 DE
1001 4335 1066 4383 sunt
1087 4336 1183 4399 partes
1205 4330 1397 4385 meridionales
1413 4342 1542 4403 respectu
1566 4339 1707 4410 eclipticas

350 4404 420 4466 AG,
452 4421 551 4474 quaro,
593 4411 625 4459 ut
660 4408 735 4459 rides
773 4407 800 4461 in
831 4410 971 4463 schemate
1002 4409 1049 4463 95.
1082 4410 1297 4465 illustrabuntur
1327 4428 1345 4465 a
1375 4413 1502 4466 refractis
1531 4419 1655 4490 regionis
1684 4419 1707 4472 itt

349 4483 435 4538 ‘l'erra
450 4485 615 4548 contrariae,
639 4489 865 4555 septentrionalis
880 4490 996 4543 scilicet.
1023 4491 1061 4542 Et
1075 4490 1140 4558 quia
1154 4506 1242 4559 parra
1255 4492 1352 4545 Lunae
1367 4493 1525 4561 superficies
1541 4498 1705 4560 illustratur.

350 4578 386 4615 sc.
409 4564 471 4625 DC,
494 4565 623 4634 arguitur
643 4566 730 4635 igitur
755 4584 859 4640 magna
886 4570 1015 4623 retractio
1037 4570 1246 4638 septentrionis,
1277 4588 1333 4640 qua
1354 4573 1436 4626 utut
1459 4575 1532 4645 (lig.
1557 4579 1612 4639 95)
1633 4581 1706 4651 regio

348 4659 399 4710 τχυ
416 4644 465 4695 fiat
487 4644 588 4697 Terrae
611 4645 730 4715 propior,
753 4646 867 4718 ideoque
890 4650 1037 4703 transitum
1058 4650 1155 4703 Luuoe
1177 4650 1236 4702 late
1263 4659 1387 4720 occupet.
1431 4653 1559 4710 Vicissim
1583 4662 1628 4714 (ΤΡ
1647 4667 1705 4714 suut

347 4729 443 4787 partes
465 4723 560 4775 Lunae
582 4726 749 4788 orientales,
772 4744 832 4780 com
853 4733 878 4781 A
900 4730 936 4782 sit
958 4738 1088 4799 punctum
1116 4730 1252 4783 orientale
1281 4732 1446 4800 eclipticas:
1473 4751 1561 4803 quare
1588 4741 1704 4796 illustra·

347 4800 449 4854 buntur
470 4802 524 4855 bae
546 4811 640 4871 partes
656 4806 699 4857 CF
720 4821 737 4858 a
758 4808 886 4861 refractis
908 4810 1031 4881 regionis
1049 4810 1076 4862 in
1091 4810 1178 4863 Terra
1199 4811 1365 4873 contrariae,
1388 4813 1570 4874 occidentalis
1594 4820 1702 4876 sedicet.

345 4877 383 4931 Et
404 4882 467 4949 quia
489 4883 533 4935 CF
553 4892 597 4936 est
617 4883 678 4936 latu
699 4886 788 4953 portio
802 4889 908 4952 Lause,
931 4890 991 4943 ideo
1020 4890 1114 4958 arguit
1135 4906 1250 4958 parram
1274 4892 1482 4953 retractionem
1506 4914 1565 4968 qus
1584 4901 1703 4959 ematur,

345 4963 377 5010 ut
396 4960 475 5030 regio
500 4979 551 5031 τχυ
571 4964 701 5018 remotior
722 4964 759 5018 sit
781 4981 799 5019 s
819 4968 914 5033 Terra,
937 4970 1098 5039 Lunamque
1119 4969 1168 5025 rix
1189 4970 1267 5028 tend
1289 4988 1419 5028 mucrone
1439 4972 1575 5049 saiogsa
