3692 5842
381 1325 551 1400 NOBILI
578 1326 642 1400 ET
669 1328 1135 1408 EXCELLENTISSIMO
1164 1333 1363 1409 DOMINO

313 1477 834 1584 aan11aa0
908 1487 1428 1592 aaa1naao

647 1667 826 1744 Paralum
854 1669 1107 1764 malthildi),

282 1817 547 1882 Paonussoar
583 1820 839 1885 uarnssaos
877 1826 921 1886 ur
961 1819 1184 1888 ouuaasro
1227 1828 1458 1906 paratuum,

593 1977 829 2073 lthth
865 1981 1145 2076 hlPthUd

660 2132 693 2194 S.
719 2132 754 2197 C.
779 2134 823 2195 Μ.
847 2135 1084 2198 Mathematicus

789 2273 822 2336 S.
847 2275 882 2337 Ρ.
908 2275 946 2336 D.
1021 2365 1024 2382 Ι

278 2411 348 2474 Jam
372 2413 488 2492 pridem
513 2413 591 2475 domi
616 2433 700 2475 meae
732 2417 926 2477 consederam
951 2418 1085 2488 otiosus,
1122 2417 1196 2479 nihil
1233 2418 1291 2479 nisi
1328 2427 1358 2480 te
1396 2424 1545 2503 cogitans,

214 2499 328 2563 alilaee
352 2504 624 2581 praestantissime,
650 2514 776 2584 tuasque
810 2505 925 2567 literas.
973 2506 1093 2568 Emisso
1118 2507 1195 2568 onim
1229 2507 1431 2586 superioribus
1464 2533 1543 2574 nun-

214 2589 265 2652 nis
289 2592 317 2652 in
342 2591 493 2670 publicum
526 2592 600 2654 libro
634 2612 719 2663 meo,
752 2591 976 2656 Commentario
1008 2597 1044 2656 de
1078 2597 1208 2657 motibus
1240 2597 1350 2658 Martis
1385 2598 1541 2680 inscripto,

215 2681 345 2742 ultorum
368 2700 511 2742 annorum
532 2681 642 2756 labore,
667 2701 761 2762 exque
778 2703 813 2743 eo
832 2691 976 2762 ternpore,
992 2685 1078 2764 quasi
1093 2684 1142 2765 qui
1157 2685 1335 2748 difficillima
1349 2691 1541 2766 expeditione

214 2769 297 2832 tilica
319 2771 433 2848 gloriae
452 2771 529 2831 satis
546 2771 741 2848 peperissem,
766 2774 926 2833 vacatione
951 2775 1093 2858 nonnulla
1116 2774 1226 2835 studiis
1250 2774 1325 2835 meis
1349 2774 1538 2858 interposita,

215 2877 249 2922 re
273 2860 429 2939 putabam,
453 2868 487 2920 ut
502 2859 581 2920 inter
604 2869 721 2920 ceteros
741 2868 773 2921 et
788 2859 945 2922 Galilaeus
969 2862 1096 2924 maxime
1121 2862 1253 2924 omniurn
1276 2864 1401 2926 idonens
1425 2887 1539 2930 mecum

214 2966 323 3009 rnovo
349 2948 552 3009 astronomiae
576 2968 628 3009 seu
652 2949 795 3028 physicae
819 2951 961 3011 coelestis
985 2969 1094 3028 genere
1127 2953 1318 3031 promulgato
1350 2973 1404 3033 per
1436 2957 1542 3018 literas

214 3036 341 3100 ›nlenet
363 3036 624 3116 intermissumque
648 3038 687 3097 ab
711 3038 797 3099 annis
825 3037 864 3101 12
889 3039 1061 3102 institutum
1085 3048 1261 3103 resumeret.

273 3128 354 3189 Ecce
386 3146 457 3189 vero
487 3127 542 3188 tibi
575 3145 612 3186 ex
639 3125 794 3203 inopinato
827 3128 907 3189 circa
938 3128 1008 3188 ldus
1032 3130 1162 3191 Martias
1193 3129 1323 3192 celerum
1347 3148 1440 3208 opera
1463 3153 1541 3210 nun-

214 3225 297 3280 atum
320 3216 350 3277 in
376 3215 572 3278 Germaniam
597 3212 729 3276 Galilaei
753 3217 828 3290 mei,
863 3235 916 3295 pro
951 3217 1080 3278 lectione
1106 3219 1197 3280 alieni
1221 3219 1290 3279 libri
1315 3221 1542 3299 occupationem

214 3305 336 3386 opriam
360 3303 586 3368 insolentissimi
610 3305 788 3382 argumenti,
813 3306 849 3365 de
873 3301 1041 3382 aplanetis
1065 3316 1158 3368 antea
1183 3306 1345 3387 incognitis
1370 3311 1419 3381 (ot
1440 3319 1542 3373 catera

214 3395 278 3458 rolli
315 3396 418 3474 capita
454 3395 656 3474 praeteream)
694 3412 750 3454 usu
788 3393 951 3472 perspicilli
988 3394 1133 3473 duplicati
1170 3395 1322 3456 inventis:
1362 3398 1440 3476 quod
1471 3419 1538 3462 curn

214 3484 317 3548 lustris
342 3484 374 3546 S.
407 3482 442 3546 C.
473 3485 517 3544 M.
552 3479 749 3543 consiliarius
783 3492 815 3544 ct
838 3481 870 3544 S.
894 3483 1063 3560 Imperialis
1088 3482 1270 3544 Consistorii
1292 3483 1539 3561 Reserandarius,

214 3571 295 3636 ‚Jo.
321 3573 538 3635 Matthaeus
561 3569 808 3632 Wackherius
833 3592 852 3632 a
875 3571 1140 3634 Wakhenlelss
1174 3572 1210 3632 de
1247 3591 1336 3632 curru
1371 3574 1443 3634 mihi
1467 3584 1539 3638 ante

214 3661 401 3724 abitationem
425 3681 521 3722 meam
553 3658 745 3731 nunciasset,
780 3668 867 3722 tanta
900 3680 946 3720 me
979 3659 1105 3721 incessit
1137 3660 1296 3722 admiratio
1328 3663 1538 3726 absurdissimi

214 3752 366 3814 =roamatis
390 3748 648 3822 consideratione,
672 3749 751 3808 tanti
775 3748 834 3810 orti
858 3748 1023 3810 animorum
1047 3757 1146 3810 motus
1170 3748 1294 3829 (quippe
1318 3769 1357 3810 ex
1380 3752 1538 3831 inopinato

214 3840 285 3902 aisa
308 3840 433 3920 antiqua
456 3840 536 3901 inter
558 3855 612 3898 nos
637 3835 781 3913 liticula),
806 3846 840 3898 ut
863 3837 913 3898 ille
938 3839 1065 3916 gaudio,
1091 3855 1148 3916 ego
1176 3838 1301 3914 rubore,
1327 3839 1388 3901 risu
1412 3851 1538 3921 uterque

214 3953 219 3986 ι
242 3929 412 3992 novitatem
436 3926 562 3999 confusi,
588 3926 638 3987 ille
661 3927 820 3999 narrando,
846 3945 902 4005 ego
927 3926 1074 3988 audiendo
1097 3926 1148 3987 vix
1168 3927 1383 3990 sufficeremus.
1429 3931 1538 4010 Auge-

214 4027 235 4080 ιι
258 4026 413 4098 stuporem
436 4036 532 4078 meum
551 4013 725 4077 Wackherii
749 4015 947 4090 asseveratio,
971 4015 1052 4077 viros
1076 4034 1144 4077 esse
1168 4015 1363 4093 clarissimos,
1389 4018 1536 4094 doctrina,

215 4105 353 4181 saltate,
390 4107 564 4168 constantia
597 4122 688 4183 supra
719 4106 895 4183 popularem
919 4104 1085 4165 vanitatem
1109 4105 1283 4184 longissime
1316 4117 1456 4183 evectos,
1489 4109 1539 4190 qui

214 4215 256 4260 teo
280 4196 318 4257 da
334 4193 475 4258 Galilaea
489 4192 688 4275 perscribant,
715 4194 848 4272 adeoquo
870 4192 936 4271 jam
960 4193 1066 4254 librurn
1090 4193 1146 4255 sub
1167 4196 1271 4274 praelo
1295 4196 1409 4257 versari
1433 4197 1537 4276 proxi-

214 4284 300 4366 isque
324 4283 460 4346 cursibus
484 4285 653 4345 affuturum.

272 4375 334 4449 hle,
360 4381 393 4435 nt
415 4372 542 4452 primum
566 4370 605 4432 ab
628 4388 679 4429 ore
703 4368 875 4430 Wackherii
900 4369 1045 4442 discessi,
1073 4368 1205 4432 Galilaei
1229 4371 1419 4450 potissimum
1443 4372 1538 4435 movit

214 4462 364 4538 actoritas,
393 4459 498 4542 judicii
529 4457 708 4521 rectitudine
740 4458 908 4538 ingeniique
933 4458 1058 4520 solertia
1086 4467 1185 4537 parta.
1233 4461 1340 4539 Itaque
1372 4459 1536 4522 meditatus

214 4569 298 4616 ecum
321 4570 397 4624 suin,
424 4549 472 4631 qui
497 4550 596 4629 possit
619 4545 719 4625 aliqua
750 4546 811 4606 fieri
845 4546 980 4608 accessio
1004 4547 1042 4608 ad
1067 4549 1255 4625 planetarum
1275 4566 1428 4611 numerum
1451 4550 1537 4612 salvo

214 4659 247 4704 eo
270 4640 421 4721 Mysterio
437 4633 703 4718 cosmographia,
727 4635 804 4714 quod
829 4642 899 4696 ante
924 4656 1019 4698 annos
1046 4632 1085 4698 13
1109 4634 1138 4697 in
1162 4637 1258 4698 lucem
1277 4636 1355 4714 dedi,
1379 4636 1409 4698 in
1434 4657 1491 4719 quo
1516 4636 1536 4702 5

215 4749 251 4794 aa
275 4729 412 4794 Euclidis
443 4729 575 4808 figuras,
610 4742 684 4804 quas
717 4723 842 4784 Procius
865 4743 903 4785 ox
926 4725 1103 4807 Pythagora
1134 4732 1165 4786 et
1192 4725 1321 4788 Platone
1353 4726 1536 4789 cosmicas

214 4819 329 4902 apellat,
353 4820 495 4897 planetas
518 4818 600 4880 circa
623 4810 723 4874 Solem
747 4828 806 4872 non
829 4812 931 4890 plures
954 4834 1010 4876 sex
1034 4813 1207 4876 admittunt.

268 4907 411 4990 Apparet
434 4915 536 4969 autem
559 4927 597 4968 ex
626 4899 814 4980 praefatione
846 4899 928 4962 illius
965 4903 1050 4978 libri,
1088 4911 1121 4964 et
1157 4922 1205 4965 me
1241 4911 1313 4966 tuno
1350 4902 1536 4984 quaesivisse

214 5015 282 5062 ares
304 4997 389 5060 circa
413 4993 516 5060 Solem
539 4996 688 5078 planetas,
713 4989 767 5051 sed
792 4988 915 5052 trustra.
