3692 5842
239 481 305 551 573
717 477 757 528 ns
776 473 946 528 sarisam
962 473 1115 541 amarant

240 663 326 742 cnjus
340 659 467 722 exuviae
479 656 595 720 Romae
610 654 854 729 asservabantur,
878 660 910 715 et
933 673 990 735 qno
1005 652 1149 733 majorem
1168 658 1200 715 et
1221 649 1250 713 in
1273 652 1486 734 septentrione
1507 650 1598 713 visam

241 752 377 814 Brahcus
402 746 607 809 asseverabat.
649 745 813 824 ,Propontio
848 742 1025 806 excurrebat
1053 742 1091 804 ad
1123 737 1254 805 100000
1282 740 1496 821 longitudinis
1543 737 1599 802 seo

240 840 387 902 ludicrum
412 835 580 915 exemplum
604 841 660 894 est.
705 833 798 894 Aliud
824 850 908 911 cape.
955 829 1127 901 Quantulas
1150 848 1262 910 quaeso
1285 836 1338 892 est
1359 830 1453 892 bomo
1477 827 1518 890 ad
1533 826 1601 890 Tel·

240 928 314 990 luris
338 924 478 1005 globum?
503 921 727 1003 Computemus.
775 921 984 999 Asnpertioie
1017 921 1054 981 ad
1087 927 1222 981 centrum
1254 927 1328 981 aaut
1354 916 1425 984 860
1453 915 1600 992 milliaria,

242 1036 318 1097 quae
342 1016 398 1075 duc
413 1014 442 1073 in
458 1009 545 1075 5000
559 1031 678 1091 passus.
717 1010 799 1089 Ergo
821 1029 964 1089 passuum
988 1016 1058 1071 sunt
1080 1004 1243 1072 4300000.
1281 1005 1489 1088 Quintnplnm
1508 1013 1601 1068 anm

242 1113 290 1166 est
311 1103 430 1184 pedum,
455 1118 559 1179 nempe
584 1095 768 1162 21500000.
814 1098 863 1158 Da
885 1098 1015 1159 hominis
1034 1096 1211 1176 longitudini
1230 1096 1324 1177 pedes
1346 1097 1473 1159 omnino
1492 1103 1602 1176 septen

242 1201 273 1255 et
296 1192 395 1254 divide
419 1208 472 1269 per
497 1190 551 1250 lros
576 1188 657 1249 illurn
680 1205 843 1249 numerum.
888 1186 971 1266 Ergo
994 1187 1020 1248 si
1040 1182 1193 1249 3100000
1215 1184 1369 1247 bominum
1390 1203 1451 1267 per
1474 1183 1601 1247 ordinem

242 1283 271 1344 in
296 1280 421 1342 eandem
445 1297 607 1356 componas
631 1275 857 1354 longitudinem,
882 1275 936 1336 illa
958 1275 1111 1356 pertinget
1133 1273 1321 1354 asaperticie
1335 1274 1458 1337 Terrae
1482 1273 1523 1336 ad
1544 1274 1603 1354 aja

241 1378 384 1433 centrum.
431 1367 473 1428 Et
497 1386 555 1426 una
578 1365 708 1426 Telluris
738 1365 887 1425 diameter
919 1364 1062 1445 aequabit
1094 1370 1253 1425 sexcentas
1288 1364 1424 1443 amplias
1454 1361 1603 1445 myriadas

242 1460 390 1521 hnmanae
424 1454 602 1516 altitudinis.
662 1455 749 1515 Hanc
780 1453 1003 1533 proportionem
1039 1453 1215 1516 immensam
1248 1451 1381 1514 hominis
1414 1452 1458 1514 ad
1492 1451 1604 1531 globata

242 1545 372 1608 Telluris
405 1544 537 1604 fatentur
568 1561 685 1614 omues;
714 1551 747 1602 at
771 1541 835 1619 jam
867 1541 1072 1604 incredibilem
1096 1541 1198 1602 dicunt
1225 1539 1459 1621 proportionem
1482 1539 1605 1603 Tertor·

242 1635 280 1697 ad
305 1633 420 1696 coelum
436 1631 570 1705 Saturni,
594 1650 670 1711 quae
686 1628 762 1691 esti
785 1630 822 1690 ad
842 1626 957 1705 12000,
980 1630 1185 1691 incredibilem
1207 1629 1438 1710 proportionem
1462 1627 1606 1693 coelorum

242 1722 393 1785 mobilium
418 1720 457 1780 ad
480 1720 596 1782 coelum
619 1720 743 1780 lixarum
758 1718 918 1790 immobile,
942 1739 1019 1800 qnae
1034 1718 1112 1781 esti
1136 1718 1175 1780 ad
1199 1715 1295 1792 3000,
1320 1719 1421 1780 molto
1447 1737 1539 1800 qnam
1559 1717 1607 1780 illa

242 1812 347 1874 minor.
395 1810 508 1887 Nempe
533 1828 591 1869 non
616 1808 835 1887 proportionem
859 1807 1039 1887 respiciunt,
1073 1809 1128 1869 sed
1159 1806 1419 1886 magnitudinem,
1456 1827 1526 1870 cam
1555 1805 1607 1888 ipsi

242 1900 327 1981 parvi
351 1898 422 1959 sint.
468 1897 616 1977 Equidem
640 1897 855 1957 mundusDeo
880 1915 1008 1975 magnus
1032 1903 1177 1971 nonest,
1210 1903 1243 1957 at
1272 1914 1328 1957 nos
1360 1897 1477 1958 mundo
1502 1895 1606 1976 exigui

242 1990 322 2051 Vide
346 1995 447 2048 tamen
473 1986 564 2047 etiam
588 1986 769 2064 analogiam.
816 1984 875 2047 Ubi
900 1994 1025 2063 superat
1047 1985 1222 2063 magnitudo
1245 1984 1287 2046 ibi
1315 1984 1423 2047 deficit
1457 1985 1608 2064 perfectio,

243 2086 276 2140 ct
299 2078 328 2139 in
352 2075 440 2137 molis
464 2073 698 2136 deminutionem
719 2073 854 2135 succedit
872 2073 1023 2136 nobilitas.
1071 2073 1268 2153 Amplissima
1285 2093 1361 2136 sane
1376 2081 1429 2136 est
1444 2073 1608 2156 Copernioo

244 2167 375 2247 sphaera
405 2165 548 2237 firamm;
582 2163 634 2222 sed
660 2162 755 2234 iners,
788 2170 871 2223 motu
902 2163 992 2225 nullo.
1040 2161 1183 2242 Sequitur
1213 2162 1342 2224 mundns
1376 2163 1514 2226 mobilis.
1556 2161 1607 2224 llic

242 2256 306 2335 jam
331 2260 444 2334 quanto
475 2252 572 2313 minor
602 2259 687 2312 tanto
718 2250 861 2322 divinior,
895 2251 974 2330 quod
1008 2260 1118 2313 motum
1148 2251 1266 2330 accepit
1294 2260 1359 2315 tarn
1391 2251 1608 2324 admirabilem,

245 2353 310 2406 tam
333 2341 515 2404 ordinatum.
561 2339 667 2418 Neque
691 2347 793 2400 tamen
818 2347 980 2419 vegetante
1004 2341 1149 2402 facultate
1173 2346 1296 2403 constat
1313 2341 1400 2403 locus
1421 2340 1499 2412 iste,
1521 2357 1610 2420 nequ

247 2430 455 2502 ratiocinatur,
481 2448 575 2508 neque
600 2428 756 2489 discurrit:
781 2429 859 2508 quod
883 2429 948 2507 agit
972 2425 1057 2509 (dum
1081 2431 1233 2501 movetur)
1256 2448 1316 2491 non
1334 2430 1459 2506 didicit,
1485 2431 1540 2492 sed
1558 2429 1609 2492 iar·

250 2537 387 2601 pressum
411 2518 467 2579 sibi
492 2539 511 2579 a
532 2516 679 2597 principio
701 2517 827 2591 retinet;
860 2517 937 2596 quod
971 2525 1114 2592 nonest,
1145 2536 1241 2597 neque
1264 2517 1325 2580 erit
1346 2535 1507 2599 unquamt
1538 2515 1609 2599 qnod

247 2616 313 2684 est,
345 2608 376 2669 id
401 2628 420 2668 a
443 2606 560 2686 seipso
585 2624 642 2666 non
667 2613 716 2666 est
739 2605 852 2679 sacrun
875 2605 955 2666 idem
978 2613 1094 2680 manet,
1119 2606 1167 2685 qni
1198 2607 1337 2670 conditus
1362 2616 1422 2670 est.
1473 2605 1611 2672 Succedit

247 2717 320 2777 ergo
344 2695 437 2775 pilula
460 2695 535 2757 haec
559 2704 674 2769 nostra,
699 2694 879 2773 tuguriolum
901 2703 1045 2769 nostrum,
1070 2695 1148 2774 quod
1168 2695 1317 2757 Tellurem
1339 2697 1484 2772 dicimos,
1507 2694 1612 2759 mania

249 2784 478 2866 vegetabilium,
519 2784 587 2862 ipsa
622 2784 704 2845 intus
736 2783 899 2844 informata
932 2784 1078 2845 facultate
1110 2782 1240 2863 quadam
1271 2785 1457 2848 mirabilium
1495 2799 1610 2866 opem

252 2872 515 2945 architectatrico;
541 2891 616 2951 qnae
641 2871 778 2933 accendit
802 2872 838 2932 de
863 2891 895 2932 se
919 2872 987 2950 ipsa
1009 2877 1056 2933 tot
1079 2871 1225 2951 stirpium,
1249 2880 1298 2934 tot
1318 2874 1468 2952 piscium,
1498 2883 1546 2936 tot
1566 2873 1611 2934 ia-

253 2969 406 3024 sectorum
430 2959 578 3022 animulas
602 2959 749 3038 quotidio;
780 2969 813 3021 ut
838 2960 925 3021 facile
949 2961 1058 3023 molem
1079 2960 1223 3041 reliquam
1245 2979 1320 3042 prae
1342 2963 1401 3024 hac
1425 2981 1486 3025 sna
1508 2961 1613 3026 nobili·

253 3060 318 3113 tate
352 3058 535 3110 contemnat.
595 3047 732 3128 Denique
762 3048 831 3109 ride
862 3049 933 3110 mihi
966 3050 1155 3129 corpuscula,
1189 3068 1266 3129 quae
1299 3051 1448 3113 animalia
1482 3052 1611 3122 dicimos,

256 3140 362 3219 quibus
388 3138 456 3216 quid
482 3138 589 3198 exilius
613 3138 642 3197 in
667 3138 891 3216 comparatione
915 3139 1014 3199 mnndi
1037 3140 1107 3217 fingi
1126 3140 1248 3219 potest?
1293 3140 1338 3202 At
1360 3141 1402 3202 ibi
1422 3141 1493 3219 jam
1513 3159 1613 3202 sensns

254 3239 284 3289 et
309 3227 470 3287 voluntarii
495 3236 609 3297 motus,
642 3226 843 3287 architectura
874 3246 1027 3306 corporum
1060 3228 1186 3290 infinita.
1234 3228 1313 3289 Vide
1347 3229 1420 3290 mibi
1454 3230 1536 3292 inter
1565 3229 1613 3290 illa

250 3316 434 3397 pulvisculos
459 3316 528 3382 hos,
554 3333 627 3393 quos
651 3314 785 3375 homines
810 3316 926 3389 dicunt;
960 3317 1066 3395 quibus
1090 3315 1219 3379 Creator
1245 3317 1303 3379 boc
1335 3319 1438 3392 dedit,
1476 3328 1511 3380 nt
1542 3335 1612 3398 qno·

249 3405 407 3467 dammodo
432 3424 450 3464 a
474 3423 506 3463 se
533 3404 608 3481 ipsis
632 3411 811 3471 nascantur,
836 3424 869 3464 se
893 3404 977 3484 ipsos
1000 3405 1149 3480 vestiant,
1175 3416 1302 3480 anneot,
1328 3408 1462 3468 doceant
1486 3406 1613 3469 infinitas

250 3504 332 3556 artes
366 3503 397 3554 et
426 3493 557 3571 quotidie
586 3492 744 3570 proficiant
772 3492 800 3553 in
832 3493 954 3565 melius;
990 3493 1017 3553 in
1051 3493 1157 3573 quibus
1180 3495 1237 3555 Dei
1270 3496 1386 3574 imago,
1422 3497 1475 3575 qni
1508 3493 1613 3558 domini

252 3583 472 3663 quodammodo
499 3588 569 3642 sunt
593 3581 687 3643 totius
711 3581 809 3642 molis.
855 3581 897 3642 Et
921 3581 987 3660 quis
1012 3591 1059 3644 ast
1082 3592 1226 3656 nostrum,
1251 3581 1299 3663 qui
1325 3593 1410 3663 optet
1433 3585 1496 3646 sibi
1513 3601 1614 3664 corpas

253 3671 353 3733 mundi
385 3669 596 3748 amplitudine,
629 3678 663 3729 ut
694 3688 747 3748 pro
779 3689 815 3730 ea
845 3680 949 3731 careat
981 3671 1104 3732 anima?
1149 3671 1311 3733 Discamns
1341 3674 1435 3748 igitar
1472 3671 1614 3735 creatoris

255 3762 329 3822 bene
362 3760 525 3838 placitum3
560 3759 609 3838 qui
641 3767 673 3818 et
704 3758 786 3819 rudis
819 3758 907 3819 molis
936 3765 967 3819 et
1000 3760 1179 3821 minutorum
1201 3761 1399 3840 perfectionis
1423 3772 1535 3824 auctor
1557 3771 1612 3822 est:

253 3868 308 3910 neo
333 3857 432 3908 tamen
458 3847 535 3906 mole
560 3848 714 3924 gloriatur,
740 3848 793 3907 sed
818 3846 960 3908 nobilitat
983 3848 1045 3921 illa,
1070 3868 1146 3928 quae
1170 3850 1287 3911 minuta
1311 3869 1380 3911 esse
1406 3850 1516 3913 voluit.

340 3935 475 4014 Denique
499 3953 553 4012 per
577 3935 650 3996 baec
674 3936 835 3998 intervalla
859 3956 877 3997 a
902 3936 1023 3998 Tellure
1046 3938 1085 3999 ad
1109 3937 1222 4007 Solem.
1246 3937 1356 4001 aSole
1381 3939 1420 3999 ad
1441 3937 1612 4008 Saturnum

252 4022 417 4086 aSatumo
440 4023 478 4083 ad
502 4024 578 4084 fixas
607 4024 757 4085 discamus
786 4025 933 4106 paulatim
957 4027 1157 4089 conscendere
1182 4027 1220 4088 ad
1245 4028 1474 4107 agnoscendam
1499 4029 1613 4090 dirime

251 4111 406 4193 potentiae
430 4111 673 4175 immensitatem.

340 4200 383 4261 Et
405 4198 479 4259 baec
504 4200 540 4259 de
564 4201 682 4279 objecta
706 4198 872 4279 Copernico
896 4201 1043 4263 vastitate
1066 4203 1190 4264 lixarum
1214 4211 1301 4265 tanto
1325 4202 1473 4266 libentius
1497 4203 1613 4276 inserui,

254 4287 332 4366 quod
355 4287 554 4366 pertinuerint
577 4291 615 4349 ad
640 4289 844 4350 incredibilem
868 4290 937 4351 novi
968 4291 1077 4351 sideris
1110 4293 1348 4372 magnitudinem
1382 4294 1613 4355 aestimandam.

253 4376 332 4436 Nam
356 4376 380 4436 si
396 4371 428 4435 cl‘
452 4377 547 4438 solum
563 4378 720 4455 occupavit
740 4381 883 4456 (quantus
899 4377 996 4440 Sirius
1011 4384 1163 4457 apparet),
1179 4381 1243 4460 jam
1259 4399 1313 4460 per
1337 4383 1415 4444 banc
1436 4381 1614 4464 hypothesin

256 4461 414 4540 Copernici
437 4470 504 4524 tota
527 4465 666 4526 machina
690 4467 841 4529 mobilium
865 4469 959 4528 multo
984 4469 1041 4529 fuit
1064 4470 1175 4546 major;
1199 4479 1233 4531 ut
1256 4470 1302 4531 cui
1327 4469 1359 4533 3‘
1383 4473 1485 4534 solum
1501 4472 1614 4534 tribue·

254 4550 360 4611 bamus
383 4570 482 4628 supra,
508 4554 534 4614 si
559 4554 624 4635 quis
648 4555 729 4615 illam
755 4577 773 4616 a
801 4557 867 4617 lixis
890 4557 1065 4636 respiceret.
1113 4556 1212 4628 (tuam
1236 4558 1355 4639 quidem
1377 4561 1614 4640 magnitudinem

255 4639 385 4700 numeris
409 4640 574 4718 exprimere
599 4645 794 4721 supersedeo,
826 4646 940 4705 veritus
970 4666 1007 4707 ne
1027 4647 1093 4725 jam
1126 4656 1218 4708 autea
1248 4648 1371 4709 nimium
1406 4650 1469 4711 ista
1493 4649 1614 4730 profano

257 4728 345 4804 vulgo
369 4728 406 4787 ad
431 4729 624 4791 deridendum
649 4731 836 4794 obtruserim.
