3692 5842
771 510 827 545 enm
845 494 943 545 Nunnio
962 494 1074 545 Sidereo.
1532 496 1599 565 499

228 666 515 819 Ιποειέεθθοιιιροιο,
549 677 583 731 ut
614 691 652 732 aa
683 672 798 734 minata
826 673 925 734 lucida
957 692 1067 751 magna
1095 680 1227 750 putetur.
1279 672 1358 733 Vide
1390 671 1502 753 Optica
1528 695 1597 738 mea

323 843 468 926 Sequitur
493 846 520 907 ia
546 855 597 907 tuo
622 847 723 908 libello
749 851 799 911 fol.
828 847 877 911 13.
897 846 937 922 ¹⁰)
963 849 1119 925 ingeniosa
1147 859 1179 909 et
1208 847 1344 927 legitima
1377 850 1596 914 demonstratio

227 932 310 1013 ejus,
336 936 413 1015 qaod
439 956 458 995 a
481 954 527 995 me
552 954 666 1014 quoque
693 936 743 998 fol.
770 936 833 1001 286
866 939 981 1017 passim
1013 938 1125 998 dictum
1160 946 1222 1010 est,
1259 938 1495 999 demonstratum
1524 957 1595 1002 vero

226 1022 373 1085 minime:
399 1034 516 1085 montes
531 1025 667 1085 Lunares
691 1027 784 1088 multo
808 1029 938 1106 majores
963 1047 1030 1087 esse
1054 1027 1203 1098 Terrenis,
1229 1027 1316 1104 idque
1341 1046 1398 1086 nou
1424 1033 1540 1089 tantum
1564 1031 1593 1090 in

226 1113 425 1193 proportione
449 1132 569 1174 suorum
593 1114 758 1190 globorum,
785 1117 861 1195 qnod
887 1134 942 1191 ego
968 1116 1112 1187 dixeram,
1137 1116 1191 1175 sed
1216 1115 1245 1175 in
1269 1116 1493 1193 comparatione
1516 1116 1593 1177 sim·

226 1200 313 1279 plici.
361 1199 485 1262 Scilicet
510 1202 739 1263 desiderabatur
762 1207 800 1265 ad
826 1206 881 1265 hoc
906 1205 1171 1265 demonstrandum
1195 1212 1278 1264 tuum
1302 1204 1514 1281 perspicilluru,
1539 1213 1593 1266 tua

225 1288 259 1351 irs
285 1288 477 1351 observando
502 1290 670 1368 diligentia.

319 1378 386 1439 Nec
418 1379 516 1439 minus
556 1379 709 1456 ingeniose
741 1389 771 1441 te
805 1381 856 1441 fol.
887 1376 934 1440 ll.
970 1398 1128 1458 comparas
1162 1380 1200 1440 ad
1240 1379 1481 1440 observationem
1514 1381 1589 1442 disci

225 1464 377 1540 Lunaris,
403 1486 469 1528 cum
493 1468 519 1528 ei
543 1468 669 1547 primurn
692 1477 872 1530 enascuntur
896 1488 1021 1540 cornua,
1053 1469 1202 1548 docesque
1232 1487 1344 1528 cornua
1372 1469 1492 1545 objectu
1516 1470 1590 1530 tecti

225 1564 345 1635 tegere,
361 1557 536 1635 utreliquus
552 1557 652 1618 discus
667 1559 807 1618 emineat.
830 1558 889 1619 Est
899 1558 946 1618 hic
957 1558 1030 1618 milri
1045 1559 1148 1618 modus
1163 1558 1344 1618 observandi
1359 1557 1588 1620 usitatissimus.

318 1641 406 1713 Quod
426 1664 496 1706 vero
513 1646 798 1707 demonstrationem
823 1647 942 1719 attinet,
969 1667 1043 1724 quae
1069 1647 1211 1718 ostendit,
1229 1646 1283 1705 lroo
1305 1646 1402 1706 lumen
1423 1666 1460 1706 ex
1484 1655 1590 1707 nostra

225 1732 348 1795 Tellure
373 1734 500 1807 affandi,
529 1754 566 1794 ea
586 1735 649 1811 jam
673 1756 691 1795 a
714 1733 756 1797 20
781 1736 867 1795 aunis
892 1754 986 1814 eoque
1020 1735 1146 1812 amplius
1175 1733 1233 1794 l'uit
1264 1753 1357 1813 panes
1380 1735 1587 1808 Maestlinum,

225 1838 266 1883 ox
298 1822 384 1899 cnjus
418 1823 556 1883 doctrina
589 1824 670 1883 illam
703 1824 846 1884 transtuli
875 1825 903 1884 in
934 1843 1030 1884 meam
1055 1822 1267 1884 Astronomiae
1299 1829 1416 1901 partem
1446 1821 1587 1900 Optioam

225 1906 306 1989 cap.
332 1910 388 1971 VI.
420 1910 460 1973 N.
490 1910 539 1971 10.
574 1912 748 1988 plenissimo
780 1920 930 1986 tractatu,
965 1912 1013 1972 ubi
1038 1913 1159 1972 easdem
1188 1912 1280 1972 etiam
1313 1910 1468 1988 opiniones
1493 1911 1587 1990 (quod

226 1996 331 2061 lumen
354 1998 411 2060 hoo
436 2000 477 2060 sit
501 2020 520 2059 a
543 1999 615 2060 Sole
639 1999 686 2060 vel
711 2021 729 2060 a
753 2001 890 2073 Venere)
915 2008 1013 2061 tecum
1038 2001 1141 2061 eodem
1171 2000 1258 2060 ruodo
1282 2000 1394 2072 refuto,
1428 1998 1484 2059 nisi
1509 2000 1587 2079 quod

225 2084 308 2149 lssnc
333 2087 469 2148 nltimam
493 2089 599 2149 merito
624 2108 677 2149 sno
702 2091 790 2168 paulo
816 2109 904 2168 quam
927 2099 959 2149 tu
984 2090 1103 2150 mollius
1126 2088 1251 2166 excipio.

317 2174 414 2236 Putas
439 2177 490 2237 iol.
520 2175 570 2239 15.
596 2178 731 2238 ruborem
751 2179 832 2240 illum
848 2179 952 2239 Lunae
977 2179 1136 2250 aheneum,
1162 2195 1249 2256 quem
1272 2174 1353 2236 circa
1376 2175 1587 2237 extremitates

225 2262 351 2326 umbrae
375 2265 527 2326 Terrenae
551 2267 638 2326 Luna
662 2268 810 2345 eclipsata
838 2268 965 2335 retinet,
994 2256 1107 2346 reliquo
1136 2283 1258 2344 corpore
1283 2264 1370 2324 lusca
1392 2272 1423 2324 et
1446 2264 1584 2339 evanida,

225 2370 292 2415 esse
327 2371 366 2412 ex
402 2354 618 2415 illuminatione
651 2356 766 2416 vicinae
802 2355 992 2416 substantiae
1026 2353 1190 2416 aetheriae.
1246 2352 1384 2431 Adjuras
1418 2372 1514 2413 meam
1547 2353 1584 2413 de

225 2440 330 2505 eodem
362 2442 470 2503 rubore
501 2443 734 2521 disputationem
759 2446 809 2505 fol.
836 2442 901 2507 300
926 2444 1120 2523 Opticorum‚
1156 2442 1204 2503 ubi
1232 2461 1300 2503 eam
1324 2461 1361 2501 cx
1390 2440 1529 2501 refractis
1553 2441 1584 2502 in

225 2537 326 2591 nostro
349 2537 420 2591 aere
444 2530 525 2592 Solis
550 2531 642 2592 radiis
667 2532 799 2602 deduco,
824 2542 856 2594 ot
879 2533 1088 2594 accommodas
1113 2552 1163 2605 ea,
1190 2550 1265 2610 quae
1295 2530 1345 2592 fol.
1361 2525 1435 2592 ’319
1460 2529 1582 2604 adduxi,

225 2618 260 2680 sd
282 2617 433 2679 rationem
458 2619 623 2692 dicendam,
650 2639 702 2681 cur
726 2623 753 2682 in
779 2622 869 2683 totali
884 2621 966 2683 Solis
991 2621 1095 2699 eclipsi
1120 2640 1177 2681 non
1197 2638 1315 2697 semper
1335 2637 1394 2678 nox
1412 2619 1465 2678 fiat
1489 2637 1580 2691 mera,

225 2724 298 2787 quae
324 2695 353 2768 in
377 2708 453 2769 libro
477 2710 514 2767 de
533 2708 633 2770 Stella
650 2711 739 2771 Nova
762 2711 878 2789 repetii.
918 2711 1030 2772 Dubito
1051 2709 1201 2782 Galilaea,
1227 2727 1264 2769 au
1288 2706 1385 2786 possit
1407 2707 1482 2767 haec
1507 2726 1525 2766 a
1549 2714 1579 2767 te

225 2794 304 2857 licta
328 2815 421 2857 causa
444 2797 513 2857 huic
541 2799 678 2858 sufficere
709 2800 825 2860 rubori:
855 2800 931 2859 haec
955 2800 1033 2859 enim
1057 2798 1099 2859 uti
1123 2798 1169 2858 ris
1198 2815 1305 2857 aurora
1328 2795 1447 2856 Lunare
1472 2813 1580 2873 corpus

225 2882 399 2947 sireumstat
421 2886 516 2946 multo
540 2887 736 2965 aequabilius,
763 2908 850 2968 quam
871 2899 903 2947 ut
922 2888 1011 2948 rubor
1029 2887 1087 2947 iste
1104 2886 1148 2947 sic
1172 2882 1401 2964 inaequabiliter
1415 2884 1444 2944 in
1460 2882 1580 2945 Lunam

225 2972 389 3047 derivetur,
415 2983 450 3035 ut
472 2975 635 3035 ostendunt
659 2995 725 3035 mea
750 2977 800 3037 sol.
826 2974 890 3038 303
920 2977 1015 3036 allata
1043 2976 1269 3054 experimenta:
1299 2991 1374 3051 qnae
1400 2972 1448 3033 ubi
1472 2973 1578 3033 intuo

225 3069 389 3145 systemate
412 3064 514 3123 mundi
538 3063 566 3124 in
592 3065 860 3125 considerationem
884 3064 1055 3138 adduxeris,
1081 3083 1168 3142 spero
1192 3072 1222 3124 te
1247 3063 1302 3122 hac
1327 3061 1354 3121 in
1379 3070 1465 3139 parto
1490 3067 1576 3121 tanto

225 3148 339 3214 alteim
364 3152 400 3212 de
430 3169 529 3213 rerum
561 3154 661 3213 causis
695 3154 924 3232 disputaturum.
945 3149 986 3224 ¹¹)
1034 3153 1082 3213 Ad
1115 3153 1260 3231 pallorem
1293 3159 1393 3211 tamen
1418 3150 1522 3211 Lunae
1547 3149 1576 3210 in

225 3239 351 3301 mediam
373 3241 507 3301 umbram
527 3242 685 3302 immersae
704 3243 900 3314 efficiendum,
927 3242 974 3302 ubi
991 3250 1114 3303 cessant
1132 3240 1209 3301 radii
1223 3240 1306 3301 Solis
1330 3238 1461 3311 refracti,
1488 3239 1575 3299 facile

225 3327 337 3407 patior,
363 3337 396 3389 ut
421 3330 509 3408 juxta
540 3331 640 3391 sidera
663 3330 766 3392 Solem
799 3330 1042 3404 circumstantia,
1077 3330 1183 3410 quibus
1207 3347 1262 3406 ego
1287 3327 1338 3388 iol.
1362 3323 1427 3389 303
1450 3324 1575 3405 palloris

225 3434 346 3481 eausam
370 3419 574 3497 transscripsi,
600 3419 674 3480 haec
698 3429 751 3481 tua
773 3437 881 3481 aurora
905 3427 938 3480 ut
961 3418 1059 3497 potior
1082 3438 1174 3479 causa
1197 3418 1373 3477 adducatur.

306 3506 440 3569 Absolri
467 3510 595 3569 alterum
624 3509 717 3570 libelli
741 3509 784 3569 tui
807 3517 918 3585 caput,
950 3509 987 3569 de
1011 3507 1117 3569 Luna:
1152 3515 1274 3568 transeo
1298 3506 1337 3565 ad
1368 3503 1507 3576 tertium,
1532 3503 1573 3564 de

225 3592 410 3657 sideribus
435 3597 586 3658 ceteris.

305 3683 410 3747 Prima
440 3692 492 3746 tua
526 3685 697 3746 observatio
730 3693 779 3745 est
811 3683 1025 3763 magnitudinis
1056 3684 1205 3758 siderum,
1241 3701 1364 3763 quorum
1394 3681 1572 3760 corpuscula

225 3773 394 3853 susspicilro
419 3774 556 3852 inspecta
575 3775 603 3834 in
623 3774 816 3852 proportione
836 3775 874 3834 ad
888 3775 992 3836 Lunae
1017 3773 1195 3835 diametrum
1215 3772 1260 3833 ais
1284 3771 1385 3833 minui.
1436 3771 1573 3832 Adducis

225 3862 335 3923 aeria
358 3862 477 3937 similia,
502 3863 608 3941 quibus
632 3863 740 3923 stellae
764 3863 944 3938 minuuntur,
968 3861 1125 3923 verissima
1148 3872 1180 3923 et
1203 3861 1274 3922 milri
1299 3861 1386 3940 longo
1411 3880 1466 3922 usu
1488 3879 1573 3922 corn-

225 3956 315 4025 trrta,
341 3951 571 4029 crepusculum„
586 3951 673 4024 diem,
699 3952 818 4019 nulacm,
842 3953 949 4024 velum,
975 3951 1083 4012 vitrum
1107 3952 1282 4012 coloratum.

304 4038 364 4101 Hic
388 4048 457 4100 tuas
481 4040 600 4101 excutio
625 4040 800 4109 locutiones,
827 4042 989 4119 „angulum
1012 4039 1154 4101 visorium
1177 4059 1234 4100 non
1259 4058 1278 4099 a
1299 4036 1439 4118 primario
1464 4036 1571 4098 stellae

225 4128 410 4208 orpusoulo,
436 4129 489 4188 sed
513 4149 532 4189 a
555 4130 617 4190 late
637 4129 813 4190 circumfuso
838 4130 997 4208 splendore
1027 4128 1223 4190 temrinari“:
1255 4126 1347 4188 item:
1382 4125 1572 4205 ,perspicillo

225 4216 386 4279 dscititios
408 4217 670 4296 accidentalesque
695 4218 825 4296 fulgores
849 4218 947 4280 stollis
971 4216 1091 4279 adimi.“

303 4303 459 4376 Quaerere
484 4306 566 4367 lubet
590 4326 627 4367 ex
650 4315 680 4366 te
705 4304 854 4380 Galilaea,
880 4326 949 4368 num
978 4306 1152 4385 acquiescas
1177 4305 1206 4367 ia
1230 4304 1330 4366 causis
1353 4325 1371 4365 a
1396 4322 1441 4363 me
1466 4303 1569 4364 allatis

225 4396 303 4475 ujus
337 4395 396 4468 roi,
433 4394 481 4455 ubi
505 4396 541 4456 de
575 4396 663 4455 modo
696 4394 819 4456 visionis
850 4395 970 4474 disputo
995 4396 1046 4456 iol.
1072 4391 1136 4457 266
1160 4414 1195 4455 ac
1224 4393 1402 4473 praesertim
1427 4388 1478 4453 sol.
1503 4388 1569 4454 268

225 4480 356 4565 lpticae.
403 4483 483 4544 nam
507 4483 534 4544 si
558 4483 630 4545 nibil
655 4482 823 4557 desideras,
849 4484 952 4545 licebit
976 4485 1028 4545 tibi
1053 4503 1140 4563 porro
1164 4482 1282 4561 proprie
1307 4481 1395 4560 loqui,
1420 4479 1568 4541 luminosa

225 4580 327 4635 aneos
349 4589 442 4633 conos
466 4572 590 4633 fundere
615 4591 684 4632 suos
701 4572 730 4632 in
751 4572 968 4653 crystallinum,
993 4582 1023 4633 et
1041 4581 1112 4651 post
1126 4589 1192 4633 eum
1207 4570 1387 4632 refractione
1408 4568 1492 4629 iacta
1514 4586 1566 4629 eos

225 4678 331 4725 usum
354 4660 385 4721 in
408 4669 550 4740 punctum
574 4661 768 4732 contrahere;
793 4660 863 4739 quia
886 4680 957 4723 vero
980 4662 1011 4722 id
1033 4668 1175 4741 punctum
1198 4679 1257 4721 non
1281 4657 1406 4734 attingit
1427 4657 1566 4731 retinam,

225 4747 396 4813 lilntatione
429 4768 508 4810 nova
541 4747 796 4828 superficieculam
828 4748 944 4809 retinae
978 4758 1120 4829 occupat,
1153 4767 1220 4809 cum
1253 4746 1389 4808 debuerit
1419 4763 1565 4825 occupare

225 4846 375 4901 motum:
400 4838 501 4917 itaque
524 4837 763 4918 perspicillorusn
786 4856 877 4915 opera
900 4837 977 4911 fieri,
1010 4851 1043 4898 ut
1067 4838 1128 4898 alia
1156 4837 1335 4898 refractione
1360 4833 1565 4897 intercedente

225 4926 506 4989 mantuanis
530 4927 713 4988 retit'ormem
742 4933 903 5003 competat
949 4926 1017 4987 Non
1042 4926 1134 5005 igitur
1164 4924 1255 5004 aliqui
1279 4924 1466 4984 descendunt
1489 4921 1566 4983 radii

225 5032 243 5077 s
262 5014 385 5079 ooolom
407 5035 428 5076 a
449 5016 609 5095 splendore
638 5014 738 5077 stellis
761 5014 894 5077 exterius
918 5014 1116 5088 circumirem
1145 5014 1199 5077 sed
1222 5020 1339 5081 contra.
1363 5011 1414 5093 qui
1435 5012 1564 5079 demon.

1292 5113 1352 5169 ³2*
