3692 5842
238 459 303 527 296
737 464 909 512 Astronomiae
928 461 989 511 Pars
1008 461 1106 526 Optica.

239 638 433 701 inclinatione
457 636 618 699 constabit.
652 639 721 700 Non
744 637 929 717 parallaxis3
953 659 1023 701 nam
1047 646 1080 700 nt
1102 638 1182 701 infra
1204 657 1269 718 cap.
1292 637 1349 701 IX.
1374 638 1501 709 dicetur,
1526 635 1601 695 haec

241 728 394 791 exsectis
419 747 475 787 non
500 736 603 805 potest
627 734 856 806 repraesentare
880 748 982 790 curva.
1029 729 1097 789 Non
1122 728 1280 801 refracti03
1308 726 1366 788 nisi
1398 725 1502 787 nescio
1533 725 1601 803 qnid

241 817 366 879 monstri
392 817 608 894 confingamus,
641 816 796 877 materiam
821 817 987 879 aetheriam
1011 816 1103 878 certis
1127 817 1270 895 gradibus
1296 813 1531 895 propinquitatis
1564 813 1602 871 ad

241 906 298 968 hoc
327 905 409 965 sidus
443 905 540 983 magis
572 905 725 984 magisque
754 925 901 979 crassam,
937 925 990 967 nec
1014 906 1072 966 uisi
1104 925 1141 966 ex
1164 924 1225 966 nna
1246 905 1313 967 sola
1334 914 1422 984 parte
1455 902 1486 964 iu
1514 920 1602 981 qnam

242 995 340 1056 cauda
363 993 472 1071 vergit.
519 993 620 1072 Atque
646 995 674 1054 id
699 994 815 1074 quidem
841 995 867 1055 si
891 996 1096 1068 statuerimus,
1121 995 1293 1073 expeditum
1317 993 1404 1054 nobis
1427 992 1488 1053 erit
1510 1000 1544 1051 et
1567 990 1603 1049 de

242 1082 457 1146 illuminatione
482 1083 595 1143 caudae
620 1083 686 1162 ipsa
709 1083 899 1161 respondere.
925 1083 1057 1145 Materia
1076 1102 1202 1163 namque
1226 1082 1406 1144 illustranda
1428 1081 1460 1142 iu
1484 1089 1602 1158 promtu

242 1172 308 1233 erit.
354 1169 401 1230 Ea
421 1189 490 1232 vero
514 1190 572 1231 nou
597 1194 614 1230 a
638 1170 709 1233 Sole
735 1172 799 1249 ipso
823 1171 968 1233 illustrari
993 1180 1110 1252 potest,
1144 1171 1214 1251 quia
1237 1171 1366 1249 simplex
1389 1177 1439 1230 est
1461 1170 1528 1247 ejus
1553 1168 1603 1228 lux

242 1267 274 1322 et
296 1278 371 1339 pura
394 1259 458 1319 siue
482 1259 641 1322 coloribus.
684 1258 818 1321 ASolis
841 1280 911 1322 vero
937 1262 1001 1322 lnce
1026 1268 1160 1322 cometae
1190 1279 1297 1340 corpus
1329 1266 1507 1320 transeunte
1531 1257 1600 1318 illu·

244 1349 333 1410 strari
357 1349 486 1427 poterit,
518 1356 679 1427 propterea
707 1350 783 1427 qnod
813 1367 866 1427 per
897 1358 1034 1411 cometae
1064 1367 1187 1428 corpus,
1212 1349 1290 1428 qnod
1314 1349 1352 1409 ob
1376 1347 1455 1408 hauc
1479 1364 1604 1407 cauum

245 1456 318 1519 pure
343 1437 522 1516 pellucidum
546 1457 613 1497 esse
637 1437 776 1497 convenit
800 1446 830 1498 et
854 1440 977 1499 densum
1002 1438 1171 1511 admodum,
1194 1437 1272 1499 radii
1294 1435 1377 1498 Solis
1401 1442 1551 1513 coguntur
1574 1446 1604 1493 et

245 1526 493 1605 conduplicantur
526 1536 615 1604 atque
649 1526 739 1587 etiam
772 1528 951 1589 colorantur.
1004 1526 1120 1597 Quodsi
1147 1526 1234 1587 nobis
1264 1545 1321 1588 non
1354 1524 1458 1587 licebit
1488 1523 1603 1584 candae

244 1626 427 1677 cometarum
451 1633 535 1674 suam
565 1634 700 1676 asserere
731 1616 905 1676 materiam:
938 1616 1037 1677 dicere
1061 1633 1214 1693 cogemur,
1243 1614 1340 1693 ipsam
1363 1632 1468 1675 auram
1492 1612 1602 1673 aetbe-

243 1704 334 1776 riam,
366 1703 443 1783 quod
468 1712 499 1763 et
523 1723 613 1783 supra
638 1704 819 1777 feceramus,
853 1723 910 1766 non
935 1705 1025 1784 plane
1048 1705 1161 1765 nullam
1184 1703 1318 1765 obtinere
1344 1701 1519 1774 materiam,
1550 1701 1603 1762 sed

243 1794 382 1855 idoneam
416 1810 497 1864 esse,
531 1811 607 1872 quae
631 1813 650 1852 a
673 1792 807 1853 colorato
831 1792 911 1855 Solis
939 1793 1024 1854 radio
1057 1812 1111 1874 per
1141 1811 1249 1871 corpus
1280 1800 1416 1853 cometae
1446 1797 1539 1851 eunte
1568 1808 1603 1849 eu

245 1890 308 1944 tam
333 1881 497 1959 propinquo
523 1881 587 1941 loco
611 1890 672 1941 tam
698 1881 816 1942 fortiter
839 1882 996 1961 pingatur,
1028 1891 1063 1944 ut
1086 1882 1113 1943 in
1139 1882 1241 1942 oculos
1273 1880 1389 1942 eminus
1420 1880 1480 1941 hoc
1504 1878 1603 1939 colore

245 1990 299 2032 seu
331 1969 490 2048 splendore
522 1969 621 2048 possit
653 1971 810 2031 incurrere.
859 1969 972 2033 Cetera
1000 1972 1142 2051 expedita
1169 1976 1256 2032 erunt
1286 1988 1324 2030 ex
1355 1969 1514 2030 schcmate
1538 1964 1603 2029 81:

245 2060 283 2120 de
306 2058 421 2119 candae
445 2057 623 2119 dilatatione
647 2058 675 2118 io
700 2060 777 2132 fine,
809 2060 886 2122 initii
910 2078 981 2121 vero
1015 2058 1229 2139 angustissimo
1257 2076 1384 2132 exorsu,
1410 2066 1443 2117 et
1466 2073 1545 2136 quae
1568 2054 1603 2116 de

244 2146 421 2228 quibusdam
436 2146 563 2206 cometis
578 2145 668 2225 aliqui
686 2148 828 2222 referunt,
855 2150 982 2209 caudam
1006 2151 1044 2209 ab
1069 2150 1134 2228 ipso
1154 2148 1252 2225 capite
1273 2147 1359 2226 quasi
1379 2146 1409 2206 in
1432 2162 1602 2206 mucronem

244 2235 324 2297 coire
340 2235 468 2315 indeque
483 2244 626 2314 tanquam
651 2257 670 2295 a
689 2247 799 2314 puncto
823 2257 931 2298 novam
955 2239 1034 2299 necti
1050 2238 1176 2297 caudam
1192 2237 1256 2315 ipso
1278 2253 1440 2315 progressu
1454 2233 1602 2295 latiorem.

244 2324 323 2385 Nam
348 2323 422 2383 haec
447 2324 547 2384 omnia
570 2343 608 2384 ex
631 2325 711 2402 globi
737 2326 824 2386 solidi
848 2326 988 2406 pellucidi
1013 2327 1127 2404 legibus
1153 2323 1236 2404 sequi
1260 2341 1384 2385 necesse
1408 2331 1468 2384 est.

335 2410 484 2491 Sequetur
508 2411 598 2490 igitur
622 2413 712 2473 etiam
738 2414 809 2474 illud
833 2415 967 2495 physicis
992 2414 1254 2475 considerandum:
1278 2419 1415 2474 cometae
1434 2429 1545 2490 corpus
1568 2428 1603 2470 er

246 2501 376 2581 quodam
400 2500 523 2561 humore
549 2501 685 2561 densiore
710 2522 797 2582 quam
822 2513 871 2564 est
894 2512 947 2565 adr
962 2512 1121 2564 constare:
1148 2520 1216 2562 nam
1241 2501 1272 2562 id
1295 2502 1323 2561 in
1339 2499 1484 2580 pellucidi
1499 2498 1603 2559 delini·

245 2590 327 2651 tione
352 2599 418 2650 erat
441 2589 542 2668 capite
567 2590 671 2668 primo.
719 2591 786 2653 lion
811 2611 879 2653 esse
909 2611 981 2653 vero
1009 2591 1090 2653 illum
1120 2590 1250 2653 humoris
1279 2589 1402 2669 globum
1433 2588 1541 2649 durum
1574 2596 1603 2647 nl

247 2679 372 2751 vitrum;
397 2678 572 2739 dissolvitur
597 2679 674 2740 euim
698 2680 858 2758 paulatim:
883 2681 1034 2742 humorem
1059 2681 1159 2760 itaque
1184 2698 1242 2740 non
1266 2687 1438 2740 concretum
1462 2676 1519 2738 sed
1536 2674 1602 2739 ilui-

246 2774 363 2828 tantem
387 2775 421 2826 et
442 2766 549 2826 molem
575 2787 642 2827 esse
666 2787 790 2830 necesse
814 2790 891 2838 esse,
916 2771 996 2849 quod
1020 2779 1051 2832 et
1074 2769 1209 2830 albicans
1234 2775 1369 2829 cometae
1393 2765 1504 2839 lumen,
1528 2764 1603 2844 quod

247 2855 351 2935 Tycho
375 2854 475 2915 Brahe
499 2856 540 2916 illi
567 2855 686 2929 tribuit,
710 2858 883 2919 confirmare
908 2859 1036 2919 uidetur.
1083 2858 1212 2919 Tollitur
1236 2857 1326 2917 etiam
1350 2856 1427 2917 haec
1451 2872 1520 2915 mea
1542 2852 1602 2933 pri·

247 2945 330 3004 atina
354 2943 463 3023 opinio,
489 2945 565 3023 quod
591 2956 727 3007 cornetae
743 2946 840 3007 bullae
865 2948 935 3020 sint,
961 2947 1041 3008 intus
1056 2948 1174 3008 scilicet
1197 2944 1264 3006 cavi
1288 2952 1341 3006 aot
1358 2942 1486 3004 alterius
1500 2959 1603 3003 essen·

248 3032 319 3095 tiae.
367 3032 446 3092 liam
470 3032 527 3093 nisi
561 3034 649 3095 solidi
678 3036 739 3095 sint
767 3044 798 3096 et
831 3037 959 3115 undique
988 3038 1094 3097 eadem
1123 3042 1264 3096 constent
1291 3030 1432 3099 materia,
1463 3028 1603 3092 retractio

248 3120 319 3182 talis
344 3121 441 3181 locum
465 3141 522 3181 uon
546 3122 649 3195 habet,
674 3144 749 3202 quae
774 3133 966 3185 transeuntes
981 3123 1062 3186 Solis
1086 3124 1187 3186 radios
1211 3130 1302 3201 cogat
1324 3128 1357 3182 et
1374 3118 1511 3181 sectione
1525 3119 1605 3181 tacta

248 3210 357 3270 iterum
381 3210 538 3287 dispergat
561 3210 590 3271 in
613 3223 716 3290 partes
741 3214 907 3292 oppositas.

341 3295 507 3359 Confirmat
539 3301 720 3361 sententiam
744 3302 780 3361 de
810 3323 905 3381 aquea
939 3311 1119 3363 cometarum
1153 3296 1280 3360 materia
1312 3296 1403 3357 stella
1432 3313 1512 3358 nova
1539 3293 1605 3357 anni

252 3383 351 3460 1572,
388 3406 476 3466 quam
506 3387 548 3448 sic
582 3389 753 3451 describunt
787 3404 925 3452 auctores
961 3399 992 3451 et
1021 3388 1178 3451 Cornelius
1212 3384 1340 3448 Gemma
1369 3384 1547 3465 praecipue,
1575 3397 1604 3443 ut

249 3486 405 3556 appareat,
431 3495 506 3555 pene
532 3496 634 3539 omnes
658 3479 774 3539 colores
799 3480 881 3540 iridis
909 3498 1052 3540 successu
1076 3476 1221 3555 temporis
1247 3476 1330 3536 illam
1361 3474 1507 3535 induisse.
1553 3472 1606 3534 Ait

248 3566 327 3626 enim
350 3565 486 3643 coepisse
511 3586 530 3625 a
553 3569 627 3638 rufo,
653 3568 721 3627 inde
745 3587 811 3628 curn
835 3575 916 3628 esset
942 3568 1057 3645 fulgida
1081 3568 1173 3627 fuisse
1198 3564 1376 3635 maximam,
1401 3574 1473 3642 post
1497 3581 1604 3640 argen-

248 3664 346 3723 team,
371 3675 406 3715 ac
431 3655 557 3733 denique
586 3657 729 3734 pallidum
761 3657 954 3735 disparuisse.
1001 3655 1042 3716 Et
1066 3657 1091 3717 is
1116 3656 1179 3734 ipse
1204 3654 1334 3714 colorum
1369 3652 1397 3711 in
1432 3651 1508 3712 iride
1536 3649 1606 3710 ordo

247 3755 309 3805 est:
335 3744 427 3815 rufus,
454 3744 565 3808 flavus,
591 3756 751 3822 argenteus
775 3765 829 3806 seu
854 3746 974 3819 viridis,
998 3745 1153 3805 caeruleus
1177 3751 1209 3803 et
1232 3761 1415 3821 purpureus,
1440 3759 1507 3810 sen,
1531 3737 1606 3818 qnod

248 3832 278 3892 in
303 3832 395 3892 stella
419 3829 497 3892 idern
521 3841 577 3905 est,
602 3835 742 3912 pallidus.
776 3835 869 3912 Atqui
893 3835 1010 3894 colores
1034 3834 1117 3893 iridis
1142 3839 1348 3910 argumentum
1372 3837 1443 3890 sunt
1467 3826 1607 3892 humoris,

250 3929 283 3980 ut
307 3938 344 3979 ex
367 3920 466 4067 cqpite
490 3920 585 4044 pgirrro
611 3933 746 4002 apparet.
794 3923 874 4003 Ergo
900 3933 929 3983 et
954 3923 1036 3983 illam
1064 3923 1185 3982 stellam
1214 3940 1251 3980 en
1281 3921 1402 3981 humore
1433 3916 1607 3979 constitisse

249 4008 412 4069 verisimie
437 4016 493 4067 est.
522 4012 535 4080 )

335 4196 363 4260 ‘l
385 4198 412 4251 Si
435 4197 522 4250 solum
544 4198 597 4249 hoc
626 4196 786 4250 obtineatur
816 4214 978 4268 quacunque
1000 4212 1086 4249 causa
1107 4197 1236 4257 adducta,
1262 4192 1409 4246 materiam
1435 4208 1487 4245 seu
1516 4207 1610 4246 um

247 4278 402 4333 aetheriam
425 4277 521 4330 fortius
543 4276 678 4329 illustrari
700 4292 718 4328 a
740 4277 824 4330 radiis
846 4279 917 4331 Solis
940 4295 989 4347 per
1010 4293 1108 4346 corpus
1130 4282 1255 4329 cometae
1282 4272 1508 4337 transeuntibus,
1530 4288 1610 4344 qun

248 4375 268 4412 a
287 4359 367 4412 nodis
389 4366 418 4409 et
439 4358 514 4426 puris
536 4357 608 4409 Solis
635 4356 736 4417 radiis,
763 4366 858 4410 cetera
880 4359 1015 4426 expedita
1035 4365 1126 4409 erunt.
1170 4356 1239 4408 Nam
1266 4354 1340 4407 risus
1367 4353 1496 4424 sequitur
1521 4352 1611 4407 radia·

249 4440 369 4498 tionem:
392 4447 424 4492 ut
438 4438 459 4489 si
476 4438 567 4490 radiat
588 4436 678 4504 portio
699 4453 785 4490 aurae
808 4439 951 4490 aetheriae
966 4449 1031 4507 post
1052 4445 1185 4488 cometam
1200 4453 1216 4487 e
1231 4435 1346 4505 regione
1361 4432 1453 4494 Solis:
1476 4434 1565 4503 igitur
1583 4439 1612 4484 et

253 4518 399 4579 ridebitur,
421 4525 451 4569 et
476 4524 580 4586 quanto
606 4516 695 4585 magis
718 4516 784 4569 illud
807 4525 887 4569 tauto
917 4505 1007 4587 magis
1030 4523 1059 4568 et
1081 4517 1139 4568 hoc.
1182 4515 1304 4568 Radiant
1335 4521 1431 4566 autem
1462 4513 1610 4567 fortissime

249 4601 355 4650 caudae
376 4605 561 4656 cometarum:
584 4605 614 4648 ut
636 4596 683 4647 ille
705 4612 784 4665 quem
806 4598 948 4650 Cardenus
967 4616 1003 4650 ex
1025 4597 1101 4665 llaly
1122 4594 1251 4647 describit
1274 4593 1359 4661 triplo
1381 4591 1471 4659 maior
1485 4594 1611 4651 Venere:

251 4677 329 4744 cuijus
351 4678 401 4729 lux
423 4685 504 4729 tanta
525 4676 585 4736 huit,
613 4691 645 4727 ac
666 4676 688 4727 si
716 4687 817 4744 quarta
838 4694 902 4744 pars
924 4678 1021 4730 Lunae
1047 4676 1170 4735 luceret:
1193 4675 1256 4726 item
1279 4674 1367 4734 alius,
1400 4688 1481 4741 quem
1504 4674 1532 4726 in
1554 4673 1612 4742 ipso

251 4756 362 4809 meridie
384 4765 558 4824 conspectum
582 4757 731 4808 serunt.“¹l
760 4762 801 4808 Ac
823 4775 856 4809 ne
878 4767 959 4825 putes
982 4759 1069 4809 lucem
1092 4756 1164 4807 huuc
1184 4772 1220 4807 ex
1243 4755 1335 4824 capite
1357 4753 1417 4805 solo
1447 4769 1528 4816 esse,
1549 4769 1611 4805 ecoe

252 4834 302 4886 tibi
324 4836 400 4888 illurn
414 4835 637 4897 Mithridaticum,
659 4838 693 4887 de
708 4853 760 4904 quo
775 4836 899 4889 Justinus
915 4838 964 4891 lib.
982 4837 1041 4897 37..
1063 4834 1254 4905 magnitudine
1274 4842 1402 4904 quartam
1418 4831 1489 4885 coeli
1505 4840 1612 4902 partem

253 4923 452 4982 occuparent.
474 4914 567 4985 itaque
589 4915 674 4976 luxit,
704 4923 736 4967 ut
758 4916 863 4967 coelum
885 4933 964 4969 omne
986 4917 1158 4986 conflagrare
1185 4915 1343 4967 rideretur:
1373 4912 1446 4981 quod
1468 4914 1503 4965 dc
1525 4912 1613 4966 cauda

253 5000 298 5043 eat
317 4991 535 5063 intelligendum.
564 4994 637 5047 Saue
658 4995 748 5047 canda
769 4994 840 5048 citra
861 4996 960 5064 capitis
983 4995 1171 5065 praesentiam
1192 4994 1257 5049 oriri
1279 5003 1308 5047 et
1329 4993 1455 5047 occidere
1478 4992 1540 5045 visa
1559 5000 1611 5052 etl·
