3692 5842
786 490 867 559 capus
885 493 917 546 11.
1469 487 1531 556 153

173 686 267 748 copus
303 666 549 744 Cameracensis,
583 669 708 732 aliomm
741 672 909 735 sententias
942 681 973 733 et
1009 672 1087 733 inter
1119 670 1175 733 has
1209 671 1308 752 ipsam
1342 670 1530 733 verissimam

173 776 309 831 causam,
334 758 413 837 quod
431 757 531 819 mirari
555 758 665 837 possis,
689 760 795 840 rejicit,
819 762 884 841 ipse
900 781 932 823 se
948 762 976 822 in
999 760 1134 822 latebras
1154 780 1282 822 arcanae
1304 760 1379 822 lucis
1403 768 1531 821 naturae

174 864 242 907 cum
266 845 434 908 Vitellione
463 846 571 927 recipit
594 847 660 921 (lib.
686 849 710 922 I,
735 869 819 930 prop.
845 850 891 923 5).
939 852 1160 923 Hartmannus,
1190 848 1239 929 qui
1263 850 1405 910 Pisanum
1436 849 1532 910 edidit

173 946 207 995 et
230 933 521 997 demonstrationum
545 936 680 998 delectus
696 939 802 1000 tollere
826 940 1009 1012 instituerat,
1034 937 1266 1000 haesitationem
1286 938 1377 999 istam
1398 937 1530 1017 reliquit.

172 1022 244 1085 Etsi
267 1042 340 1085 vero
363 1022 492 1085 Pisanus
516 1026 609 1087 verba
633 1027 720 1089 affert
753 1028 878 1089 aliorum
907 1028 1013 1107 quibus
1037 1046 1111 1087 vera
1138 1046 1231 1087 causa
1263 1027 1450 1106 explicatur:
1474 1036 1531 1099 alii,

174 1111 323 1192 inquiens,
349 1130 492 1178 assumunt
512 1130 544 1178 ut
565 1141 678 1179 cansam
698 1134 831 1180 remotam
852 1128 922 1182 Solis
943 1128 1151 1190 rotunditatem,
1173 1127 1311 1180 radiorum
1332 1133 1425 1179 autem
1446 1126 1530 1179 inter·

173 1213 325 1268 medonem
347 1219 379 1267 ut
401 1214 600 1284 propinquam:
629 1204 697 1283 ipsa
721 1213 821 1266 tamen
846 1206 1074 1275 demonstratio,
1098 1224 1186 1285 quam
1210 1204 1343 1284 proxime
1368 1202 1531 1283 subjungit,

175 1310 214 1352 ex
248 1292 408 1354 eorundem
442 1293 545 1371 procul
570 1293 659 1355 dubio
684 1303 838 1355 auctorum
867 1294 1019 1356 sententia
1050 1295 1210 1355 veritatem
1243 1303 1359 1354 rursum
1392 1292 1471 1371 tegit
1502 1299 1534 1352 st

179 1379 273 1442 alium
295 1380 397 1442 verbis
420 1381 503 1442 hisce
517 1401 637 1443 sensnm
658 1382 771 1458 tribuit,
797 1403 884 1463 quam
905 1383 1017 1445 habere
1040 1391 1175 1462 possunt.
1213 1383 1296 1444 Idem
1320 1381 1533 1462 propemodum

178 1467 329 1531 accidisse
343 1468 505 1532 Aristoteli
525 1471 604 1532 credi
624 1479 735 1550 potest,
761 1471 808 1552 qui
824 1492 890 1533 curn
905 1472 935 1533 iu
959 1472 1155 1551 problematis
1179 1471 1313 1532 sectione
1332 1467 1380 1541 15,
1398 1489 1465 1549 cap.
1484 1465 1533 1531 10.

179 1558 389 1637 quaestionem
420 1558 578 1632 movisset,
604 1587 652 1624 cur
672 1573 695 1624 si
726 1572 877 1627 deficientis
899 1571 971 1626 Solis
1002 1572 1071 1625 radii
1098 1588 1149 1641 por
1179 1571 1246 1624 lolia
1275 1570 1384 1638 platani
1410 1574 1460 1622 aut
1484 1584 1535 1638 por

176 1648 343 1719 compositos
365 1650 392 1703 in
412 1657 599 1704 transversum
620 1668 716 1706 manns
741 1653 882 1722 utriusque
904 1652 1006 1721 digitos
1028 1652 1187 1714 transirent,
1209 1652 1320 1704 lunulas
1335 1651 1362 1703 in
1376 1650 1533 1720 pavimento

175 1736 354 1808 effigiarent:
378 1746 481 1789 veram
505 1727 622 1808 quidem
646 1750 769 1792 causam
792 1732 895 1791 affert:
921 1741 1023 1803 conos,
1048 1731 1194 1809 inquiens,
1225 1742 1291 1793 duos
1327 1740 1476 1793 verticibus
1507 1736 1535 1789 in

178 1816 315 1889 angustia
335 1817 463 1872 rimarum
485 1819 570 1882 coire,
593 1838 706 1890 quorum
728 1821 843 1874 alterius
864 1820 939 1874 basis
960 1821 988 1873 iu
1008 1821 1087 1883 Sole,
1115 1819 1230 1873 alterius
1252 1820 1279 1873 in
1309 1820 1467 1888 pavimento
1488 1816 1534 1879 sit,

179 1897 276 1968 itaquo
297 1914 411 1952 necesse
433 1915 495 1952 esse
509 1907 541 1952 ut
555 1899 619 1953 Sole
635 1917 652 1953 a
666 1902 807 1970 superiore
828 1909 909 1970 parte
925 1900 1086 1969 inspeciem
1107 1900 1245 1953 nascentis
1260 1901 1357 1954 Lunae
1379 1903 1535 1958 attenuato,

180 1988 276 2042 radius
299 1987 372 2043 infra
392 2004 411 2041 a
430 1996 512 2058 parte
533 1988 674 2043 contraria
694 1989 764 2043 idem
787 1990 921 2057 quatiatur.
957 1981 1002 2041 At
1026 1997 1092 2058 cap.
1116 1976 1145 2039 5.
1170 1997 1236 2038 cum
1259 1978 1314 2039 hnc
1339 1997 1375 2039 ex
1398 1977 1537 2056 professo

177 2066 308 2146 quaerit,
332 2067 409 2145 quod
434 2086 501 2146 cap.
530 2064 580 2129 10.
606 2067 671 2127 icco
694 2066 833 2145 principii
857 2076 1024 2141 sumserat,
1048 2095 1095 2131 cur
1130 2077 1222 2130 radius
1254 2094 1304 2146 per
1341 2073 1536 2166 quadrangula

175 2165 322 2237 ingressus
343 2183 398 2219 non
419 2167 613 2237 quadrangula
633 2168 679 2219 sed
702 2166 847 2219 circularia
868 2167 1022 2220 constituat
1042 2167 1194 2230 schemata,
1221 2167 1352 2217 causam
1370 2164 1483 2233 partlm
1505 2170 1535 2212 ln

178 2243 262 2306 visus
286 2243 526 2305 imbecillitatem
553 2245 687 2318 confert,
712 2264 743 2309 ut
764 2257 809 2326 qui
828 2257 920 2310 radios
943 2275 1006 2320 eos,
1030 2258 1074 2327 qui
1096 2258 1123 2310 iu
1144 2257 1263 2327 angulos
1294 2255 1432 2308 fenestrae
1460 2269 1536 2305 sece-

178 2336 256 2396 dunt,
278 2350 349 2404 prae
365 2335 494 2388 claritate
509 2352 610 2398 eorum,
633 2335 678 2407 qui
694 2336 809 2389 medinm
824 2338 974 2391 fenestram
990 2345 1143 2401 transeunt,
1162 2336 1391 2405 comprehendere
1406 2337 1536 2402 nequeat,

177 2411 291 2492 partim
315 2413 354 2472 ad
377 2412 474 2493 ipsam
498 2413 622 2475 visionis
647 2416 773 2476 formam
797 2425 952 2493 provocat,
978 2429 1048 2497 quod
1063 2428 1112 2480 fiat
1126 2426 1194 2479 visio
1209 2431 1331 2478 exeunte
1345 2440 1413 2476 cono
1428 2420 1536 2475 radiosa

178 2528 217 2566 ex
237 2512 329 2574 oculo,
353 2511 431 2580 cujus
452 2513 528 2566 basis
550 2521 594 2566 ess
615 2514 740 2567 circulus.
788 2502 857 2574 Qua
889 2505 1109 2585 impertinentis
1141 2522 1196 2566 uec
1226 2502 1255 2563 in
1286 2501 1393 2581 opticis
1426 2516 1537 2580 appro-

178 2589 272 2652 batae
296 2609 408 2651 causae
432 2591 614 2670 allegatione
633 2592 781 2653 tenebras
806 2613 922 2654 rursum
946 2594 1061 2655 inducit
1075 2594 1145 2668 illis,
1171 2610 1247 2671 quae
1269 2610 1335 2670 cap.
1355 2587 1404 2652 10.
1430 2608 1467 2650 ex
1490 2586 1538 2648 his

179 2678 320 2752 deducit;
345 2680 421 2739 adeo
445 2687 479 2740 ut
497 2680 696 2742 Aristotelem
721 2700 775 2741 nec
797 2682 923 2743 Vitellio
948 2702 1003 2744 nec
1018 2683 1147 2743 Pisanus
1170 2700 1225 2742 nec
1249 2681 1406 2760 quisquam
1429 2683 1536 2757 poste-

180 2768 292 2829 riorum
324 2767 402 2848 quod
436 2769 528 2830 sciam
565 2769 758 2831 intellexerit.
816 2771 890 2831 Mihi
925 2780 996 2832 aute
1035 2790 1129 2832 annos
1162 2770 1330 2848 complures
1363 2787 1401 2830 ex
1432 2764 1537 2828 Pisani

179 2849 315 2917 tenebris
346 2856 447 2936 aliqua
470 2858 520 2918 lux
549 2859 672 2920 affulsit.
721 2857 797 2920 Cum
828 2860 907 2921 enim
937 2880 1057 2922 sensum
1091 2860 1246 2921 verborum
1271 2858 1346 2919 adeo
1380 2857 1537 2918 obscumm

179 2965 216 3006 eu
232 2945 388 3006 schemate
404 2944 434 3006 in
448 2945 538 3023 plano
554 2948 805 3026 comprehendere
825 2950 999 3028 nequirem:
1024 2949 1144 3027 coniugi
1164 2949 1202 3009 ad
1218 2946 1358 3019 αὐτοψιαν
1382 2946 1411 3008 in
1427 2943 1538 3006 solido.

183 3033 310 3095 Librum
334 3033 363 3094 in
388 3033 505 3095 sublimi
540 3036 647 3109 locavi,
679 3036 835 3116 quiesset
863 3038 927 3098 loco
961 3038 1090 3100 lucentis
1119 3037 1271 3117 corporis:
1305 3037 1381 3097 hunc
1405 3035 1484 3104 inter
1508 3040 1540 3094 et

178 3122 388 3203 pavimentum
420 3123 568 3200 figebatur
599 3125 714 3186 tabella
747 3126 893 3186 foramine
927 3128 1134 3206 multangu103
1166 3127 1247 3188 filum
1281 3125 1388 3186 deiude
1417 3143 1455 3184 ex
1482 3139 1539 3183 uno

179 3210 249 3273 libri
274 3210 384 3291 angulo
407 3229 461 3290 per
485 3212 618 3276 foramen
642 3213 672 3274 iu
701 3215 905 3294 pavimentum
938 3215 1098 3276 demissum
1124 3216 1167 3276 ita
1200 3214 1359 3276 incedebat
1385 3213 1416 3273 iu
1449 3210 1539 3292 pavi·

179 3307 298 3372 mento,
327 3306 361 3360 ut
383 3300 527 3362 terminos
552 3301 708 3363 foraminis
733 3303 870 3377 raderet,
904 3304 990 3383 cujus
1014 3305 1143 3382 vestigia
1172 3312 1256 3364 creta
1287 3301 1447 3375 imitabar;
1481 3320 1541 3380 qua

179 3388 300 3451 ratione
331 3388 492 3452 creabatur
523 3391 618 3469 figura
652 3391 682 3453 in
715 3391 888 3472 pavimento
922 3393 1029 3454 similis
1063 3393 1211 3454 foramini.
1264 3393 1347 3453 idem
1381 3389 1538 3452 accidebat

179 3497 299 3540 annsxo
324 3477 374 3539 filo
397 3497 435 3539 ex
458 3479 564 3553 altero,
590 3481 697 3552 tertio,
722 3487 828 3560 quarto
852 3481 919 3542 libri
955 3483 1063 3561 angulo
1088 3482 1222 3560 adeoque
1247 3500 1283 3541 ex
1307 3478 1432 3539 infinitis
1455 3496 1537 3539 mar-

178 3567 281 3647 ginum
305 3567 435 3647 punctis.
473 3568 580 3647 Itaque
604 3569 785 3631 infinitarum
805 3569 833 3629 in
857 3570 1031 3648 pavimento
1056 3570 1209 3631 foraminis
1233 3570 1393 3648 figurarum
1419 3566 1539 3628 exilium

179 3655 275 3717 series
307 3656 509 3718 adumbrabat
540 3676 679 3737 magnam
704 3667 735 3719 et
759 3659 994 3738 quadrangulam
1029 3659 1095 3720 libri
1124 3659 1260 3738 figuram.
1308 3656 1414 3716 Patuit
1436 3656 1538 3733 itaque

179 3761 358 3807 concurrere
382 3745 421 3805 ad
444 3746 600 3825 problema
623 3747 889 3809 demonstrandum
913 3749 1129 3810 rotunditatem
1154 3766 1211 3808 uon
1235 3745 1311 3807 radii
1341 3744 1461 3819 visorii,
1486 3743 1539 3806 sed

181 3834 276 3914 ipsius
301 3831 395 3906 Solis,
419 3853 476 3895 nou
502 3835 571 3914 quia
594 3836 669 3897 haec
691 3835 914 3916 perfectissima
938 3837 979 3898 sit
1002 3838 1109 3916 ligura,
1136 3836 1190 3898 sed
1214 3835 1284 3916 quia
1312 3834 1388 3895 haec
1413 3832 1539 3895 lucentis

183 3920 321 4004 corporis
354 3922 450 4001 figura
477 3924 518 3984 sit
549 3923 576 3984 in
610 3942 731 4002 genere.
778 3924 835 3986 Hic
868 3926 980 4004 primus
1014 3926 1113 3987 estin
1146 3926 1202 3988 hoo
1237 3925 1338 3986 labore
1372 3942 1540 3986 successus.

182 4011 327 4074 Ceterum
358 4020 390 4071 et
409 4011 594 4074 Aristoteles
619 4021 650 4074 et
675 4013 699 4073 is
724 4032 811 4092 quem
834 4014 895 4075 dixi
923 4014 1051 4077 Pisanus
1075 4015 1115 4076 ad
1138 4015 1348 4076 enodationem
1372 4013 1541 4090 argumenti

183 4099 418 4181 pulcherrimum
449 4101 685 4180 experimentum
719 4104 864 4177 afferens,
900 4104 937 4164 de
971 4103 1054 4165 Solis
1087 4104 1253 4165 deficientis
1287 4104 1371 4164 radio
1405 4101 1543 4164 similiter

184 4189 362 4256 deficiente,
387 4208 452 4251 cnm
477 4190 503 4251 is
526 4210 579 4269 per
604 4199 765 4270 angustum
791 4192 923 4253 foramen
955 4192 1113 4271 recipitur,
1149 4193 1336 4253 occasionem
1360 4190 1540 4265 Reinholdo,

181 4277 330 4340 Geminae
362 4286 395 4338 et
425 4278 591 4340 Maestlino
624 4280 819 4359 Praeceptori
852 4301 918 4341 meo
953 4281 1210 4356 subministravit,
1230 4276 1271 4352 ¹⁴)
1297 4279 1540 4340 accomurodandi

182 4368 340 4429 theorema
363 4366 402 4427 ad
425 4386 511 4428 usum
542 4387 600 4429 non
631 4369 727 4430 minus
757 4369 896 4431 nobilem.
944 4371 1024 4432 Nam
1048 4370 1077 4431 hi
1101 4389 1120 4430 a
1143 4390 1190 4431 me
1224 4367 1368 4433 norniuati
1402 4374 1542 4427 auctores

181 4457 349 4518 docuerunt
377 4464 582 4532 astronomos,
617 4458 773 4537 eclipsium
797 4456 948 4520 Solarium
982 4459 1187 4538 quantitates,
1222 4457 1437 4519 diametrorum
1460 4452 1542 4516 Solis

182 4553 214 4606 et
235 4543 343 4605 Lunae
367 4545 577 4624 proportiones
601 4556 632 4609 et
655 4547 756 4609 circuli
781 4566 835 4625 per
858 4547 999 4608 luminum
1024 4554 1130 4609 centra
1159 4546 1280 4626 trajecti
1305 4545 1343 4604 ad
1368 4542 1543 4605 verticalem

182 4631 413 4706 inclinationes,
447 4633 526 4696 citra
559 4636 710 4697 oculomm
743 4636 884 4697 damnum
918 4636 1052 4716 citraque
1087 4654 1235 4710 errorem,
1270 4634 1319 4713 qui
1352 4633 1431 4694 solet
1463 4631 1543 4693 nuda

181 4721 395 4784 aestimatione
427 4723 591 4797 committi,
625 4724 735 4786 circino
769 4725 909 4786 dimetiri.
961 4725 1011 4787 Ab
1040 4742 1076 4785 eo
1105 4723 1196 4803 igitur
1226 4733 1362 4802 tempore
1397 4727 1543 4801 quotquot

182 4809 309 4873 Solares
333 4810 464 4891 eclipses
488 4832 507 4872 a
534 4813 761 4892 praestantibus
795 4813 1019 4876 mathematicis
1053 4821 1216 4875 annotatae
1245 4822 1329 4885 sunt,
1364 4810 1451 4872 modo
1478 4810 1542 4891 jam

182 4900 263 4962 dicto
288 4898 470 4962 observatas
489 4919 558 4962 osse
582 4901 745 4963 verisimile
765 4910 833 4964 est:
859 4921 923 4964 curn
948 4911 1071 4982 praetor
1091 4902 1170 4965 hane
1188 4903 1270 4964 nulla
1297 4899 1359 4963 alia
1382 4906 1468 4961 certa
1489 4898 1541 4972 rei,

182 5007 259 5070 quas
283 4987 315 5051 in
332 4986 424 5074 ,coelo
447 4989 490 5064 lit,
515 4990 684 5053 metiendae
707 4990 786 5053 ratio
809 4991 908 5071 possit
930 4992 1060 5055 institui.
