3692 5842
728 510 997 575 Capntlx.t.····
1436 506 1504 575 m

141 684 292 764 Incipiam
315 683 539 768 doctissimis,
563 705 688 748 exorsos
717 687 754 748 ab
783 688 832 761 iis,
864 706 940 766 quoe
967 687 1067 766 capite
1096 686 1190 748 tertio·
1218 694 1249 750 et
1277 687 1380 768 quinto
1406 689 1502 769 prank·

142 774 239 840 missa
261 782 343 838 suun
387 773 508 836 Natura
531 774 616 837 binos
645 775 822 838 animalibus
846 775 931 837 dedit
954 778 1073 848 oeulos,
1091 791 1164 837 »noo
1187 775 1318 850 tantum,
1342 776 1387 838 uti
1409 776 1503 853 vulpe

142 862 286 938 creditur,
310 862 342 930 iu
365 862 531 944 absidiam
549 864 700 944 jacturae,
724 866 858 945 siquam
881 865 1006 927 alterius
1029 866 1106 927 oculi
1130 863 1284 927 moturum
1301 863 1410 927 fnisset
1430 865 1502 926 ania

141 952 218 1024 mal,
253 951 309 1016 sed
328 952 375 1016 ,ad
393 952 692 1032 comprehensionem
724 954 888 1016 distantiae
917 953 1084 1015 visibilium
1108 954 1147 1015 ab
1169 954 1276 1015 oculis.
1310 951 1399 1017 ’Dum
1417 954 1504 1015 [enlm

141 1040 225 1103 oculi
247 1039 402 1126 utriusque
432 1050 537 1103 centra
561 1044 599 1103 ab
627 1042 753 1115 invicem
786 1043 889 1104 absint
916 1042 945 1103 in
978 1052 1064 1103 certa
1094 1043 1287 1146 proportione
1309 1041 1350 1103 ad
1381 1059 1501 1123 eorpus,

141 1139 220 1211 puta
242 1130 330 1192 unius
353 1130 446 1210 palmi
473 1130 632 1193 latitudine
660 1132 799 1206 circiter;
832 1132 915 1193 nulla
942 1151 1012 1194 vero
1042 1141 1127 1193 certa
1153 1132 1230 1193 visio
1252 1130 1320 1205 lia'b,
1339 1130 1414 1193 ruisi
1434 1149 1511 1206 cum,

143 1220 301 1301 utriusque
325 1219 402 1281 oculi
431 1218 591 1291 diameter,
606 1240 741 1371 ime
723 1241 778 1302 per·
801 1232 907 1282 centra
939 1221 1093 1283 humorum
1118 1229 1150 1281 et
1172 1221 1349 1292 foraminum
1381 1220 1502 1296 transit,

142 1307 172 1369 iu
193 1327 256 1370 rem
274 1305 352 1370 visu
374 1298 561 1389 propositam
585 1309 630 1372 dir
642 1309 741 1390 ¹gitur:
765 1309 833 1371 binc
849 1309 987 1385 eflicitur,
1010 1317 1042 1371 ut
1057 1309 1113 1370 hae
1138 1305 1302 1371 diametri
1293 1293 1371 1372 uitet
1395 1309 1502 1370 viden-

143 1397 212 1459 dum
229 1396 378 1478 sibiipsis
392 1416 451 1459 non
470 1398 560 1478 plane
580 1400 792 1480 aequldist‘ent,
770 1398 871 1461 tsed
890 1405 977 1461 tauto
1001 1398 1099 1478 magis
1115 1400 1153 1459 ad
1173 1419 1206 1461 se
1230 1406 1333 1460 mutuo
1357 1404 1501 1473 annuant,

142 1494 259 1567 quanto
282 1505 332 1548 res
344 1485 424 1548 visa
444 1486 567 1567 propius
590 1490 688 1550 visum
712 1488 861 1551 consistit.
908 1487 997 1552 Hunc
1020 1498 1178 1562 annutum,
1204 1488 1301 1549 oculis
1322 1485 1499 1561 naturalem,

141 1574 332 1638 Aristotelea
354 1576 488 1639 sectione
503 1574 557 1639 31.
581 1577 677 1661 probl.
693 1577 724 1640 7.
750 1577 903 1652 describit,
929 1578 997 1638 dum
1022 1586 1178 1657 utrumque
1198 1577 1315 1638 oculum
1335 1595 1373 1637 ex
1395 1577 1503 1638 eodem

141 1664 292 1745 principio
316 1663 390 1728 dicit
413 1672 564 1745 aptatum,
589 1665 730 1742 innuens,
753 1675 879 1748 utroque
904 1667 989 1727 oculo
1017 1684 1080 1729 rem
1110 1667 1238 1727 eandem
1265 1665 1361 1727 rideri
1387 1665 1505 1728 visione

143 1761 178 1816 et
200 1753 303 1833 specie
326 1773 394 1829 una,
419 1764 582 1834 propterea
605 1756 684 1835 quod
707 1774 893 1835 cognoscens
913 1755 1043 1816 facultas
1067 1754 1217 1815 eudemio
1237 1763 1395 1834 utrumque
1419 1772 1507 1815 com-

143 1854 228 1905 meet
249 1844 379 1906 oculum.
425 1842 466 1904 Et
489 1843 585 1923 probl.
614 1842 664 1905 17.
690 1844 820 1925 quaerit,
856 1844 905 1924 qui
929 1845 996 1917 fiat,
1029 1862 1083 1906 cur
1109 1845 1264 1905 etiamen
1296 1844 1416 1923 obliquo
1440 1860 1506 1903 rem

145 1933 302 1994 intuentes
331 1938 456 2012 utroque
479 1933 566 1994 oculo
599 1935 724 1995 eandem
754 1934 883 2013 speciem
916 1933 1097 1995 videamus?
1130 1931 1245 1995 Contra
1268 1933 1420 1995 oculorum
1443 1931 1507 1993 sint

144 2022 185 2096 A,
199 2020 499 2097 morasmoras,
524 2040 573 2083 res
598 2023 636 2083 ad
660 2023 820 2084 videndum
842 2023 1002 2102 proposita
1024 2022 1054 2083 in
1068 2023 1107 2085 D.
1145 2023 1323 2100 Dirigentur
1345 2022 1385 2081 ad
1408 2020 1505 2099 ipsam

145 2110 288 2174 diametri
309 2110 460 2174 oculorum
484 2109 553 2184 EF,
579 2109 653 2179 GH,
681 2113 725 2173 sic
753 2122 787 2173 ut
814 2112 1007 2173 continuatae
1036 2120 1248 2174 concurrerent
1271 2112 1301 2172 in
1330 2109 1442 2171 visibili
1464 2109 1504 2171 Dr

145 2200 196 2264 Sit
224 2200 292 2280 jam
314 2219 363 2262 res
387 2200 454 2263 visa
483 2199 606 2280 propior
638 2202 732 2263 oculis
760 2201 790 2263 in
815 2200 850 2264 G.
898 2201 1029 2262 Rursum
1052 2202 1212 2279 adipeam

145 2289 315 2370 dirigentur
338 2289 488 2352 oculorum
513 2289 659 2364 diametri,
685 2300 913 2370 statuenturque
938 2291 968 2352 in
988 2291 1042 2365 lK,
1062 2291 1133 2352 LM.
1166 2292 1209 2353 Et

146 2378 218 2460 quia
240 2378 418 2457 numerata
440 2378 592 2460 triangula
615 2380 673 2441 duo
695 2381 783 2442 ADB
807 2390 839 2441 et
861 2377 946 2442 ACB
970 2399 1060 2462 super
1082 2384 1209 2443 eandem

145 2468 236 2531 basia
258 2467 316 2529 AB
347 2467 584 2537 constituuntur,
617 2470 713 2549 major
745 2470 803 2531 erit
834 2470 963 2548 angulus
987 2473 1024 2532 ad
1050 2469 1075 2532 G
1100 2473 1210 2551 angulo

146 2557 186 2620 ad
207 2556 260 2619 D.
295 2557 397 2620 llliuor
419 2576 491 2637 ergo
516 2556 600 2620 OAB
624 2578 712 2639 quarn
729 2557 815 2619 DAB
839 2569 871 2620 et
893 2559 989 2621 minor
1013 2559 1097 2623 CBA
1120 2579 1212 2640 quam

145 2647 246 2710 DBA.
293 2643 396 2717 Quare
429 2647 639 2709 extremitates
673 2648 882 2709 diametrorum
916 2650 1079 2711 oculorium
1110 2668 1148 2711 ex
1176 2649 1210 2724 F,

145 2735 177 2798 Η
200 2736 390 2798 transierunt
411 2735 441 2798 in
462 2735 500 2810 ll,
516 2736 560 2807 Μ,
584 2736 643 2798 sibi
665 2738 951 2817 appropinquantes,
977 2747 1007 2799 et
1030 2740 1214 2819 posteriores

146 2825 183 2900 D,
209 2822 240 2886 G
271 2824 478 2888 discesserunt
507 2825 536 2886 in
560 2826 589 2895 l,
614 2826 651 2887 L.
697 2827 804 2906 Itaque
838 2834 949 2888 motum
980 2836 1012 2888 et
1044 2836 1214 2890 contortum

147 2915 286 2978 binorum
307 2914 461 2976 oculorum
485 2915 622 2993 usurpari
646 2934 771 2976 necesse
795 2923 852 2988 est,
876 2935 943 2978 cum
965 2917 1048 2979 visus
1072 2939 1091 2979 a
1113 2936 1215 2981 remo-

147 3002 219 3066 tiori
240 3001 269 3066 D
292 3003 332 3064 ad
355 3003 551 3084 propinquius
570 3001 596 3065 C
620 3005 811 3066 transfertur.
849 3003 892 3065 Et
915 3005 1003 3086 hujus
1026 3015 1136 3082 motus,
1162 3025 1217 3069 ceu

148 3092 290 3156 animalis
315 3092 446 3155 actionis
470 3093 663 3173 usurpatione
688 3103 779 3173 atque
802 3113 907 3167 sensu,
933 3098 1083 3158 assuescit
1107 3095 1218 3158 animal

148 3183 231 3246 iuter
263 3180 429 3245 distantias
459 3181 610 3262 longiores
641 3191 673 3245 et
700 3182 854 3245 breviores
883 3203 981 3245 rerum
1013 3186 1176 3248 visibilium
1200 3205 1220 3245 a

148 3293 218 3334 sese
243 3271 448 3350 distinguere:
480 3272 568 3351 idque
591 3280 654 3333 tum
689 3273 821 3346 demum,
850 3282 989 3335 comest
1017 3275 1119 3355 aliqua
1147 3294 1219 3337 seu-

149 3360 249 3423 sibilis
280 3360 436 3440 proportio
465 3360 630 3422 distantiae
659 3362 812 3423 oculorum
834 3363 892 3422 AB
916 3363 956 3423 ad
985 3363 1152 3425 discessum
1177 3362 1220 3423 rei

149 3450 237 3513 visae
261 3450 301 3511 ab
325 3450 420 3512 oculis
435 3450 494 3512 AD
517 3449 566 3510 vel
586 3449 653 3512 BD.
690 3451 776 3512 Haec
800 3450 917 3531 quidem
942 3451 980 3511 ad
1005 3452 1264 3558 astronomiam

149 3558 208 3602 nou
234 3539 361 3602 faciunt.
408 3537 508 3600 Tanta
531 3538 611 3600 enim
634 3546 682 3600 est
706 3539 835 3601 siderum
863 3539 1024 3615 distantia,
1050 3541 1108 3602 imo
1133 3514 1264 3602 trenta1
1314 3555 1316 3564 ·

151 3628 320 3692 distantiae
343 3634 513 3690 ceutronum
537 3628 701 3690 ocularium
717 3630 774 3690 AB
798 3628 929 3702 exilitas,
955 3640 989 3690 ut
1011 3631 1089 3691 oculi
1112 3630 1197 3692 sidus
1220 3628 1352 3709 aliquod,
1377 3628 1514 3706 adeoque

152 3726 184 3779 et
205 3725 340 3780 montem
360 3716 449 3797 paulo
469 3716 659 3779 remotiorem
682 3717 843 3792 intuentes,
868 3718 1032 3797 parallelas
1052 3720 1179 3781 tendant
1193 3719 1232 3780 ad
1256 3735 1377 3779 sensunr
1395 3716 1512 3778 diame-

152 3816 218 3869 tros
242 3807 300 3870 AF
322 3815 355 3867 et
379 3804 448 3868 GH.
496 3803 639 3869 Ceterum
673 3808 820 3884 exemplis
850 3826 949 3868 rerum
979 3809 1113 3869 tenuium
1143 3810 1303 3887 populares
1335 3815 1442 3886 captus
1476 3805 1515 3867 ad

151 3896 207 3958 illa
238 3895 351 3958 eximia
383 3903 416 3956 et
446 3894 588 3957 sublimia
620 3903 689 3956 sunt
722 3896 891 3957 attollendi.
947 3896 990 3958 Et
1022 3906 1092 3958 suut
1125 3897 1201 3958 haec
1234 3897 1364 3977 genuina
1394 3893 1514 3958 illorum

152 3985 302 4064 exempla.
351 3983 448 4063 Pergo
474 3983 585 4064 itaque.
630 3986 666 4047 In
689 3984 785 4063 figura
813 3986 918 4046 eadem
942 3985 984 4047 sit
1007 3986 1113 4048 iterum
1141 3985 1260 4047 visibile
1286 3984 1327 4057 G,
1355 3995 1459 4048 cetera
1480 3992 1516 4046 nt

151 4074 245 4225 grin&
290 4071 334 4135 Et
356 4072 398 4135 sit
422 4074 501 4134 ultra
533 4072 652 4136 visibile
678 4071 703 4135 C
728 4074 870 4137 obtentus
899 4074 1015 4154 paries,
1050 4094 1157 4138 secans
1189 4083 1289 4138 rectas
1312 4072 1381 4147 Ac,
1404 4072 1459 4138 Bc
1483 4074 1514 4135 in

243 4266 321 4331 Cum
345 4266 436 4347 igitur
460 4270 538 4331 alter
561 4266 663 4330 oculus
691 4269 854 4343 clauditur,
887 4269 986 4330 medio
1015 4270 1136 4331 sublato
1169 4269 1281 4331 functio
1306 4276 1425 4332 cessat:
1458 4270 1514 4332 hoc

153 4364 211 4431 est,
236 4356 317 4420 inter
340 4356 505 4418 distantias
529 4357 657 4435 amplius
680 4379 738 4420 non
764 4359 967 4438 distinguitur,
992 4359 1139 4420 societate
1154 4368 1186 4421 et
1207 4359 1355 4420 distantia
1377 4358 1514 4421 binorum

154 4447 309 4509 oculorum
333 4444 488 4525 impedita.
538 4452 686 4526 (Superest
707 4458 790 4512 etiam
820 4457 899 4511 unico
930 4457 1009 4511 oculo
1039 4458 1085 4511 diu
1115 4464 1228 4512 assueto
1258 4457 1365 4530 exigna
1394 4459 1514 4514 facultas

154 4537 308 4592 distmtias
327 4538 412 4591 valde
433 4536 602 4607 propinquas
624 4538 802 4601 discernendi,
823 4538 859 4590 ob
873 4536 1049 4591 latitudinem
1066 4538 1140 4591 oculi
1155 4546 1185 4592 et
1203 4545 1307 4593 motum
1327 4538 1467 4593 foraminis
1488 4539 1517 4594 in

152 4618 250 4672 tunica
268 4635 352 4682 uvea,
373 4617 493 4672 maxime
514 4618 549 4671 ob
572 4618 783 4672 translationem
804 4617 913 4686 capitis,
935 4619 984 4670 sed
1004 4634 1041 4671 ea
1061 4620 1105 4672 hio
1125 4618 1194 4673 nibil
1215 4635 1265 4672 nos
1285 4620 1409 4689 impedit.
1443 4618 1514 4673 Vide

152 4725 248 4777 supra,
270 4724 335 4778 cap.
357 4701 420 4772 lll.)
466 4693 567 4766 Quare
592 4697 694 4757 ocolus
719 4698 748 4758 A
771 4695 890 4757 visibile
914 4693 940 4757 C
965 4703 997 4757 et
1018 4704 1162 4775 punctum
1190 4697 1316 4776 parietis
1341 4695 1368 4758 Ο
1391 4697 1516 4777 putabit

152 4789 326 4867 conjuncta,
352 4784 422 4866 quia
444 4784 507 4846 sita
529 4792 600 4847 suut
623 4784 667 4846 illi
691 4803 781 4864 super
803 4785 909 4846 eadem
934 4785 1013 4846 linea
1029 4783 1127 4847 AGO.
1166 4787 1215 4847 Ita
1239 4786 1341 4848 clauso
1362 4788 1392 4849 A
1415 4787 1516 4860 oculo,

153 4876 275 4938 visibile
299 4872 326 4938 G
349 4891 404 4953 por
426 4873 544 4935 oculum
566 4874 593 4935 B
618 4872 767 4935 videbitur
793 4873 933 4953 junctum
965 4880 1076 4954 puncto
1100 4874 1226 4953 parietis
1250 4874 1293 4950 N,
1317 4876 1388 4956 quia
1409 4874 1516 4955 nequit

152 4964 234 5028 iuter
265 4959 446 5026 distantiam
467 4960 522 5025 Bc
546 4969 578 5023 et
610 4960 786 5024 distantiam
808 4961 865 5025 BN
894 4962 1034 5024 discerni.
1080 4962 1148 5025 Hoc
1177 4972 1267 5043 pacto
1299 4964 1395 5026 oculis
1416 4964 1462 5038 A,
1487 4963 1514 5026 B

153 5052 333 5118 altornstim
356 5047 471 5132 apertis
494 5058 527 5113 et
555 5048 681 5125 clausis,
711 5048 829 5113 visibile
854 5046 880 5113 0
903 5050 1001 5113 locum
1030 5069 1116 5114 suum
1143 5051 1241 5114 visum
1264 5069 1302 5114 ex
1325 5049 1353 5115 0
1375 5050 1407 5115 in
1430 5052 1461 5115 N
1482 5060 1517 5115 et

1289 2252 1343 2318 urg.
1364 2247 1424 2300 ror.
1503 2219 1506 2224 ’
