3692 5842
708 263 956 329 bns-operas
1064 287 1068 296 >

103 448 285 516 tenpore
301 436 385 501 dioto
401 435 525 501 emicuit
536 436 701 500 uuouictu
719 440 797 502 oculi
821 438 885 514 Sol,
910 440 996 522 cujus
1018 440 1133 503 radium
1157 458 1213 521 ego
1331 514 1336 527 ⁸

104 524 207 592 vidi
226 543 298 588 cum
323 528 381 589 hac
396 524 593 606 amplitudine
609 526 673 607 (dg.
689 525 734 601 2).
760 529 893 608 Eratque
916 528 1134 593 radiolusists
1158 530 1212 592 de·
1309 513 1364 580 ¹⁸¹3·
1377 512 1403 563 ²·

111 614 261 677 libatus
285 634 391 695 pamm
416 615 576 676 admodum
600 636 619 676 a
646 618 769 691 dextra,
802 618 877 679 adeo
902 619 1009 696 exigno
1034 618 1214 695 discrimine,

111 713 180 765 ut
200 702 255 763 vix
279 705 310 765 iu
334 704 389 765 illa
411 704 553 784 augustia
576 705 723 783 conjicere
746 707 908 784 potuerim,
937 707 1134 768 inclinaretne
1159 708 1214 768 de-

117 790 247 854 fectus
277 811 395 853 sursum
428 813 468 854 au
492 793 639 854 deorsum.
686 792 748 856 Sed
781 803 882 855 tamen
907 804 939 856 et
962 794 1032 856 milri
1057 795 1216 857 videbatur

117 894 266 941 sursum
291 881 456 955 discedere,
481 889 513 942 et
537 881 585 962 qui
601 880 702 943 Solem
717 883 815 962 ipsum
831 892 1028 963 aspexerunt,
1054 884 1214 959 affirmant,

120 981 253 1043 parum
277 970 438 1031 admodum
462 970 601 1031 deorsum
629 971 802 1033 inclinatum
834 972 944 1045 luisse,
977 973 1056 1051 quod
1083 991 1212 1034 cousen-

126 1058 230 1118 tiens
254 1066 305 1119 est
327 1058 381 1120 illi.
428 1057 581 1137 Proripuit
603 1066 704 1120 autem
727 1080 760 1121 se
784 1080 839 1121 nec
862 1068 996 1122 moratus
1020 1069 1082 1136 est,
1118 1060 1212 1122 donec

132 1145 201 1205 vel
224 1145 307 1207 Solis
332 1146 522 1208 altitudinem
545 1165 683 1225 caperem
707 1149 755 1210 vel
779 1149 893 1210 radium
917 1149 947 1211 iu
971 1149 1091 1228 planum
1116 1149 1302 1212 descendeus
1327 1149 1508 1229 aspicerem.

127 1229 214 1294 Sed
238 1242 339 1295 tamen
373 1234 515 1314 conjicio,
553 1234 583 1295 in
616 1237 705 1315 plano
739 1238 891 1299 remotiori
916 1239 1046 1299 futurum
1078 1238 1173 1298 fuisse
1206 1239 1351 1317 majorem
1384 1247 1511 1317 aspectu

130 1321 320 1394 delectum,
353 1332 444 1403 atque
468 1325 544 1385 adeo
567 1325 672 1402 paucis
695 1325 811 1404 aliquot
833 1326 981 1405 scrupulis
1000 1334 1071 1386 ante
1096 1327 1172 1388 hunc
1197 1328 1395 1405 quadrantem
1419 1343 1511 1405 supra

136 1408 303 1473 decimam
326 1410 476 1491 incepisse
501 1412 636 1492 eclipsin.
681 1413 776 1477 Paulo
800 1421 871 1493 post
894 1414 1031 1476 delectus
1056 1415 1179 1476 duorum
1203 1415 1324 1477 circiter
1348 1414 1510 1493 digitorum

101 1495 157 1571 *j
169 1517 215 1558 am
238 1498 398 1560 manifeste
422 1499 561 1562 deorsum
585 1502 741 1581 vergebat.
788 1503 862 1564 Iude
886 1522 986 1564 merae
1010 1502 1091 1565 circa
1106 1502 1208 1565 Solem
1233 1504 1327 1565 nubes
1352 1522 1446 1583 usque
1471 1502 1511 1564 ad

125 1587 306 1648 dimidiam
330 1588 538 1651 duodecimam
563 1597 594 1651 et
617 1610 653 1652 eo
677 1591 821 1670 amplius;
844 1610 911 1652 cum
936 1610 991 1670 ego
1015 1591 1139 1653 multum
1164 1591 1270 1653 aurius
1295 1592 1439 1672 optabam
1459 1599 1509 1653 te-

125 1674 275 1751 nebras,
310 1694 385 1756 quae
418 1677 502 1757 sequi
534 1677 688 1740 uolebant.
735 1679 797 1741 Vix
829 1679 907 1742 enim
938 1679 1048 1758 exigua
1070 1679 1189 1741 illarum
1220 1681 1249 1742 iu
1281 1680 1511 1743 observatorum

127 1764 255 1825 oculos
278 1764 448 1827 incurrerat
470 1766 703 1829 animadversio.
737 1766 789 1829 Sic
813 1776 912 1830 autem
929 1776 995 1829 erat
1009 1769 1156 1828 diminuta
1171 1769 1235 1843 lux,
1260 1777 1294 1830 ut
1317 1788 1383 1830 cum
1407 1768 1511 1849 pluvis

114 1852 255 1933 ,aliqua
279 1854 354 1927 (nou
377 1861 480 1916 tamen
504 1856 588 1916 utin
613 1875 725 1936 magua
747 1858 946 1938 tempestate)
970 1856 1080 1931 instat,
1113 1874 1178 1917 cum
1207 1865 1307 1918 tamen
1331 1857 1426 1918 nubes
1449 1874 1509 1918 nou

134 1950 257 2003 essent
280 1942 411 2024 undique
435 1961 571 2018 crassae,
606 1963 682 2025 quae
702 1945 757 2006 hoc
780 1944 898 2006 causari
925 1944 1105 2023 potuissent.
1152 1945 1259 2025 Itaque
1283 1963 1349 2006 eum
1373 1963 1411 2006 ex
1434 1962 1508 2006 cou-

125 2028 269 2106 jectura
284 2031 350 2109 jam
375 2032 531 2093 transiisse
546 2032 698 2094 videretur
712 2034 856 2108 medinm,
880 2033 1003 2095 taudem
1019 2032 1160 2112 apparuit
1173 2034 1276 2095 radius
1299 2033 1406 2113 aliquis
1419 2032 1509 2113 paulo

139 2127 225 2179 aute
249 2119 449 2200 quadrantem
473 2122 594 2183 tertium
617 2130 689 2201 post
712 2122 909 2185 undecimam.
958 2120 1057 2183 Cornu
1080 2129 1201 2201 praeter
1218 2121 1388 2203 opinionem
1411 2139 1509 2201 appa·

138 2206 211 2269 ruit
234 2226 328 2288 supra
352 2208 460 2288 exiguo
479 2202 668 2272 ¹inclinatum
701 2211 740 2271 ad
772 2212 926 2273 sinistram
951 2210 1089 2272 deorsum
1112 2230 1242 2273 versum.
1288 2211 1356 2273 Non
1381 2208 1511 2289 contigit

138 2295 221 2356 snibi
246 2296 303 2357 boc
327 2296 519 2371 beneficium,
538 2306 572 2360 ut
597 2298 759 2361 dimetirer.
791 2301 898 2380 Itaque
922 2298 1003 2360 aliud
1022 2300 1172 2360 affirmare
1191 2318 1249 2360 non
1264 2317 1396 2378 possum,
1421 2316 1510 2378 quam

143 2383 248 2445 visam
273 2385 367 2446 fuisse
391 2386 516 2466 eclipsin
541 2384 561 2451 9
584 2387 633 2448 vel
661 2385 701 2451 10
726 2387 897 2467 digitorum.
944 2388 1018 2448 lude
1042 2406 1158 2449 rursum
1181 2405 1380 2467 supervenere
1404 2385 1508 2448 nubes.

241 2471 319 2535 Cum
343 2481 467 2536 sonaret
489 2494 636 2555 campana
651 2475 865 2552 duodecimam,
890 2476 975 2538 coelo
994 2477 1058 2556 jam
1076 2476 1166 2556 paulo
1191 2474 1389 2537 constantiori
1412 2473 1510 2555 incepi

146 2561 283 2623 ambitus
316 2562 456 2623 luminum
493 2565 613 2643 punctis
646 2564 798 2645 excipere,
838 2565 1005 2645 eujusmodi
1038 2564 1298 2644 compunctionum
1339 2582 1444 2643 usque
1470 2562 1510 2624 sd

145 2651 239 2712 linem
263 2649 362 2712 habeo
387 2650 437 2712 17.
481 2651 546 2715 Sed
574 2654 686 2715 nullam
719 2672 773 2732 pro
798 2654 988 2715 dimetiendis
1012 2654 1153 2715 luminum
1176 2652 1332 2714 diametris
1360 2651 1508 2715 idoneam.

146 2737 320 2801 Exciderat
343 2740 422 2800 enim
446 2741 518 2802 mihi
543 2742 571 2802 in
595 2742 650 2803 illa
672 2742 892 2821 trepidatione,
928 2742 954 2802 si
976 2743 1025 2804 vel
1048 2761 1152 2821 pamm
1180 2760 1311 2823 papyrus
1335 2760 1354 2801 a
1376 2758 1509 2819 perpen-

151 2827 254 2889 diculo
278 2828 355 2890 radii
379 2828 552 2905 inclinetur,
576 2850 701 2892 necesse
717 2850 785 2892 esse
809 2840 842 2893 ut
866 2831 976 2893 circino
992 2850 1029 2892 err
1043 2839 1173 2910 quatuor
1185 2830 1304 2909 punctis
1328 2830 1417 2907 longe
1432 2828 1510 2890 aliae

150 2925 318 2997 sequantur
342 2917 492 2981 diametri.
538 2920 646 3001 Itaque
669 2939 735 2982 cum
759 2940 814 2982 sex
831 2920 959 2982 babeam
979 2919 1222 2999 consignationes
1236 2917 1509 2999 perpendiculares,

151 3004 197 3065 ita
219 3012 255 3066 ut
278 3004 454 3068 inclinarem
476 3025 623 3088 papyrum
647 3008 685 3068 ad
709 3009 860 3071 oculomm
879 3007 1025 3087 judicium
1045 3008 1110 3087 jam
1125 3009 1193 3088 plus
1212 3007 1280 3086 jam
1293 3007 1407 3067 minus:
1432 3023 1509 3086 qua-

151 3101 221 3154 tuor
245 3112 284 3155 es
306 3094 369 3156 illis
396 3095 533 3157 iudicant
555 3096 671 3158 Lunam
703 3096 861 3172 minorem,
895 3097 971 3158 duae
1001 3097 1157 3175 aequalem
1181 3094 1257 3157 Soli.
1305 3093 1385 3165 Quia
1407 3103 1509 3156 tamen

153 3181 277 3261 eclipsis
301 3183 422 3244 duravit
444 3184 563 3262 lougius
587 3204 674 3264 quam
698 3194 747 3246 est
769 3185 799 3246 iu
823 3186 954 3261 calculo,
986 3185 1074 3246 facile
1097 3184 1207 3265 colligo
1231 3183 1369 3245 altiorem
1393 3200 1510 3263 quoque
1556 3194 1560 3201 '

152 3269 246 3331 luisse
262 3270 395 3339 Lunam,
419 3279 510 3352 atque
533 3273 602 3334 inde
625 3292 727 3335 verum
752 3292 835 3347 esse,
859 3275 944 3355 quod.
963 3272 1108 3335 diameter
1124 3272 1189 3351 ejus
1204 3271 1301 3334 minor
1324 3269 1509 3351 apparuerit.

153 3356 218 3420 Sed
242 3359 274 3421 iu
297 3360 402 3439 digitis
426 3361 574 3440 eclipticis
597 3362 686 3442 inque
709 3362 905 3425 inclinatione
929 3364 968 3424 ad
992 3361 1167 3425 verticalem
1190 3379 1293 3421 omues
1308 3358 1508 3421 consentiunt.

151 3446 305 3529 Papyrum
320 3448 398 3510 enim
417 3450 692 3529 perpendicularem
714 3452 805 3531 plano
824 3451 892 3514 teci.
923 3450 1004 3513 Nam
1020 3450 1170 3530 quadrans
1193 3448 1265 3510 mihi
1287 3454 1410 3527 propter
1432 3445 1509 3509 titu-

150 3534 306 3598 bationem
330 3556 470 3599 nranuum
494 3546 561 3601 erat
584 3539 709 3601 inutilis.
742 3538 805 3601 Sed
826 3540 865 3600 ad
889 3540 1012 3619 digitos.
1043 3539 1128 3601 Ilora
1145 3534 1184 3600 12
1198 3537 1288 3617 paulo
1311 3544 1398 3616 post:
1423 3541 1511 3597 erant

149 3624 240 3703 digiti
265 3620 296 3687 6.
343 3625 411 3689 Uno
444 3627 610 3706 quadrante
643 3636 713 3708 post
746 3627 833 3707 digiti
864 3624 906 3703 «13
940 3627 1047 3690 exinde
1071 3622 1101 3689 3.
1127 3622 1198 3701 45’;
1228 3622 1259 3688 3.
1284 3620 1355 3699 24’;
1388 3620 1419 3687 3.
1447 3620 1508 3700 tb‘,

149 3711 277 3775 dimidia
298 3714 396 3793 prima
421 3713 451 3777 l.
474 3712 548 3790 40⁴,
571 3724 642 3796 post
668 3713 776 3780 1.24’.
821 3716 873 3779 Ab
897 3735 932 3778 eo
956 3726 1090 3795 tempore
1114 3734 1182 3778 cum
1206 3712 1357 3776 videretur
1380 3710 1509 3775 inclina-

149 3800 194 3863 tio
218 3802 383 3865 admodum
405 3803 566 3879 mirabilis,
599 3804 772 3867 existimavi
795 3806 921 3868 multum
944 3806 1073 3880 referre,
1103 3811 1138 3865 nt
1164 3801 1318 3866 inclinatio
1342 3809 1427 3864 certa
1449 3800 1508 3863 ha·

147 3888 268 3953 beatur.
315 3892 421 3973 Itaque
449 3892 555 3973 excepi
590 3891 631 3957 10
660 3893 763 3956 radios
795 3892 825 3955 iu
855 3895 947 3974 plano
980 3893 1144 3972 oblongos,
1181 3891 1297 3954 notatis
1329 3889 1448 3971 punctis
1471 3907 1511 3952 ex

149 3995 212 4059 qua
232 3987 325 4059 parte
358 3981 519 4043 deficiebat
545 3981 664 4046 radius:
699 3982 743 4044 sio
775 3980 853 4044 enirn
882 3981 1093 4044 existimabam
1125 3979 1202 4042 radii
1233 3980 1448 4060 projectionem
1480 3975 1510 4040 iu

147 4066 272 4148 longum
295 4066 496 4132 infallibiliter
518 4078 624 4132 notare
648 4070 791 4133 circulum
814 4072 1001 4141 verticalem,
1025 4077 1059 4132 ut
1081 4077 1114 4131 et
1136 4069 1272 4149 superius
1291 4066 1398 4149 papyri
1422 4083 1509 4129 erec-

144 4157 263 4218 tionem
287 4158 535 4238 superplenum,
577 4160 714 4238 quamvis
744 4178 803 4221 non
832 4158 878 4221 ita
904 4167 998 4223 certe.
1045 4158 1111 4220 Hoc
1143 4166 1234 4237 pacto
1266 4154 1432 4218 insidiabar
1457 4153 1508 4216 fiui

147 4244 318 4324 eclipseos:
343 4266 428 4327 quem
452 4247 501 4308 bic
526 4247 650 4320 (ceteris
665 4244 685 4310 9
700 4248 864 4310 schematis
887 4248 968 4311 intra
991 4266 1081 4310 uuum
1104 4246 1197 4307 borae
1220 4245 1416 4326 quadrantem
1431 4240 1507 4304 mis-

145 4334 207 4408 sis)
232 4352 272 4396 ex
292 4334 358 4416 ipso
381 4353 496 4417 papyro
520 4335 575 4398 tibi
599 4344 785 4419 transpongo
810 4336 906 4400 tribus
928 4335 1060 4417 punctis.
1098 4333 1129 4397 A
1151 4354 1230 4416 apex
1244 4328 1378 4407 radii,*)
1402 4329 1451 4412 qui
1474 4329 1505 4393 iu

236 4575 262 4641 ‘l
280 4577 465 4630 Delinsarimus
492 4579 539 4631 boc
570 4588 596 4632 et
620 4583 752 4648 sequeutia
773 4581 905 4634 schemata
927 4582 960 4634 ad
984 4580 1072 4632 eadem
1088 4579 1191 4644 Keplsri
1216 4577 1270 4628 rudi
1293 4590 1369 4626 manu
1394 4573 1501 4637 depicta
1526 4619 1529 4625 .

143 4647 271 4702 Numeros
288 4650 371 4702 lineae
391 4650 437 4701 AB
455 4651 585 4716 adscripsit
604 4651 767 4712 Maestliuus,
787 4655 896 4705 addens:
919 4669 977 4719 ergo
998 4653 1043 4703 ΔΒ
1063 4648 1130 4708 239,
1153 4650 1197 4699 CD
1212 4647 1322 4715 aequalis
1335 4647 1381 4712 ipsi
1404 4645 1445 4694 EF
1458 4640 1501 4694 ²9.

145 4722 234 4786 Gomp.
252 4720 381 4772 Mssstlim
399 4729 530 4787 sequentes
545 4724 644 4783 literas,
674 4725 762 4792 quibus
783 4726 824 4778 ibe
846 4725 943 4777 addidit
958 4724 1088 4776 schemata
1109 4721 1250 4773 accuratius
1270 4718 1412 4773 delineata.
1438 4714 1502 4767 bsss

143 4792 422 4863 Keplesi‘illustrautia

227 4879 316 4930 leplssi
329 4881 405 4934 opera.
426 4882 453 4923 11.
1271 4878 1287 4930 2
