3692 5842
348 509 409 577 114
763 507 865 561 litans
883 509 985 576 Keplerl
1004 505 1154 575 aliorumque
1171 517 1274 560 mutuae

341 688 502 770 quantibus
530 686 620 767 eripit
653 687 843 768 potissimam
876 697 994 768 partem
1026 688 1176 750 radiorum
1209 684 1373 759 Solarium,
1405 681 1550 763 relinquit
1581 678 1703 741 nonnisi

341 797 445 860 parum
470 777 592 856 aliquid.
640 778 722 838 Tunc
747 778 838 856 igitur
870 797 946 858 quae
976 777 1073 838 minus
1105 776 1295 838 illustrantur
1326 774 1424 836 minus
1457 773 1551 833 etiam
1581 777 1704 831 movent

341 868 458 930 oculum
491 867 646 945 minusque
683 866 711 926 in
745 866 796 927 illo
829 887 896 928 sese
936 867 1114 927 diffundunt.
1170 865 1280 926 Deficit
1317 863 1410 943 igitur
1442 880 1501 923 non
1535 866 1590 921 aer
1623 857 1704 920 circa

341 957 470 1028 Lunam,
494 956 546 1017 sed
571 955 698 1016 vitiosus
718 956 768 1016 ille
791 956 899 1017 limbus
923 956 1059 1037 picturae
1083 952 1245 1015 retiiorritis
1262 954 1291 1014 in
1315 952 1400 1014 oculo
1415 970 1469 1013 seu
1491 949 1595 1030 potius
1618 946 1705 1026 vigor

342 1046 406 1125 ejus
430 1045 459 1105 in
485 1043 630 1105 movendo
654 1044 731 1105 visu.

431 1132 492 1195 Sed
517 1132 618 1194 missis
642 1132 689 1193 his
714 1141 832 1193 utamur
855 1131 915 1192 tuis
940 1132 1034 1212 ipsius
1058 1129 1168 1204 verbis,
1194 1147 1270 1209 qnae
1293 1129 1429 1209 proxime
1453 1126 1637 1208 praemittis,
1662 1124 1705 1187 sic

342 1223 498 1285 scribens:
524 1249 605 1304 ,pars
637 1235 786 1287 obscurata
806 1235 903 1287 Lunae
932 1233 1009 1285 coelo
1037 1247 1135 1283 sereno
1162 1247 1213 1299 per
1238 1229 1290 1281 hoc
1320 1228 1500 1297 telescopium
1524 1225 1610 1280 facile
1631 1226 1705 1280 cerni

341 1323 450 1384 potest,
483 1315 584 1383 quippe
610 1331 682 1384 quae
712 1315 815 1385 aliquid
846 1322 939 1367 tamen
965 1311 1073 1364 luminis
1103 1310 1202 1373 habet,
1234 1326 1287 1362 non
1314 1309 1425 1377 penitus
1456 1307 1609 1361 tenebrosa
1634 1307 1704 1360 est·

342 1393 428 1453 llaec
453 1394 547 1453 tude
572 1392 609 1452 iis
634 1393 739 1453 Lunae
764 1394 894 1454 falcatae
919 1390 1066 1470 partibus,
1091 1407 1167 1467 qnae
1191 1396 1262 1449 snut
1284 1388 1405 1467 penitus
1433 1386 1588 1448 involutae
1613 1383 1706 1458 nocti,

343 1501 403 1562 qua
426 1481 494 1541 illas
519 1481 645 1541 involvit
675 1482 812 1561 opacitas
841 1480 921 1559 globi
947 1479 992 1541 sui
1023 1477 1150 1557 proprii,
1185 1477 1269 1555 cujus
1299 1494 1371 1557 pars
1400 1482 1488 1536 sunt:
1523 1493 1582 1554 quo
1613 1475 1707 1535 multo

345 1569 442 1648 magis
466 1587 522 1648 ego
546 1587 669 1648 possum
701 1589 846 1649 usurpare
878 1570 914 1629 de
948 1567 1084 1647 partibus
1109 1566 1146 1626 iis
1169 1566 1273 1626 Lunae
1307 1565 1489 1639 deficientis,
1523 1581 1602 1642 quae
1636 1561 1707 1624 licet

346 1658 407 1719 sint
430 1657 459 1719 in
480 1667 577 1731 nocte,
604 1677 691 1738 quam
709 1659 814 1737 globus
837 1657 948 1719 Terrae
968 1677 987 1717 a
1011 1653 1183 1733 longissimo
1207 1655 1368 1715 intervallo
1387 1653 1487 1732 erigit,
1512 1659 1586 1713 sunt
1604 1658 1707 1712 tamen

347 1747 376 1807 in
392 1746 486 1808 radiis
502 1744 583 1808 Solis
599 1747 756 1808 refractis:
777 1757 830 1808 aut
844 1747 880 1807 de
896 1747 932 1807 iis
948 1765 1023 1826 qnae
1034 1745 1098 1821 jann
1114 1742 1207 1804 voluti
1222 1742 1370 1821 quoddam
1386 1742 1549 1804 diluculum
1563 1740 1707 1802 sentiunt.

434 1836 514 1898 Nam
538 1855 590 1896 cnr
614 1855 671 1896 non
705 1837 843 1897 rideatur
874 1834 1047 1915 perspicillo
1071 1852 1143 1912 pars
1166 1831 1269 1892 Lunae
1303 1831 1459 1901 deficiens,
1493 1849 1571 1910 quae
1604 1828 1708 1909 nequit

346 1924 441 1986 uideri
465 1924 560 1985 oculis
584 1924 695 1985 nudis?
728 1945 794 1985 curu
818 1943 889 2003 pars
915 1925 985 1984 licet
1010 1923 1150 1983 deficiens
1172 1921 1213 1981 sit
1236 1930 1337 1982 tamen
1359 1939 1396 1981 ex
1420 1918 1590 1981 visibilibus
1613 1930 1646 1980 et
1668 1917 1709 1979 sit

346 2012 458 2092 insigni
481 2012 587 2074 rubore
612 2013 718 2091 picta?
748 2033 813 2075 curn
838 2033 875 2072 ea
899 2023 1008 2074 natura
1032 2011 1194 2089 perspicilli
1219 2010 1273 2082 sit,
1298 2018 1331 2070 nt
1355 2028 1430 2088 quae
1455 2008 1600 2070 debiliter
1622 2007 1709 2068 ride·

345 2115 451 2163 rentur
475 2101 636 2163 rideantur
660 2102 801 2163 fortiter?
825 2102 932 2162 Nonne
957 2112 1038 2161 recte
1062 2101 1170 2172 fecero,
1195 2098 1220 2158 si
1242 2097 1326 2159 Tibi
1347 2096 1545 2169 Germano,
1571 2095 1711 2176 diligenti

348 2191 467 2270 quidem
502 2189 690 2251 observatori
724 2191 777 2251 sed
812 2190 977 2268 indulgenti
1008 2188 1067 2248 tuis
1092 2186 1294 2266 opinionibus,
1322 2184 1535 2248 Galilaeum
1569 2184 1711 2247 Italum

346 2297 526 2359 opposuero,
551 2280 599 2358 qni
625 2280 653 2339 iu
678 2298 743 2352 usn,
770 2280 884 2357 dequo
908 2279 1036 2357 agimus,
1061 2274 1216 2353 telescopii
1240 2276 1349 2336 ceteris
1372 2275 1523 2355 plerisque
1547 2274 1656 2336 ducem
1679 2291 1712 2333 se

344 2367 511 2447 praebuit?
537 2368 640 2428 l'erba
664 2370 727 2446 ejus
752 2369 788 2427 de
812 2367 917 2445 eclipsi
942 2368 1046 2427 Lunae
1071 2365 1140 2425 anni
1168 2359 1261 2425 1610.
1287 2362 1341 2427 30.
1362 2365 1435 2425 Dec.
1460 2372 1569 2425 extant
1592 2363 1623 2424 in
1649 2363 1713 2442 ejus

345 2457 485 2535 epistola,
510 2457 644 2535 praelixa
669 2476 753 2517 meae
777 2456 974 2534 Dioptticae:
1000 2465 1095 2526 „stota
1109 2464 1223 2517 umbrae
1247 2463 1415 2526 indistincta,
1438 2465 1601 2518 condisses
1624 2459 1713 2516 veluti

347 2546 515 2600 obnubilata
541 2547 687 2616 apparuit,
719 2563 814 2609 causa,
841 2547 905 2616 qnia
931 2545 1073 2614 consurgit
1101 2545 1198 2597 umbra
1219 2561 1237 2596 a
1262 2546 1349 2598 Terra
1381 2544 1543 2615 longissime
1571 2559 1590 2596 a
1615 2543 1714 2596 Lunae

347 2626 491 2695 corporo*
544 2625 628 2686 llaec
662 2626 732 2686 ille:
766 2644 841 2704 qnae
875 2624 1000 2703 potuisti
1026 2624 1126 2700 legere
1160 2622 1286 2702 indeque
1315 2624 1446 2691 discere,
1479 2624 1605 2684 limbum
1629 2621 1714 2682 illum

347 2715 453 2775 Lunae
477 2734 496 2773 a
519 2714 562 2774 Te
590 2714 687 2775 risum
721 2713 814 2774 luisse
850 2713 970 2793 qualern
995 2712 1023 2772 in
1057 2713 1179 2784 nrulna,
1219 2713 1271 2773 sed
1305 2732 1381 2791 quae
1415 2722 1481 2774 eret
1513 2712 1614 2772 diluta
1647 2710 1716 2770 luce

345 2802 489 2944 ξεευηξᾶ,
524 2801 592 2862 Non
618 2803 753 2881 sequitur
772 2802 877 2880 igitur:
906 2811 1032 2872 „ridetur
1060 2810 1158 2863 limbus
1185 2827 1236 2879 per
1262 2811 1458 2879 telescopiurn,
1489 2827 1560 2882 ergo
1586 2825 1644 2862 non
1670 2815 1716 2860 est

346 2909 373 2946 tn
395 2909 440 2945 um
461 2893 521 2943 ra.“

437 2969 530 3030 Aliud
555 2968 770 3030 firmamentum
795 2969 884 3028 ailers
910 2988 947 3029 ex
971 2968 1031 3029 alia
1055 2968 1281 3028 observatione:
1309 2980 1426 3040 ,limbus
1437 2977 1528 3048 partis
1542 2978 1716 3032 obscuratae

347 3060 375 3114 iu
396 3059 491 3127 eclipsi
514 3058 624 3111 minima
645 3075 697 3111 non
719 3071 810 3128 potest
834 3060 911 3112 nudis
941 3060 1027 3112 oculis
1049 3059 1137 3118 cerni.
1166 3076 1225 3111 curn
1253 3067 1345 3112 tarrreu
1367 3060 1446 3113 nudis
1472 3059 1561 3112 oculis
1581 3069 1718 3113 cernatur

347 3147 376 3193 et
398 3138 562 3191 aestimetur
581 3138 678 3191 Lunae
700 3140 833 3191 detectus.
875 3140 952 3209 Ergo
974 3140 999 3192 id
1027 3140 1097 3208 quod
1126 3139 1216 3191 delicit
1237 3146 1279 3190 est
1307 3142 1401 3192 tunica
1428 3140 1480 3192 illa
1505 3139 1586 3192 adria
1605 3139 1716 3198 Lunae.

347 3219 408 3272 luco
437 3235 488 3271 sna
515 3227 616 3288 tegens
637 3219 743 3272 Lunam
772 3229 859 3272 totam
890 3232 972 3272 extra
1002 3220 1125 3272 umbram
1156 3219 1322 3271 existentem
1344 3228 1374 3272 et
1404 3221 1564 3289 dependens
1594 3219 1718 3274 ulterius

346 3298 434 3351 veluti
463 3299 535 3350 iufra
566 3298 650 3367 pedes
671 3299 782 3362 Lunae,
815 3298 853 3349 sic
874 3307 904 3352 ut
936 3299 1053 3352 delibari
1080 3299 1115 3349 ab
1146 3300 1243 3351 umbra
1263 3307 1293 3352 et
1318 3300 1397 3369 qnasi
1428 3299 1586 3370 praescindi
1615 3299 1717 3369 possit.

348 3377 454 3432 illaesis
476 3378 550 3430 illins
573 3377 659 3430 veluti
682 3380 806 3447 pedibus.

437 3458 507 3511 liam
530 3458 551 3509 si
574 3457 674 3511 limbus
701 3459 758 3511 reri
785 3457 906 3526 corporis
928 3457 1024 3509 Lunae
1045 3472 1158 3509 manens
1185 3467 1268 3509 extra
1293 3459 1417 3512 umbram
1443 3475 1497 3511 non
1526 3465 1678 3528 tegeretur
1699 3473 1719 3511 a

346 3539 443 3592 tunica
465 3538 565 3599 lucida,
589 3546 616 3590 et
632 3538 653 3590 si
670 3557 705 3592 ex
721 3539 770 3592 illa
789 3539 882 3590 tunica
903 3555 965 3588 sese
987 3546 1115 3588 exereret
1137 3537 1253 3589 ulterius
1272 3539 1299 3590 in
1320 3539 1453 3599 umbram,
1475 3545 1572 3608 posset
1594 3555 1613 3590 a
1635 3539 1717 3592 uobis

345 3618 432 3671 videri
455 3618 540 3671 etiam
562 3618 589 3671 iu
617 3620 714 3671 umbra
737 3618 814 3672 nudis
848 3616 952 3669 oculis:
984 3634 1037 3668 non
1058 3627 1135 3669 curet
1156 3617 1227 3668 eninr
1258 3619 1381 3687 corporis
1411 3619 1512 3671 limbus
1534 3633 1586 3670 suo
1611 3619 1718 3672 rubore

345 3700 427 3751 valde
449 3699 610 3767 conspicuo,
633 3699 718 3751 etiam
739 3715 799 3751 curn
821 3697 847 3749 in
871 3696 968 3748 nrtrbra
989 3705 1047 3747 cst:
1075 3705 1102 3747 ct
1125 3696 1209 3748 videri
1235 3706 1330 3765 potest
1351 3699 1378 3751 iu
1400 3699 1567 3768 profundam
1588 3699 1718 3752 umbram

347 3778 498 3847 ingressus,
521 3794 569 3830 cur
590 3795 644 3829 uon
666 3779 805 3830 rideretur
826 3777 854 3829 in
875 3775 989 3828 umbrae
1010 3781 1175 3828 exueruut*

438 3871 638 3949 Respondeo:
664 3892 716 3933 cnr
740 3882 772 3932 et
792 3890 849 3932 non
874 3871 1013 3931 rideatur
1034 3871 1120 3930 nudis
1144 3871 1238 3932 uctrlis
1255 3871 1362 3933 limbus
1381 3875 1537 3953 jamvero
1559 3875 1718 3948 deficiens,

348 3970 380 4019 et
403 3977 455 4020 cur
480 3978 550 4037 pars
576 3960 695 4020 residua
719 3960 824 4020 Lunae
850 3959 947 4019 adhuc
977 3958 1075 4019 lucida
1105 3960 1242 4020 rideatur
1272 3961 1360 4022 latior
1392 3983 1481 4041 quarn
1513 3972 1563 4025 est
1596 3983 1719 4038 revera,

350 4054 517 4108 causaest
547 4048 670 4118 eadem,
704 4068 746 4110 sc.
776 4047 984 4130 propinquitas
1019 4047 1180 4108 lucidorum
1205 4061 1235 4109 et
1265 4049 1477 4113 obscurorum:
1512 4062 1546 4114 et
1578 4054 1721 4116 conlusio

350 4136 536 4216 picturarum
561 4135 588 4194 iu
614 4155 702 4196 unum
727 4137 823 4196 locunt
848 4136 934 4207 oculi,
960 4149 1120 4214 superante
1146 4136 1254 4196 lucido.

441 4223 519 4284 ¹Natu
552 4243 617 4284 curu
650 4224 757 4285 limbus
789 4224 923 4302 corporis
961 4224 1102 4283 deficiens
1140 4225 1283 4302 pingatur
1314 4245 1369 4286 suo
1404 4227 1470 4288 loco
1504 4228 1535 4289 iu
1569 4231 1722 4292 retilormi

354 4312 458 4372 tunica
481 4329 534 4388 per
559 4313 695 4373 ruborem
719 4332 804 4372 suurn
829 4311 996 4382 residuum,
1022 4312 1157 4389 corporis
1186 4314 1284 4373 vicina
1307 4332 1379 4391 pars
1404 4316 1554 4378 luminosa
1583 4318 1723 4382 debebat

350 4400 442 4459 etiam
466 4400 496 4460 in
521 4400 667 4462 retilbrnri
693 4400 795 4461 tunica
819 4399 901 4477 pingi
926 4399 1059 4477 proxime
1086 4400 1177 4470 illam,
1201 4402 1255 4461 sed
1279 4421 1333 4460 suo
1358 4403 1424 4464 loco
1449 4415 1580 4470 tantum.

441 4487 578 4566 Pingitur
597 4501 698 4549 auteur
719 4489 844 4549 ulterius
865 4499 895 4546 et
919 4487 1144 4564 superpingitur
1166 4489 1302 4566 picturae
1323 4491 1405 4553 lirubi
1431 4493 1603 4556 deficientis
1623 4496 1722 4558 radiis

351 4574 480 4636 ritiosis.
528 4576 592 4636 utut
617 4577 688 4637 licet
712 4595 769 4636 nou
795 4575 940 4636 dilatetur
968 4574 1085 4651 pictura
1108 4595 1161 4653 per·
1186 4577 1304 4650 ritintu,
1338 4593 1439 4641 tarnen
1471 4583 1600 4661 spiritns
1624 4585 1723 4647 ctiam

351 4664 388 4734 is,
415 4663 465 4742 qni
490 4673 535 4723 est
561 4663 589 4723 in
614 4675 703 4742 parte
727 4665 863 4741 picturae
888 4662 1016 4732 obscuri,
1041 4665 1133 4723 sentit
1153 4683 1206 4742 per
1229 4668 1440 4744 contagionem
1465 4670 1562 4733 lucem
1586 4673 1722 4736 vicinam

352 4769 447 4829 eoque
472 4770 529 4810 nou
555 4753 648 4813 sentit
671 4752 819 4830 picturam
844 4750 961 4810 obscuri
987 4760 1018 4808 ut
1043 4750 1227 4812 debiliorem.
1273 4754 1321 4815 lta
1345 4755 1374 4815 in
1399 4760 1486 4819 oculo
1510 4762 1616 4823 sensio
1640 4762 1721 4840 tegit

353 4840 540 4910 sensionem,
573 4859 761 4918 nequaqnam
795 4839 823 4898 in
858 4837 941 4897 coelo
975 4840 1100 4898 earinisia
1130 4842 1213 4900 seria
1236 4841 1365 4904 Lunam.
1413 4846 1453 4907 Et
1483 4848 1722 4912 instrumentum

355 4925 495 4986 visorium
520 4936 620 5004 potest
645 4927 745 4989 delere
770 4927 939 4987 sensionem
964 4926 1113 4992 vitiosam,
1138 4929 1295 5008 detergere
1319 4933 1405 5012 quasi
1430 4935 1520 4998 villos
1544 4939 1616 5000 illos
1640 4939 1720 5002 luci.

355 5011 468 5088 dorum,
493 5023 526 5072 ut
549 5015 590 5076 sit
614 5015 715 5074 sensio
739 5014 917 5085 emendata;
943 5015 971 5074 in
996 5016 1110 5075 coelum
1137 5015 1233 5095 ipsum
1256 5018 1329 5081 nibil
1354 5033 1469 5103 potest.
