3692 5842
1677 481 1846 548 caput
1881 481 1945 532 v.
1985 480 2044 534 a.
3093 482 3227 552 253

499 670 634 726 esto
699 659 934 722 tabella
1003 678 1196 739 opaca
1252 654 1414 733 DG,
1489 658 1779 720 foramine

495 760 718 831 patens
799 745 911 810 EF
993 746 1333 827 angustiori
1419 765 1598 827 quam
1682 756 1782 809 est

495 840 732 919 globus.
828 835 1092 900 visibile
1153 836 1238 899 sit
1296 836 1410 897 HI.
1504 836 1778 916 Papyrus

490 929 549 992 in
575 928 658 1004 K,
693 926 799 988 ubi
839 925 1193 989 intersectio
1231 933 1539 1004 postrema
1568 925 1775 986 radia-

490 1016 722 1080 tionum
768 1034 846 1076 ex
889 1016 969 1078 Η.
1065 1011 1243 1085 Quod
1281 1013 1335 1075 si
1382 1014 1611 1077 tabella
1657 1014 1773 1075 ab-

488 1114 676 1180 esset,
707 1123 819 1185 per
847 1101 955 1169 20.
996 1103 1396 1183 praemissam
1425 1104 1455 1164 Ι
1493 1102 1773 1186 pingeret

488 1215 556 1258 se
601 1194 824 1257 ultima
859 1211 1122 1256 suarum·
1147 1192 1548 1254 radiationum
1575 1191 1772 1254 inter.-

486 1284 760 1346 sectione
807 1282 867 1343 in
914 1282 996 1352 L,
1054 1289 1118 1344 et
1159 1281 1220 1342 H
1272 1288 1557 1362 punctum
1603 1280 1663 1342 in
1710 1279 1770 1342 K

486 1380 732 1454 puncto,
763 1371 973 1434 radios
992 1389 1137 1432 vero
1165 1388 1447 1432 conorum
1478 1368 1768 1430 laterales

486 1464 880 1535 intersectas,
930 1460 1190 1522 alterum
1236 1459 1296 1520 in
1343 1458 1595 1519 alterius
1634 1458 1769 1519 loca

485 1548 982 1614 intersectionum
1064 1546 1450 1628 projicerent.
1592 1546 1767 1607 Nunc

484 1638 772 1721 opposita
824 1636 1058 1699 tabella
1115 1655 1234 1706 non
1279 1635 1415 1715 plus
1462 1634 1765 1696 radiorum

485 1747 558 1792 ex
619 1728 680 1790 H
745 1726 958 1789 defluit
1018 1726 1079 1788 in
1154 1725 1512 1803 sphaeram,
1585 1742 1763 1803 quam

484 1825 774 1899 quantum
820 1833 929 1895 per
973 1813 1081 1875 EF
1123 1821 1328 1892 potest
1373 1821 1438 1874 et
1483 1822 1764 1891 quantum

484 1907 608 1970 fere
666 1906 727 1967 in
790 1904 849 1965 K
912 1902 1162 1965 confluit
1225 1905 1544 1981 (quantum
1608 1901 1765 1963 alias

482 1995 665 2058 etiam
695 1993 828 2056 sine
858 1993 1096 2071 objectu
1118 1991 1467 2072 perforatae
1496 1990 1762 2052 tabellae
1833 2007 1873 2047 u

479 2084 754 2165 proxime
815 2082 874 2143 K
937 2082 1255 2143 terminum
1316 2079 1761 2141 intersectionis

481 2173 734 2236 ultimae
781 2171 1249 2243 accumulatur),
1300 2178 1365 2230 et
1409 2186 1594 2229 conus
1640 2167 1758 2229 iste

481 2262 744 2343 quadam
813 2259 999 2322 veluti
1073 2258 1386 2338 putatione
1452 2256 1755 2328 minuitur,

478 2361 547 2415 ut
606 2351 804 2413 nullos
868 2349 1233 2410 internectus
1277 2347 1338 2408 in
1385 2345 1440 2408 L
1494 2344 1756 2425 jaculari

479 2441 640 2503 ibive
732 2436 1143 2500 confusionem
1232 2451 1446 2515 parere
1536 2433 1752 2513 possit.

485 2527 775 2592 Vicissim
820 2525 1227 2588 radiationnm
1274 2543 1349 2585 ex
1387 2525 1417 2585 I
1463 2541 1649 2585 conus
1696 2524 1753 2582 in

478 2619 532 2681 L
576 2615 992 2680 terminandus
1057 2613 1240 2693 plane
1299 2619 1605 2674 castratus
1659 2619 1757 2673 est

476 2707 724 2787 objectu
767 2703 881 2766 DE
928 2702 1194 2765 tabellae
1241 2702 1616 2764 nobilissima
1660 2700 1752 2761 sui

475 2803 671 2875 parte,
722 2811 934 2872 nempe
965 2791 1301 2853 radiatione
1338 2808 1446 2869 per
1484 2797 1755 2852 centrum

473 2887 533 2947 A
579 2893 646 2947 et
692 2881 1031 2946 clarissimo
1079 2899 1359 2943 mucrone
1397 2881 1470 2953 L,
1520 2886 1753 2940 tantum

480 2975 694 3048 abest,
761 2979 833 3035 ut
887 2970 1204 3051 quicquam
1264 2969 1323 3030 in
1378 2968 1440 3029 K
1503 2975 1761 3047 spargat

482 3065 560 3126 ad
622 3060 1031 3125 confusionem
1097 3058 1451 3121 faciendam.
1542 3057 1760 3119 Relin-

484 3152 686 3236 quitur
734 3158 936 3211 autem
984 3147 1422 3210 radiationibus
1460 3165 1537 3207 ex
1569 3147 1600 3208 I
1645 3165 1762 3207 non

484 3240 764 3322 amplius,
815 3256 990 3318 qnam
1038 3236 1196 3318 qnod
1239 3255 1347 3319 per
1382 3236 1491 3298 EF
1535 3235 1765 3316 ingredi

484 3336 714 3412 potest.
793 3327 949 3390 Illud
998 3346 1141 3389 vero
1189 3323 1469 3408 quicquid
1517 3335 1616 3386 est
1660 3326 1982 3405 radiorum,
2031 3351 2168 3395 sese
2205 3351 2316 3413 per
2361 3331 2741 3396 latitudinem
2785 3336 2910 3398 MN
2957 3355 3208 3400 succes-

484 3420 616 3482 sive
663 3417 1000 3480 intersecat
1043 3433 1151 3494 per
1202 3410 1304 3479 19.
1352 3413 1779 3495 praemissam,
1830 3426 1894 3480 et
1942 3420 2073 3500 jam
2122 3420 2552 3486 intersectione
2613 3422 2782 3485 facta
2825 3426 3050 3488 transit
3093 3425 3211 3489 AL

486 3506 819 3587 inciditque
867 3505 926 3567 in
972 3523 1265 3586 papyrum
1313 3505 1372 3567 in
1410 3504 1469 3566 K
1517 3504 1796 3583 positam,
1846 3509 2092 3588 propius
2141 3529 2318 3590 qnam
2367 3518 2465 3571 est
2501 3509 2575 3584 L,
2625 3519 2688 3573 et
2726 3532 2842 3574 non
2886 3515 2963 3575 ad
3010 3532 3205 3594 punc-

486 3607 629 3671 tum,
681 3596 792 3657 sed
840 3593 1119 3674 sparsim,
1168 3593 1310 3674 quia
1353 3593 1411 3656 in
1451 3594 1575 3656 MN
1616 3594 1746 3674 jam
1797 3595 1962 3658 facta
2000 3608 2098 3660 est
2142 3599 2515 3661 intersectio.
2592 3600 2925 3679 Propterea
2971 3604 3208 3682 pictura

483 3708 524 3749 a
564 3684 868 3749 lateribus
932 3683 1193 3745 obscura
1259 3690 1323 3743 et
1385 3682 1637 3744 confusa
1700 3691 1815 3747 est.
1911 3683 2089 3756 Quod
2146 3688 2199 3748 si
2262 3706 2554 3768 papyrum
2601 3711 2640 3751 a
2705 3690 2894 3752 latere
2961 3692 3206 3771 propius

486 3775 837 3844 admoveas,
883 3772 1107 3834 rectius
1155 3772 1395 3851 quidem
1441 3772 1763 3853 pingentur
1810 3773 2028 3849 latera,
2079 3795 2379 3856 nunquam
2429 3785 2629 3840 tamen
2677 3781 3014 3860 exquisite:
3063 3781 3206 3860 quia

483 3861 951 3928 intersectiones
1017 3879 1132 3922 non
1201 3870 1439 3923 tantum
1481 3861 1542 3922 in
1599 3863 1955 3941 profundum
2011 3864 2139 3927 MN
2213 3866 2400 3945 (quod
2466 3884 2679 3947 parum
2742 3869 3029 3943 referret)
3095 3870 3202 3931 sed

485 3953 674 4016 stiam
726 3952 783 4012 in
835 3951 1021 4014 latum
1070 3958 1456 4029 sparguntur.

665 4038 937 4119 Cumque
985 4039 1043 4100 in
1090 4039 1198 4102 EF
1262 4039 1345 4100 sit
1408 4040 1575 4101 facta
1636 4038 1992 4103 intersectio
2037 4040 2124 4102 ΙΕ
2172 4048 2237 4103 et
2281 4042 2366 4105 IF
2412 4062 2543 4105 cum
2590 4044 2746 4111 HK,
2815 4046 3212 4109 terminentur

486 4148 630 4196 vero
677 4129 838 4192 radii
883 4128 1157 4209 (objectu
1203 4129 1415 4208 papyri
1467 4129 1525 4190 in
1574 4128 1651 4201 K,
1701 4129 1755 4189 N
1807 4128 1941 4189 loco
1998 4148 2323 4192 concursus
2382 4132 2715 4206 radiorum)
2763 4134 2824 4194 in
2871 4135 2996 4196 MN
3042 4135 3209 4214 prius

488 4239 669 4302 quam
716 4219 834 4282 AL
879 4224 1225 4291 transeant,
1291 4235 1400 4296 per
1451 4213 1554 4280 19.
1602 4217 2029 4296 praemissam,
2095 4237 2239 4299 ergo
2286 4240 2364 4281 ex
2409 4221 2639 4284 dextris
2688 4222 2718 4282 I
2763 4222 2913 4285 flunt
2958 4223 3210 4286 sinistra

491 4309 640 4383 MN.
684 4327 799 4371 nec
843 4307 974 4370 fieri
1019 4314 1251 4388 potest,
1296 4313 1366 4367 ut
1412 4325 1571 4367 nova
1617 4306 1886 4366 sectione
1933 4307 2151 4370 dextra
2196 4309 2479 4371 evadant.

663 4399 1011 4477 Angustam
1060 4403 1262 4458 autem
1328 4395 1708 4457 fenestellam
1754 4394 1861 4456 EF
1908 4403 2151 4475 oportet
2196 4415 2362 4465 esse,
2432 4418 2508 4460 ne
2555 4399 2737 4461 latior
2784 4399 2950 4461 facta
3012 4397 3208 4461 officio

489 4489 602 4550 lnoc
647 4505 758 4550 suo
807 4484 1093 4548 excidat:
1141 4483 1479 4564 proximam
1528 4484 1725 4564 globo,
1776 4504 1848 4545 ne
1898 4485 2074 4549 nimis
2122 4506 2331 4567 parum
2382 4496 2446 4549 et
2490 4486 2798 4550 confusius
2846 4487 3084 4568 quidem
3131 4487 3206 4548 de
3281 4481 3289 4488 ’

489 4574 935 4656 hemisphaerio
982 4574 1140 4638 intro
1187 4574 1408 4635 radiet.

665 4673 1166 4732 Corollarium.
1236 4677 1494 4744 Apparet
1533 4672 1661 4726 hinc
1701 4691 1775 4727 ex
1816 4679 1981 4744 parte
2023 4690 2154 4727 usus
2197 4673 2476 4728 foraminis
2519 4690 2696 4729 uveae
2738 4676 2794 4729 in
2836 4675 3031 4728 oculo:
3075 4673 3206 4728 item

492 4773 659 4830 quare
702 4758 889 4813 latera
929 4755 1149 4810 retinae
1188 4755 1416 4825 propius
1460 4755 1685 4807 admota
1726 4753 2055 4825 crystallino
2098 4769 2260 4824 quam
2302 4754 2522 4809 fundus.

659 4842 1100 4926 Propositio
1160 4841 1402 4905 XXIV.
1515 4840 1799 4903 Radius
1864 4842 2064 4904 intra
2129 4841 2438 4904 densius
2510 4841 2822 4903 medium
2899 4859 3205 4904 conver-

498 4945 759 5015 gentcs
839 4951 1098 4995 versus
1174 4932 1364 4994 idem
1447 4930 1754 5010 aliquod
1837 4938 2217 5011 punctum,
2301 4930 2761 5009 superficies
2844 4930 3206 4994 conoides

501 5022 994 5109 hyperbolica
1027 5020 1334 5086 medium
1364 5018 1787 5082 terminans
1824 5018 2128 5100 colligit
2155 5019 2241 5083 ad
2273 5037 2479 5082 unum
2507 5018 2807 5103 aliquod
2842 5028 3203 5101 punctum,
