3692 5842
812 485 895 536 Nosse
914 486 1029 538 444444.
1531 482 1595 551 831

333 656 688 726 impertinentia
705 668 744 712 est
764 663 812 712 hoa
835 663 899 728 4444
926 664 987 713 41414
1004 664 1127 728 Keplems
1152 680 1213 729 opus
1232 664 1372 716 (1444444144
1396 664 1460 715 illius
1478 663 1596 716 Gamera-

244 733 326 785 censis
345 730 373 795 (1
394 727 731 793 14241),044444444144
749 737 915 784 astronomiae
932 751 989 786 cnm
1006 735 1140 802 theologia,
1160 738 1339 788 concordantia
1357 738 1522 788 astronomiae
1540 751 1599 788 oum

243 801 362 856 lirstorioa
388 806 545 860 narratione
574 812 601 855 et
628 805 788 856 elucidarium
816 806 917 856 duorum
946 811 1172 871 praecedentium!
1210 809 1292 859 Editio
1320 808 1433 872 princeps
1451 808 1489 858 hia
1514 809 1598 860 1141444

244 876 348 933 verbis2,
368 875 452 940 ,Opus
471 876 662 926 concordantiae
690 878 856 927 astronomiae
880 893 936 927 cnm
962 877 1090 945 theologia
1105 878 1151 931 sc
1171 881 1272 946 explicit
1297 879 1402 930 feliciter
1420 879 1455 929 M.
1475 877 1598 929 Ι14444414

242 946 335 1013 augeli
352 949 396 996 riri
415 948 555 1011 peritissimi
574 948 684 1014 diligenti
709 950 874 1007 correctione,
895 949 1047 1015 Erbardique
1065 947 1171 1002 Rmuotr
1188 954 1252 1001 mira
1278 951 1521 1014 imprimendiarte:
1550 963 1602 1015 qua

243 1033 322 1083 nuper
339 1021 365 1069 44
376 1020 490 1069 Veuetiis
508 1034 574 1070 nuuc
586 1020 716 1085 Augustae
728 1020 913 1071 deelioomm
933 1022 1031 1090 excellit
1047 1021 1264 1072 nominatissimus.
1285 1019 1409 1071 4114444
1427 1022 1485 1071 144.
1502 1017 1597 1070 ttae!

245 1091 401 1155 0444414444
420 1097 459 1140 444
477 1097 598 1142 4444444444
618 1091 649 1141 44
668 1092 782 1141 concord.
812 1098 871 1143 astr.
890 1106 947 1141 cum
969 1094 1045 1143 theol.
1066 1108 1131 1143 anno
1153 1091 1221 1143 1414
1248 1096 1289 1151 ,,14
1313 1094 1414 1143 civitate
1433 1091 1598 1150 Coloniensi,u

246 1169 369 1215 4444444444
389 1163 507 1227 posterior
527 1164 679 1226 ,completus
696 1165 722 1212 in
741 1164 841 1213 41444444
860 1163 993 1214 Basilieusi
1011 1173 1035 1215 a.
1056 1163 1134 1213 1414.
1149 1168 1244 1216 mensis
1262 1164 1325 1227 Mali
1344 1164 1385 1215 dle
1403 1164 1527 1215 decima)⁸

334 1241 527 1305 Coniunctiouas
544 1242 613 1292 loris
632 1250 659 1293 et
676 1242 776 1293 Saturni
799 1245 867 1296 rarle
894 1252 1071 1308 comparantur
1094 1260 1138 1309 per
1164 1252 1243 1295 totum
1262 1245 1329 1296 huno
1346 1245 1434 1295 librum
1453 1250 1479 1294 44
1496 1246 1600 1295 441444

245 1317 347 1367 turbant
372 1316 449 1363 virum
476 1315 616 1379 religiosum
635 1316 666 1364 ob
684 1315 733 1363 vim
760 1315 936 1399 astrologicam
953 1318 979 1365 iu
1002 1332 1040 1367 res
1069 1317 1261 1368 ecclesiasticas.
1301 1316 1494 1373 „Resolutionea
1512 1316 1600 1368 Satur·

245 1388 331 1437 nales“
352 1394 378 1437 et
397 1388 582 1448 conjunctiones
600 1387 673 1435 trium
691 1387 843 1449 superiorum
861 1402 966 1452 magnos
984 1385 1101 1439 habuisse
1124 1388 1271 1440 4114444444
1291 1390 1404 1439 ciuitates
1423 1396 1449 1439 44
1467 1389 1600 1441 ecelesiam

245 1459 386 1510 Romanam
412 1458 582 1508 indubitanter
609 1457 718 1527 affirmat
737 1457 894 1516 cardinalis,
914 1465 941 1508 et
959 1462 1087 1510 recensitio
1106 1458 1140 1525 22
1161 1460 1333 1519 ,scismatibus
1351 1459 1490 1510 ecelesiae“
1515 1461 1602 1512 addit.

248 1529 357 1591 „nullum
385 1530 477 1578 scisma
494 1528 607 1578 tamdiu
633 1518 804 1593 perseverasse
831 1529 938 1595 legitur,
967 1546 1042 1594 quam
1069 1545 1207 1595 praesens,
1234 1532 1299 1598 4444
1324 1533 1395 1596 pejus
1421 1538 1460 1582 cst
1477 1537 1504 1583 44
1521 1529 1602 1598 magia

245 1601 387 1652 induratum
409 1600 518 1666 44414444
544 1601 718 1663 praecedente.
757 1600 796 1650 dd
814 1600 887 1664 hujus
915 1602 1146 1654 exterminationem
1174 1602 1320 1659 decretum,
1344 1602 1391 1652 1444
1415 1616 1481 1653 auno
1506 1617 1603 1653 sacrum

246 1672 377 1724 444441144
405 1672 640 1737 congregandum,
632 1688 658 1721 ru
687 1673 786 1723 civitate
806 1671 1010 1729 constanciensi,
1039 1675 1080 1724 nbi
1107 1690 1150 1724 rex
1168 1674 1337 1724 Romanorum
1362 1678 1388 1723 44
1406 1672 1543 1740 Ungariae'
1559 1689 1602 1725 rex
1626 1680 1629 1686 ’

246 1744 357 1810 promisit
374 1742 518 1793 iuteresse.“
555 1740 607 1804 (De
626 1744 669 1803 iis,
698 1758 762 1808 4444
788 1751 875 1793 eontra
892 1744 1010 1793 llussium
1030 1744 1186 1795 (3444444444
1212 1746 1352 1811 agebantur
1369 1750 1395 1794 et
1413 1752 1532 1810 quantum
1549 1746 1602 1810 lpse

246 1818 288 1868 hie
301 1815 440 1866 Cardinalis
452 1815 590 1870 interfuerit
602 1815 637 1864 illl
651 1817 791 1865 tententiae
804 1822 892 1865 contra
904 1816 1031 1873 Hussium,
1050 1817 1166 1902 legantur
1177 1816 1308 1876 1414444141)
1332 1816 1469 1880 Keplerum
1486 1821 1604 1868 44444444

248 1893 431 1953 perscrutatum
449 1900 504 1936 4444
521 1886 588 1935 huuc
606 1886 694 1939 librum
713 1895 739 1937 et
757 1901 821 1951 4444
838 1889 885 1950 ipsi
903 1887 1038 1951 placebant
1056 1890 1150 1952 passim
1167 1903 1241 1939 snum
1259 1890 1284 1938 44
1302 1903 1374 1938 usum
1392 1889 1509 1946 vertisse,
1535 1903 1602 1940 oom-

246 1965 366 2026 parantes
383 1960 508 2022 utriusque
525 1959 645 2021 scriptum
663 1958 876 2022 deprehendimus.

336 2043 427 2111 40)4.
448 2043 508 2095 732.
535 2047 693 2112 Georgius
712 2047 886 2098 Elchlerus
906 2048 1006 2108 (Pastor
1019 2048 1179 2111 Gdrircensrs)
1198 2050 1239 2115 qui
1258 2045 1414 2099 44441407.
1430 2048 1604 2102 0414444444

248 2127 275 2174 44
291 2125 429 2170 tractatum
446 2119 477 2169 44
496 2123 595 2168 cometa
612 2120 771 2182 conscripsit,
798 2120 923 2183 quaedam
940 2120 1044 2185 Kepleri
1070 2121 1139 2172 diota
1155 2136 1170 2171 e
1187 2121 1248 2171 libro
1272 2121 1303 2170 de
1324 2119 1405 2172 Stella
1422 2134 1488 2171 nora
1505 2121 1604 2172 desum-

248 2193 310 2244 sisse
328 2190 431 2241 ridetur.
469 2188 527 2249 Qua
544 2204 571 2239 re
589 2196 670 2240 motus
686 2190 819 2276 14441444Ι
828 2191 892 2241 14444
910 2192 934 2242 41
953 2192 1036 2243 dedit:

339 2264 519 2320 Dissimulare
539 2281 595 2320 non
615 2281 726 2333 possum
746 2265 885 2336 geminam
906 2282 924 2319 a
945 2273 973 2319 te
995 2267 1098 2320 144444
1124 2265 1189 2320 4141
1218 2264 1356 2334 injuriam.
1398 2266 1468 2321 Naar
1489 2243 1605 2322 etmihi

249 2346 358 2411 tribuis,
381 2362 451 2416 qnae
472 2360 536 2397 moa
555 2362 609 2398 nou
631 2352 704 2407 sunt,
726 2352 755 2399 ot
773 2361 844 2416 quae
863 2363 926 2400 mea
940 2352 1013 2410 suut,
1036 2347 1198 2417 antiquitati
1212 2346 1355 2402 adscribis.
1383 2346 1482 2439 Egone
1497 2346 1604 2417 4441441,

249 2435 372 2486 cometas
393 2429 444 2480 sub
465 2426 574 2480 Lunam
599 2426 782 2479 detrudendos
803 2436 834 2479 et
858 2427 1005 2481 mutationi
1032 2427 1238 2495 subjiciendos?
1272 2428 1354 2498 Rogo
1381 2426 1515 2497 paginam
1540 2427 1605 2484 libri

249 2515 283 2566 de
297 2508 396 2563 Stella.
420 2508 493 2562 Nam
507 2522 568 2576 cap.
583 2505 628 2560 23.
644 2506 692 2559 iol.
711 2506 765 2559 115
780 2509 860 2576 Ι(41114)
879 2507 968 2561 habes
988 2508 1155 2562 contrariam
1168 2524 1258 2561 meam
1275 2506 1459 2562 sententiam:
1482 2515 1604 2563 cometas

249 2589 382 2659 trajicere
402 2605 453 2658 per
478 2604 571 2641 omues
599 2586 748 2655 sphaeras,
777 2595 807 2640 ot
834 2589 948 2642 eundem
974 2596 1107 2642 cometam
1133 2605 1215 2657 posse
1237 2606 1274 2641 ox
1302 2588 1417 2642 aethere
1438 2605 1489 2658 per
1508 2589 1605 2644 Lunae

251 2672 401 2744 sphaeram
421 2684 529 2722 rursum
549 2667 578 2720 iu
598 2667 741 2720 aetherem
763 2666 836 2722 ferri.
877 2669 976 2739 ltaque
998 2669 1125 2739 proxima
1150 2667 1293 2722 occasione
1315 2674 1449 2737 exspecto
1471 2685 1490 2723 a
1509 2674 1551 2732 te,
1573 2675 1607 2724 44

250 2750 400 2809 convincas
421 2766 473 2813 me,
495 2747 552 2802 ista
571 2748 666 2811 verba,
689 2763 760 2818 quae
781 2747 847 2801 mihi
868 2748 976 2814 tribuis,
998 2767 1059 2803 esso
1080 2766 1151 2803 4444

340 2830 455 2893 Deinde,
471 2833 589 2900 questu
607 2826 739 2881 adscribis
761 2828 930 2898 antiquitati,
950 2847 1012 2884 mea
1033 2836 1105 2892 suut,
1130 2831 1257 2883 desumto
1276 2846 1314 2881 ex
1326 2846 1355 2899 p.
1372 2828 1428 2883 189
1445 2832 1524 2896 (732)
1542 2828 1607 2883 libri

250 2914 313 2979 mei,
329 2911 383 2966 etsi
396 2908 519 2966 nonnihil
534 2911 697 2978 depravata,
713 2909 784 2964 forte
800 2910 863 2980 quia
878 2927 975 2965 sensus
997 2912 1142 2965 verborum
1156 2908 1206 2964 tibi
1220 2926 1274 2963 nou
1289 2917 1452 2979 perspectus
1467 2910 1527 2973 1444,
1544 2925 1608 2966 uam

251 2999 286 3051 de
306 2991 443 3047 industria
464 2993 609 3044 obscurum
630 2990 757 3044 volebam
778 3007 850 3043 esse.
887 2991 940 3043 Hic
960 2992 1051 3046 nescio
1072 2991 1248 3061 antiquorum
1268 2991 1474 3062 astrologorum
1494 3006 1609 3045 oausam

250 3092 337 3149 agam
366 3078 465 3127 contra
489 3077 536 3135 te,
566 3087 602 3124 au
628 3069 680 3123 tibi
707 3070 816 3141 gratias
847 3087 949 3142 agam,
981 3073 1026 3142 qui
1050 3089 1113 3126 mea
1142 3072 1229 3125 verba
1257 3069 1402 3126 honorasti
1433 3070 1628 3140 antiquitatis*

250 3154 456 3213 existimatione
487 3151 520 3204 iis
551 3149 708 3204 conciliata.
757 3149 810 3203 Sed
840 3151 984 3206 consilium
1013 3169 1101 3206 meum
1129 3159 1160 3206 et
1184 3168 1294 3207 sensum
1323 3152 1433 3206 illorum
1463 3150 1608 3206 verborum

250 3235 408 3307 explicabo.
449 3233 513 3303 Ego
534 3230 635 3294 studui,
657 3238 690 3283 nt
709 3230 820 3300 trigono
841 3231 924 3301 igneo
953 3232 1109 3295 tribuerem,
1133 3248 1204 3303 quae
1223 3231 1343 3285 maxime
1364 3239 1459 3287 essent
1478 3232 1610 3304 vulgaria

250 3326 282 3373 et
303 3315 426 3370 omuibus
454 3319 539 3376 noto,
570 3310 678 3365 scilicet
702 3310 786 3366 risum
819 3312 930 3381 captari
959 3311 1078 3365 lectoris.
1107 3311 1226 3365 ·Deinde
1257 3313 1308 3365 sub
1336 3313 1407 3367 risus
1431 3312 1609 3382 jucunditate

250 3397 328 3454 volni
355 3394 495 3450 occultare
521 3393 674 3447 salutarem
702 3391 932 3453 admonitionem,
962 3408 1033 3462 quae
1055 3392 1200 3461 prodesset
1229 3391 1418 3460 reipublicae,
1441 3409 1524 3463 quam
1544 3392 1610 3446 mibi

251 3497 307 3535 uon
326 3475 405 3532 licuit
425 3473 551 3545 apertius
572 3472 709 3544 proferre,
733 3472 833 3543 quippe
855 3473 902 3543 qui
921 3473 974 3527 hoo
994 3471 1022 3526 iu
1043 3472 1103 3526 loco
1125 3470 1292 3526 constitutus
1314 3490 1389 3535 sum,
1410 3473 1459 3525 ubi
1480 3472 1609 3527 cautione

253 3575 323 3631 opus
344 3562 395 3612 est.
438 3553 587 3627 agnovisti
607 3552 653 3607 hic
673 3560 795 3608 erratum
817 3553 1058 3625 typographicam,
1080 3551 1200 3605 motibus
1220 3568 1272 3621 pro
1293 3553 1421 3615 moribus,
1443 3560 1527 3608 44444.
1561 3553 1610 3615 ,14

253 3636 412 3700 Germania,
434 3635 500 3698 dixi,
523 3641 553 3688 et
573 3633 641 3688 alibi
661 3634 906 3690 exacerbabuntnr
932 3634 1014 3688 animi
1040 3631 1129 3704 magis
1150 3631 1330 3703 magisque“:
1357 3639 1428 3703 puta
1447 3633 1475 3686 in
1496 3633 1609 3703 negotio

252 3718 406 3789 religionis.
451 3717 528 3780 ,Quo
549 3715 639 3786 magis
666 3714 873 3777 convalescent,
897 3715 943 3785 qui
963 3714 1157 3785 antiquitatem
1178 3711 1366 3775 defenduut“;
1388 3713 1483 3776 idest,
1506 3720 1610 3784 quanto

251 3798 425 3873 potentiores
445 3798 594 3851 reddentur
607 3794 750 3865 Papistae,
773 3796 817 3864 qui
832 3796 968 3848 hactenus
989 3795 1100 3848 suerunt
1121 3792 1276 3855 debiliores,
1300 3810 1380 3863 quam
1402 3802 1434 3847 ut
1453 3793 1611 3848 haereticos
1659 3860 1667 3874 ὓ

253 3886 381 3938 evertere
402 3884 524 3948 possent,
550 3878 619 3939 ,hoo
639 3875 752 3945 propius
774 3875 894 3938 coibunt,
917 3876 964 3948 441
984 3874 1160 3929 libertatem“
1185 3873 1291 3927 seilicet
1312 3875 1479 3936 defenduut;
1509 3873 1534 3927 id
1556 3880 1609 3936 est,

253 3964 308 4017 hoc
334 3959 425 4030 magis
456 3958 627 4011 concordiam
657 3956 728 4009 inter
750 3974 780 4009 se
805 3956 951 4010 stabilient
970 3954 1137 4020 Reformati,
1168 3971 1267 4023 nempe
1293 3955 1339 4025 qui
1367 3955 1526 4009 libertatem
1546 3972 1610 4008 con·

254 4038 389 4098 scientiae
411 4040 605 4108 praetendunt.
637 4037 691 4099 ,Et
705 4054 758 4108 quo
779 4036 953 4107 prosperiore
974 4037 1002 4090 hi
1018 4041 1131 4090 utentur
1152 4034 1293 4099 14444441,
1315 4036 1407 4098 idest,
1430 4035 1452 4088 41
1467 4033 1611 4090 reformati

253 4120 447 4179 liberabuntur
467 4128 543 4174 metu
563 4118 779 4189 pontificiorum,
813 4117 882 4180 ,hoo
902 4117 1029 4172 acerbius
1049 4115 1164 4170 invitem
1191 4115 1382 4179 mordebunt,
1414 4116 1522 4179 idest,
1545 4122 1611 4170 4444

254 4207 289 4260 44
309 4219 380 4258 noro
402 4200 588 4272 indulgebuot
607 4197 724 4266 dissidiis
746 4197 847 4253 mutuis
861 4198 1016 4252 Lutheraui
1037 4202 1066 4252 et
1080 4195 1261 4260 Calviuistae,
1287 4204 1551 4266 ,consumenturque
1574 4196 1611 4250 ab

256 4280 386 4340 invicemu
411 4281 519 4344 idest,
551 4298 581 4334 se
609 4285 703 4334 mutuo
732 4278 786 4348 ipsi
814 4278 975 4342 conficient,
1008 4287 1039 4333 ut
1067 4283 1168 4348 postea
1198 4284 1277 4330 tauto
1308 4277 1405 4331 melius
1426 4292 1445 4330 a
1464 4274 1610 4345 pontificiis

254 4364 410 4419 vincantur.

345 4444 441 4498 Habes
462 4440 677 4509 explicationem
691 4440 744 4494 loci
763 4438 881 4494 obscuri.
909 4439 982 4493 Vale
997 4444 1027 4493 et
1040 4440 1075 4493 D.
1092 4438 1247 4493 scultetum
1262 4447 1291 4491 et
1304 4436 1461 4492 Bittnerum
1481 4444 1611 4506 tuumque

256 4525 343 4581 dlinm
362 4542 400 4578 ex
420 4541 462 4577 me
484 4522 587 4576 saluts.
630 4521 676 4575 24.
697 4522 762 4574 lau.
788 4520 874 4575 1608.

346 4617 392 4678 41)
411 4634 435 4681 4.
456 4615 516 4665 741.
554 4617 677 4667 Desumta
695 4624 754 4666 suut
775 4617 839 4667 haec
862 4618 939 4666 rerba
957 4623 983 4667 44
1002 4631 1018 4667 4
1035 4615 1144 4680 Keplero
1162 4617 1189 4666 iu
1207 4615 1326 4664 Latinam
1353 4627 1426 4664 44444
1451 4614 1563 4678 liugnam
1582 4628 1613 4664 ex

255 4692 339 4744 1444114
356 4690 467 4740 Roesliui
480 4690 630 4738 Germanica
649 4692 786 4753 conscripto
804 4688 898 4752 lingua,
917 4704 992 4751 quern
1005 4690 1180 4751 inscripsit„
1182 4686 1307 4736 iudicium
1322 4684 1380 4735 oder
1393 4684 1544 4735 1144444144
1557 4700 1613 4734 vom

256 4758 804 4824 4444484441·444.((1444.1141.1,4
825 4756 898 4820 497)
917 4756 1028 4810 Roesliul
1049 4759 1197 4823 „judicium“
1217 4757 1327 4821 Keplero
1350 4758 1520 4806 transmissum
1540 4763 1614 4808 4444

257 4833 340 4886 Nobili
358 4831 478 4897 quodam,
505 4833 566 4881 lorte
585 4833 617 4881 44
636 4832 735 4886 44444
765 4830 798 4880 44
816 4846 888 4896 4444
906 4830 1037 4882 4144411444
1065 4830 1194 4914 epistolam
1220 4827 1352 4912 (epistolae
1371 4829 1436 4877 enim
1454 4828 1612 4879 14444444-

258 4908 375 4971 scriptnm
404 4903 573 4953 444114441441
600 4903 766 4966 ,ludicium‘ss
787 4910 820 4958 et,
843 4904 908 4952 siout
936 4903 984 4952 alio
1008 4904 1061 4954 1444
1086 4904 1159 4959 dicit,
1185 4904 1237 4966 ipso
1258 4901 1336 4949 inscio
1364 4900 1427 4964 typis
1454 4896 1612 4961 mandatum)

259 4979 371 5029 dederat
407 4974 546 5037 Respondit
563 4976 686 5039 Keplerus
704 4941 794 5025 hunis
788 4990 813 5023 ru
833 4975 948 5023 modum:

348 5049 555 5119 Wolgeboruer
574 5049 709 5122 ireyherr,
732 5048 874 5119 andiger
894 5049 975 5105 Herr.
1016 5049 1048 5102 E.
1071 5047 1104 5102 G.
1131 5044 1207 5101 seiud
1236 5044 1306 5100 mein
1334 5045 1499 5117 gehersume
1527 5043 1612 5099 hoth-
