3692 5842
839 493 920 558 capua
937 493 981 545 ³1·
1523 491 1588 560 309

230 675 262 730 et
286 667 384 729 MNV
406 675 507 731 rectus
532 687 652 751 semper
675 679 731 733 est.
770 671 802 734 in
824 672 975 751 triangulo
998 672 1090 752 igitur
1108 672 1203 734 MNV
1227 673 1402 752 rectangulo
1426 674 1508 735 basis
1523 674 1587 736 MV

229 765 262 819 ct
291 757 374 819 latus
397 757 459 821 MN
493 758 611 822 dautur.
659 757 774 830 Quodsi
806 779 877 840 ergo
899 769 1061 823 'secantem
1101 762 1180 822 illius
1213 761 1351 823 diviseris
1375 763 1404 822 in
1433 772 1586 824 secantem

229 846 336 926 hujus,
372 846 435 908 exit
458 865 566 908 secans
588 846 648 910 NV
675 869 761 910 arcus
785 850 928 929 quaesiti,
954 852 1002 928 qni
1026 858 1074 909 est
1098 850 1145 911 liic
1170 847 1231 913 560
1253 845 1295 918 40,
1321 850 1466 912 distantia
1490 871 1587 913 nona-

230 934 339 1015 gesimi
373 957 391 996 a
420 935 549 997 vertice:
587 937 671 1017 cujus
702 938 952 1018 complementum
985 935 1045 1002 33⁰
1075 934 1127 1001 560
1159 948 1206 1000 est
1229 940 1357 999 altitudo
1391 941 1587 1021 nonagesimi,

230 1024 362 1085 metiens
386 1026 527 1103 angulum
550 1022 579 1085 0
603 1026 680 1088 inter
710 1027 882 1106 eclipticam
906 1036 938 1088 et
960 1028 1159 1100 horizontem,
1195 1028 1300 1107 quibus
1330 1029 1456 1090 arcubus
1480 1039 1589 1109 postea

229 1112 415 1193 parallaxes·
431 1113 599 1175 latitudinis
624 1116 809 1196 excipientur
832 1117 994 1178 secundum
1010 1125 1099 1196 capnt
1115 1117 1169 1179 IX.
1207 1116 1286 1178 Nam
1307 1116 1464 1197 Copernici
1486 1119 1590 1180 tabula

230 1202 321 1262 valde
346 1203 468 1264 concisa
492 1209 617 1264 estnec
644 1205 700 1267 lros
729 1224 816 1266 arcus
847 1206 1029 1266 sufficienter
1059 1206 1191 1266 exhibet.
1238 1206 1345 1286 Itaque
1373 1206 1496 1267 lineata
1518 1208 1590 1280 NV,

225 1293 291 1370 jam
306 1290 337 1350 in
352 1291 504 1370 triangulo
520 1289 605 1356 SNV
624 1294 798 1368 rectanpulo
821 1294 859 1355 ad
878 1295 907 1356 N
933 1295 1040 1356 dantur
1059 1296 1166 1356 latera.
1205 1294 1283 1355 Nam
1299 1294 1322 1355 S
1342 1302 1389 1355 est
1407 1290 1466 1357 16⁰
1479 1290 1534 1358 430
1549 1301 1587 1370 11,

228 1374 347 1445 11220
370 1378 423 1442 310
446 1387 492 1452 li,
527 1379 580 1444 SN
609 1402 680 1459 ergo
714 1378 752 1443 5⁰
774 1379 838 1445 480.
886 1380 987 1453 Quare
1021 1390 1197 1462 tangentem
1220 1383 1281 1443 NV
1316 1391 1433 1444 auctum
1467 1386 1588 1464 oyphris

229 1469 309 1532 radii
335 1467 435 1530 divide
459 1468 487 1529 in
513 1470 609 1531 sinum
632 1470 700 1545 NS,
733 1472 882 1551 exibitque
916 1480 1045 1551 tangens
1080 1472 1206 1551 quaesiti
1239 1472 1340 1550 anguli
1363 1471 1450 1533 NSV
1472 1468 1534 1534 860
1557 1473 1588 1535 70

230 1567 261 1619 et
280 1557 374 1619 VSM
397 1554 530 1620 930530
554 1578 659 1621 versus
673 1560 800 1634 Lunam,
826 1580 900 1641 quae
926 1561 979 1622 sub
1003 1560 1180 1642 principium
1204 1560 1283 1622 solet
1301 1580 1369 1621 esse
1393 1559 1420 1620 in
1446 1562 1586 1622 occiden-

228 1647 285 1709 tali
318 1656 420 1726 partc,
449 1647 515 1725 jam
548 1648 712 1709 meridiano
745 1650 865 1730 propior
899 1669 986 1726 quam
1016 1650 1079 1711 Sol.
1126 1650 1174 1711 Ex
1203 1649 1413 1712 observatione
1446 1668 1516 1712 vero
1542 1658 1588 1712 est

229 1735 315 1798 LSV
339 1731 410 1809 900,
436 1754 508 1814 ergo
533 1737 670 1798 residuus
694 1737 772 1798 LSE
797 1748 844 1800 est
868 1734 906 1801 3⁰
930 1736 993 1801 53¹.

319 1823 464 1885 Demissa
487 1844 524 1885 ex
548 1826 574 1886 L
597 1836 682 1886 recta
704 1828 733 1887 in
759 1828 833 1899 ME,
858 1847 934 1906 quae
958 1828 998 1888 sit
1022 1827 1089 1900 LE,
1120 1825 1241 1887 tertium
1266 1825 1354 1885 datur
1378 1826 1463 1888 nobis
1488 1826 1584 1889 trian-

228 1912 332 1995 gulum
356 1914 447 1992 plano
471 1913 646 1993 proximum,
672 1917 748 1995 quod
773 1925 821 1977 cst
844 1916 936 1990 LES,
962 1917 990 1977 in
1016 1936 1071 1995 quo
1103 1915 1185 1975 basis
1210 1914 1261 1977 LS
1285 1921 1316 1974 et
1340 1915 1440 1994 anguli
1466 1916 1584 1991 dautur,

229 2022 322 2088 quare
346 2020 406 2063 non
430 2002 647 2081 ignorabuntur
670 2005 776 2074 latera,
801 2006 855 2066 LE
879 2006 946 2067 visa
969 2005 1097 2067 latitudo
1127 2004 1154 2064 10
1169 2003 1233 2066 5700
1259 2005 1333 2077 bor,
1355 2002 1406 2065 ES
1431 2005 1586 2084 longitudo

227 2091 359 2153 visibilis
383 2091 488 2152 Lunae
520 2100 590 2154 ante
614 2092 716 2154 Solem
749 2092 803 2158 290
828 2091 879 2156 300.
928 2095 977 2155 Ad
1012 2093 1182 2172 fugiendum
1216 2111 1287 2153 vero
1319 2093 1450 2154 taedium
1483 2094 1588 2154 multi-

227 2180 404 2264 plicationis
429 2180 543 2242 sinuum
568 2182 596 2243 in
621 2182 797 2244 distantiam
822 2194 1011 2245 centrorum:
1038 2201 1168 2260 quaere
1197 2181 1416 2243 distantiam
1440 2190 1586 2245 centro-

229 2288 303 2332 rum
328 2269 365 2330 in
391 2271 514 2331 fronte
537 2272 811 2348 parallacticae
836 2280 871 2333 et
895 2273 1063 2351 angulum
1093 2271 1191 2331 inter
1219 2270 1433 2349 eclipticam
1458 2280 1494 2332 et
1517 2272 1586 2333 cir-

228 2359 345 2423 culum
371 2377 435 2437 per
459 2371 590 2421 centra
614 2360 646 2421 in
672 2361 848 2440 margine,
874 2379 962 2421 area
986 2360 1090 2421 dabit
1113 2360 1227 2420 visam
1257 2359 1501 2421 latitudinem.
1549 2359 1588 2421 Si

229 2448 531 2527 complementum
555 2450 678 2528 anguli
702 2450 806 2529 hujus
831 2450 1041 2529 quaesieris
1065 2449 1099 2510 in
1124 2450 1300 2527 margine,
1327 2468 1412 2511 area
1435 2448 1585 2511 exbibe-

228 2538 283 2600 bit
307 2537 430 2597 visam
456 2534 807 2616 longitudinem.¹⁰’)

318 2625 513 2686 Problema
536 2626 641 2687 XXV.
689 2627 785 2688 Data
807 2626 953 2688 visibili
977 2625 1174 2687 latitudine
1200 2626 1242 2686 ad
1267 2632 1407 2687 certum
1432 2646 1586 2688 momen-

228 2725 318 2789 tum,
355 2714 613 2793 compendiose
647 2715 809 2777 invenire
840 2716 1030 2777 risibilem
1061 2714 1297 2776 latitudinem
1321 2715 1364 2775 ad
1388 2714 1490 2776 aliud
1513 2736 1585 2777 mo-

228 2810 384 2868 mentum
405 2804 437 2863 in
462 2813 565 2864 certa
584 2804 734 2882 apriori
758 2805 953 2868 distantia.
992 2802 1152 2882 Oportet
1176 2812 1295 2864 autem
1315 2811 1350 2865 et
1369 2804 1586 2867 distantiam

228 2896 357 2957 Lunae
382 2914 401 2953 a
424 2901 553 2953 centro
576 2893 712 2955 Terrae
741 2893 986 2956 mediocriter
1009 2912 1091 2953 esse
1120 2891 1319 2971 cognitam,
1345 2901 1381 2953 et
1405 2894 1587 2956 horarium

229 2985 355 3046 Lunae
380 2989 416 3042 et
440 2982 607 3060 angulum
632 2991 837 3061 motumque
863 2981 1087 3044 latitudiuis.
1126 2982 1159 3041 In
1182 2983 1317 3061 exemplo
1337 2982 1378 3043 sit
1397 2982 1482 3043 nobis
1503 2986 1588 3063 (post

228 3074 333 3135 boram
361 3070 411 3134 10.
437 3068 502 3143 270,
534 3071 651 3149 quando
687 3072 813 3132 latitudo
847 3081 894 3133 est
918 3070 949 3130 20
974 3071 1120 3143 borealis)
1153 3070 1310 3150 proposita
1344 3072 1416 3132 hora
1447 3069 1496 3133 12.
1522 3071 1585 3148 550,

229 3160 348 3244 quaudo
374 3160 464 3221 desiit
488 3160 619 3238 eclipsis
658 3160 699 3221 Et
724 3162 763 3221 sit
787 3162 922 3222 horarius
947 3160 1051 3220 Lunae
1076 3180 1094 3219 a
1118 3156 1188 3219 Sole
1213 3179 1250 3219 ex
1274 3160 1415 3241 Tychono
1440 3157 1494 3223 330
1509 3160 1584 3225 3000.

228 3252 310 3330 Ergo
335 3247 473 3311 borist.
500 3245 554 3311 280
579 3250 705 3311 debetur
733 3259 830 3312 motus
855 3251 959 3311 Lunae
984 3270 1002 3309 a
1027 3248 1097 3309 Sole
1127 3267 1214 3310 verus
1243 3244 1277 3309 10
1299 3246 1354 3310 220
1379 3246 1453 3311 3800.
1501 3250 1585 3311 Tan-

228 3341 351 3403 tundem
378 3338 464 3398 Luna
488 3339 580 3398 etiam
605 3358 623 3398 a
647 3340 723 3400 nodo
748 3339 888 3401 discessit
912 3339 984 3399 fere.
1034 3335 1167 3417 Cumque
1200 3338 1351 3398 consistat
1378 3337 1459 3400 circa
1486 3336 1544 3403 100
1567 3360 1586 3400 a

229 3430 324 3501 nodo,
360 3427 491 3488 latitudo
520 3427 584 3507 ejus
608 3446 679 3488 vera
703 3447 756 3507 per
788 3437 905 3490 tantum
937 3447 1038 3487 arcum
1063 3425 1157 3486 crevit
1180 3423 1212 3487 7¹
1236 3419 1279 3486 400
1303 3426 1331 3486 in
1357 3426 1420 3487 bor.
1469 3426 1528 3488 Sed
1555 3437 1585 3489 ct

229 3516 397 3597 parallaxis
423 3523 515 3594 auget
545 3516 692 3577 visibilem
725 3517 928 3589 latitudinem,
965 3516 1041 3593 quod
1067 3516 1109 3576 sic
1133 3523 1228 3593 patet.
1275 3515 1359 3575 Hora
1389 3513 1434 3575 12.
1461 3514 1514 3579 550
1538 3525 1587 3577 est

230 3627 291 3669 asc.
308 3614 394 3667 recta
414 3604 504 3665 medii
524 3603 708 3668 10162080.
748 3606 851 3668 Oritur
871 3624 941 3683 ergo
958 3601 1019 3666 240
1032 3601 1086 3667 480
1102 3619 1144 3678 ee,
1166 3604 1278 3665 mediat
1293 3604 1407 3664 coelum
1423 3601 1461 3665 2⁰
1478 3604 1584 3681 li‘V,

230 3715 294 3758 cum
319 3693 522 3756 declinatione
546 3695 660 3755 boreali
683 3692 722 3757 0⁰
745 3692 807 3758 510.
856 3694 958 3766 Quare
982 3714 1069 3755 arcus
1094 3693 1172 3755 iuter
1200 3693 1365 3755 culminans
1389 3702 1529 3770 prunetum
1554 3703 1585 3755 et

230 3786 374 3847 verticem
401 3783 498 3862 (prius
522 3792 589 3844 erat
603 3785 682 3857 MV)
703 3785 768 3864 jam
793 3795 840 3846 est
863 3779 1005 3858 460110,
1031 3784 1094 3844 ΜΝ
1118 3802 1188 3844 vero
1213 3791 1262 3843 est
1280 3777 1340 3844 220
1355 3780 1416 3857 310,
1443 3792 1584 3863 qnantum

230 3883 276 3936 est
299 3875 381 3935 iuter
404 3871 570 3933 culminaus
595 3880 633 3932 et·
648 3875 884 3953 nonagesimum.
922 3874 1000 3934 ilinc
1024 3872 1085 3934 VN
1109 3871 1208 3951 prodit
1232 3867 1378 3946 410270,
1406 3892 1481 3953 quac
1505 3873 1586 3952 prius

230 3971 295 4025 erat
319 3957 381 4025 560
404 3955 452 4034 40,
478 3961 583 4041 quibus
618 3962 731 4023 duobus
765 3964 892 4025 arcubus
916 3982 969 4042 per
1001 3973 1194 4041 praeceptum
1224 3980 1289 4040 cap.
1315 3961 1371 4022 IX.
1398 3981 1525 4041 excerpo
1550 3981 1586 4022 ex

230 4052 334 4114 tabula
357 4050 556 4129 parallactica
580 4052 635 4111 sub
661 4053 748 4112 titolo
773 4051 815 4115 55
847 4053 1135 4114 semidiametrorum
1166 4052 1295 4128 (quanta
1324 4051 1388 4128 jam
1423 4051 1586 4112 assumitur

230 4140 377 4203 distantia
392 4139 498 4200 Lunae
514 4160 532 4201 a
547 4139 654 4214 Terra)
669 4143 842 4223 parallaxes
856 4140 1025 4202 latitudinis
1040 4139 1122 4219 prius
1139 4139 1193 4202 510
1207 4136 1283 4210 2800,
1305 4149 1375 4218 post
1389 4137 1443 4203 410
1462 4139 1511 4200 100.
1529 4134 1586 4211 000)

230 4230 316 4293 Unde
350 4236 493 4307 apparet,
528 4228 606 4290 intcr
639 4240 774 4292 assumta
811 4240 962 4292 momenta
995 4230 1169 4290 decrescere
1208 4229 1380 4307 parallaxes
1419 4228 1585 4289 latitudinis

233 4317 282 4382 100
296 4316 374 4391 2700,
401 4337 453 4378 seu
479 4337 497 4378 a
521 4316 592 4379 Sole
620 4315 771 4381 100220οε
798 4320 852 4381 sub
875 4320 963 4380 titulo
984 4314 1026 4380 56
1050 4317 1339 4378 semidiametrorum
1364 4326 1447 4377 osset
1470 4325 1585 4376 tantum

233 4407 293 4472 1000
314 4407 413 4468 minus
429 4408 671 4469 decrementum:
692 4411 868 4470 tantundem
883 4428 954 4470 vero
975 4407 1122 4469 accrescit
1140 4406 1252 4467 visibili
1272 4406 1435 4467 latitudini.
1466 4404 1586 4465 Junctis

231 4515 300 4577 ergo
329 4496 358 4558 10
381 4494 458 4565 5700,
491 4494 522 4557 70
546 4492 598 4569 400,
635 4495 686 4559 100
710 4496 784 4572 2200,
819 4508 1011 4559 coacervatur
1043 4515 1158 4557 summa
1185 4491 1236 4557 190
1260 4491 1334 4555 2300.
1382 4495 1466 4555 Ilaec
1497 4493 1588 4572 igitur

231 4586 256 4648 iu
281 4587 360 4647 huuc
384 4586 504 4665 quidem
527 4587 644 4645 modum
670 4588 821 4667 colligitur
844 4587 971 4648 visibilis
996 4585 1123 4646 latitudo
1148 4585 1177 4645 in
1202 4586 1258 4648 line
1283 4584 1415 4663 eclipsis

316 4673 387 4735 Jam
402 4692 457 4753 per
471 4670 524 4736 24.
544 4674 699 4754 problema
722 4695 906 4749 conversum,
931 4684 1067 4737 assumta
1086 4674 1164 4734 inter
1180 4674 1252 4733 data
1271 4671 1439 4745 latitudine,
1467 4672 1583 4751 qualem

231 4764 323 4827 rideri
348 4764 498 4843 oportuit,
533 4765 750 4827 constituemus
783 4765 1021 4837 inclinationem,
1055 4762 1172 4842 qualem
1197 4761 1350 4823 observari
1375 4763 1523 4839 oportuit,
1552 4772 1584 4820 ut

232 4874 295 4916 cam
319 4873 385 4915 cum
410 4853 575 4914 observata
599 4863 702 4915 nostra
725 4874 940 4933 comparemus.
987 4854 1035 4915 Sit
1059 4852 1081 4913 S
1101 4852 1167 4930 jam
1191 4851 1272 4911 ultra
1295 4849 1505 4922 meridianum,
1530 4850 1585 4910 EL

232 4962 300 5005 vero
323 4942 471 5004 horizonti
496 4943 594 5004 ortivo
614 4944 678 5021 jorn
702 4945 832 5023 propior.
867 4944 950 5004 Finis
967 4943 1088 5021 eclipsis
1103 4950 1159 5014 est,
1181 4940 1298 5019 qnando
1318 4939 1420 5001 circuli
1445 4939 1584 5002 luminum

234 5051 263 5094 se
286 5032 475 5112 contingunt.
523 5031 605 5110 Ergo
629 5031 680 5091 SL
710 5044 758 5094 est
790 5051 905 5093 summa
937 5033 1227 5094 semidiametrorum
1251 5026 1306 5091 310
1330 5025 1405 5103 4000,
1436 5028 1491 5090 EL
1514 5048 1585 5092 vero

307 5139 395 5186 uepres
409 5141 486 5189 opum
502 5139 527 5176 u.
1341 5133 1374 5181 21
