<?xml version="1.0" encoding="UTF-8"?>
<!DOCTYPE html PUBLIC "-//W3C//DTD XHTML 1.0 Transitional//EN"
    "http://www.w3.org/TR/xhtml1/DTD/xhtml1-transitional.dtd">
<html xmlns="http://www.w3.org/1999/xhtml" xml:lang="en" lang="en">
 <head>
  <title>
</title>
<meta http-equiv="Content-Type" content="text/html;charset=utf-8" />
  <meta name='ocr-system' content='tesseract 3.04.00' />
  <meta name='ocr-capabilities' content='ocr_page ocr_carea ocr_par ocr_line ocrx_word'/>
</head>
<body>
  <div class='ocr_page' id='page_1' title='image "./joanniskepleria01frisgoog/joanniskepleria01frisgoog_0089.png"; bbox 0 0 3692 5842; ppageno 0'>
   <div class='ocr_carea' id='block_1_1' title="bbox 789 485 1592 565">
    <p class='ocr_par' dir='ltr' id='par_1_1' title="bbox 789 485 1592 565">
     <span class='ocr_line' id='line_1_1' title="bbox 789 485 1592 565; baseline 0.007 -7"><span class='ocrx_word' id='word_1_1' title='bbox 789 492 822 543; x_wconf 79' lang='grc' dir='ltr'><strong>ι·</strong></span> <span class='ocrx_word' id='word_1_2' title='bbox 838 493 911 544; x_wconf 68' lang='lat' dir='ltr'>„m</span> <span class='ocrx_word' id='word_1_3' title='bbox 930 490 1034 558; x_wconf 66' lang='lat' dir='ltr'>ouo·</span> <span class='ocrx_word' id='word_1_4' title='bbox 1360 485 1366 492; x_wconf 84' lang='grc'><strong>’</strong></span> <span class='ocrx_word' id='word_1_5' title='bbox 1551 499 1592 565; x_wconf 82' lang='grc' dir='ltr'>ιι</span> 
     </span>
    </p>
   </div>
   <div class='ocr_carea' id='block_1_2' title="bbox 231 665 1643 2287">
    <p class='ocr_par' dir='ltr' id='par_1_2' title="bbox 231 665 1593 1158">
     <span class='ocr_line' id='line_1_2' title="bbox 231 665 1593 732; baseline 0.007 -16"><span class='ocrx_word' id='word_1_6' title='bbox 231 665 309 716; x_wconf 72' lang='lat' dir='ltr'>osu</span> <span class='ocrx_word' id='word_1_7' title='bbox 327 666 414 731; x_wconf 85' lang='lat' dir='ltr'>procul</span> <span class='ocrx_word' id='word_1_8' title='bbox 433 666 516 726; x_wconf 86' lang='lat' dir='ltr'>dubio,</span> <span class='ocrx_word' id='word_1_9' title='bbox 534 667 561 718; x_wconf 90' lang='lat' dir='ltr'>id</span> <span class='ocrx_word' id='word_1_10' title='bbox 576 673 717 732; x_wconf 76' lang='lat' dir='ltr'>&#39;repugnare</span> <span class='ocrx_word' id='word_1_11' title='bbox 741 667 850 718; x_wconf 88' lang='lat' dir='ltr'>omnium</span> <span class='ocrx_word' id='word_1_12' title='bbox 878 667 1009 717; x_wconf 79' lang='lat' dir='ltr'>authorum</span> <span class='ocrx_word' id='word_1_13' title='bbox 1027 668 1217 727; x_wconf 73' lang='lat' dir='ltr'>traditionibusr</span> <span class='ocrx_word' id='word_1_14' title='bbox 1245 671 1333 721; x_wconf 76' lang='lat' dir='ltr'>fateor.</span> <span class='ocrx_word' id='word_1_15' title='bbox 1370 674 1419 725; x_wconf 89' lang='lat' dir='ltr'>Sed</span> <span class='ocrx_word' id='word_1_16' title='bbox 1438 676 1535 726; x_wconf 83' lang='lat' dir='ltr'>interim</span> <span class='ocrx_word' id='word_1_17' title='bbox 1554 684 1593 727; x_wconf 81' lang='lat' dir='ltr'>est</span> 
     </span>
     <span class='ocr_line' id='line_1_3' title="bbox 231 737 1591 811; baseline 0.009 -24"><span class='ocrx_word' id='word_1_18' title='bbox 231 737 393 797; x_wconf 71' lang='lat' dir='ltr'>verissim</span> <span class='ocrx_word' id='word_1_19' title='bbox 414 744 488 804; x_wconf 68' lang='grc' dir='ltr'><strong>οιοιιο</strong></span> <span class='ocrx_word' id='word_1_20' title='bbox 506 738 570 788; x_wconf 80' lang='lat' dir='ltr'>adeo</span> <span class='ocrx_word' id='word_1_21' title='bbox 589 738 751 788; x_wconf 81' lang='lat' dir='ltr'>demonstrari</span> <span class='ocrx_word' id='word_1_22' title='bbox 768 745 860 802; x_wconf 82' lang='lat' dir='ltr'>potest.</span> <span class='ocrx_word' id='word_1_23' title='bbox 886 738 919 787; x_wconf 90' lang='lat' dir='ltr'>So</span> <span class='ocrx_word' id='word_1_24' title='bbox 938 739 1008 788; x_wconf 88' lang='lat' dir='ltr'>seind</span> <span class='ocrx_word' id='word_1_25' title='bbox 1029 740 1068 789; x_wconf 88' lang='lat' dir='ltr'>die</span> <span class='ocrx_word' id='word_1_26' title='bbox 1087 742 1268 791; x_wconf 86' lang='lat' dir='ltr'>observationes</span> <span class='ocrx_word' id='word_1_27' title='bbox 1287 741 1475 807; x_wconf 78' lang='lat' dir='ltr'>Chaldaeorum,</span> <span class='ocrx_word' id='word_1_28' title='bbox 1495 761 1591 811; x_wconf 77' lang='lat' dir='ltr'>quaec</span> 
     </span>
     <span class='ocr_line' id='line_1_4' title="bbox 231 806 1592 876; baseline 0.007 -17"><span class='ocrx_word' id='word_1_29' title='bbox 231 806 377 859; x_wconf 76' lang='lat' dir='ltr'>Ptolomaeo</span> <span class='ocrx_word' id='word_1_30' title='bbox 405 818 603 873; x_wconf 77' lang='lat' dir='ltr'>praesumuntur,</span> <span class='ocrx_word' id='word_1_31' title='bbox 631 808 723 859; x_wconf 79' lang='lat' dir='ltr'>andere</span> <span class='ocrx_word' id='word_1_32' title='bbox 742 808 873 860; x_wconf 80' lang='lat' dir='ltr'>Vrsccbcn</span> <span class='ocrx_word' id='word_1_33' title='bbox 892 824 923 858; x_wconf 88' lang='grc' dir='ltr'><strong>ιο</strong></span> <span class='ocrx_word' id='word_1_34' title='bbox 950 810 1130 876; x_wconf 71' lang='lat' dir='ltr'>geschweigeu,</span> <span class='ocrx_word' id='word_1_35' title='bbox 1160 812 1222 862; x_wconf 86' lang='lat' dir='ltr'>auch</span> <span class='ocrx_word' id='word_1_36' title='bbox 1246 813 1332 862; x_wconf 88' lang='lat' dir='ltr'>darum</span> <span class='ocrx_word' id='word_1_37' title='bbox 1359 815 1446 873; x_wconf 86' lang='lat' dir='ltr'>ialsch,</span> <span class='ocrx_word' id='word_1_38' title='bbox 1474 819 1529 868; x_wconf 78' lang='lat' dir='ltr'>well</span> <span class='ocrx_word' id='word_1_39' title='bbox 1548 820 1592 868; x_wconf 88' lang='lat' dir='ltr'>der</span> 
     </span>
     <span class='ocr_line' id='line_1_5' title="bbox 231 875 1590 946; baseline 0.007 -17"><span class='ocrx_word' id='word_1_40' title='bbox 231 875 440 938; x_wconf 77' lang='lat' dir='ltr'>llcbouosearur,</span> <span class='ocrx_word' id='word_1_41' title='bbox 468 875 707 945; x_wconf 81' lang='lat' dir='ltr'>biurdocempadus&#39;,</span> <span class='ocrx_word' id='word_1_42' title='bbox 736 878 889 943; x_wconf 78' lang='lat' dir='ltr'>Cambyses,</span> <span class='ocrx_word' id='word_1_43' title='bbox 910 879 1001 930; x_wconf 86' lang='lat' dir='ltr'>Darius</span> <span class='ocrx_word' id='word_1_44' title='bbox 1024 880 1078 941; x_wconf 66' lang='lat' dir='ltr'>dxc,</span> <span class='ocrx_word' id='word_1_45' title='bbox 1108 882 1257 940; x_wconf 86' lang='lat' dir='ltr'>damablen,</span> <span class='ocrx_word' id='word_1_46' title='bbox 1285 887 1331 933; x_wconf 80' lang='lat' dir='ltr'>wie</span> <span class='ocrx_word' id='word_1_47' title='bbox 1355 901 1385 935; x_wconf 86' lang='grc' dir='ltr'>ιιι</span> <span class='ocrx_word' id='word_1_48' title='bbox 1404 887 1590 946; x_wconf 87' lang='lat' dir='ltr'>demonstriron,</span> 
     </span>
     <span class='ocr_line' id='line_1_6' title="bbox 232 949 1591 1017; baseline 0.006 -15"><span class='ocrx_word' id='word_1_49' title='bbox 232 949 358 1002; x_wconf 69' lang='lat' dir='ltr'>deliticlrt</span> <span class='ocrx_word' id='word_1_50' title='bbox 375 953 414 1001; x_wconf 88' lang='lat' dir='ltr'>nit</span> <span class='ocrx_word' id='word_1_51' title='bbox 431 952 500 1002; x_wconf 83' lang='lat' dir='ltr'>mehr</span> <span class='ocrx_word' id='word_1_52' title='bbox 517 953 543 1002; x_wconf 92' lang='lat' dir='ltr'>in</span> <span class='ocrx_word' id='word_1_53' title='bbox 562 967 643 1002; x_wconf 88' lang='lat' dir='ltr'>rerum</span> <span class='ocrx_word' id='word_1_54' title='bbox 661 958 752 1002; x_wconf 83' lang='lat' dir='ltr'>natura</span> <span class='ocrx_word' id='word_1_55' title='bbox 770 961 871 1017; x_wconf 68' lang='lat' dir='ltr'>penest.</span> <span class='ocrx_word' id='word_1_56' title='bbox 897 951 980 1001; x_wconf 83' lang='lat' dir='ltr'>Wann</span> <span class='ocrx_word' id='word_1_57' title='bbox 999 967 1057 1001; x_wconf 90' lang='lat' dir='ltr'>man</span> <span class='ocrx_word' id='word_1_58' title='bbox 1070 969 1121 1002; x_wconf 91' lang='lat' dir='ltr'>uun</span> <span class='ocrx_word' id='word_1_59' title='bbox 1134 955 1228 1004; x_wconf 86' lang='lat' dir='ltr'>auidis</span> <span class='ocrx_word' id='word_1_60' title='bbox 1247 956 1388 1006; x_wconf 85' lang='lat' dir='ltr'>verscbious</span> <span class='ocrx_word' id='word_1_61' title='bbox 1401 957 1591 1010; x_wconf 82' lang='lat' dir='ltr'>Observationes</span> 
     </span>
     <span class='ocr_line' id='line_1_7' title="bbox 232 1019 1591 1088; baseline 0.008 -16"><span class='ocrx_word' id='word_1_62' title='bbox 232 1023 269 1072; x_wconf 82' lang='lat' dir='ltr'>nit</span> <span class='ocrx_word' id='word_1_63' title='bbox 285 1019 356 1071; x_wconf 77' lang='lat' dir='ltr'>kann</span> <span class='ocrx_word' id='word_1_64' title='bbox 381 1022 508 1082; x_wconf 86' lang='lat' dir='ltr'>iuudiron,</span> <span class='ocrx_word' id='word_1_65' title='bbox 536 1025 583 1073; x_wconf 74' lang='lat' dir='ltr'>wie</span> <span class='ocrx_word' id='word_1_66' title='bbox 601 1024 648 1072; x_wconf 76' lang='lat' dir='ltr'>will</span> <span class='ocrx_word' id='word_1_67' title='bbox 674 1036 733 1073; x_wconf 83' lang='lat' dir='ltr'>mun</span> <span class='ocrx_word' id='word_1_68' title='bbox 751 1037 782 1073; x_wconf 86' lang='lat' dir='ltr'>ox</span> <span class='ocrx_word' id='word_1_69' title='bbox 808 1023 948 1087; x_wconf 79' lang='lat' dir='ltr'>praeteritis</span> <span class='ocrx_word' id='word_1_70' title='bbox 968 1031 993 1073; x_wconf 89' lang='lat' dir='ltr'>et</span> <span class='ocrx_word' id='word_1_71' title='bbox 1020 1026 1190 1088; x_wconf 82' lang='lat' dir='ltr'>praesentibus</span> <span class='ocrx_word' id='word_1_72' title='bbox 1218 1027 1429 1079; x_wconf 85' lang='lat' dir='ltr'>observationibus</span> <span class='ocrx_word' id='word_1_73' title='bbox 1449 1031 1481 1080; x_wconf 87' lang='lat' dir='ltr'>ad</span> <span class='ocrx_word' id='word_1_74' title='bbox 1507 1032 1591 1082; x_wconf 81' lang='lat' dir='ltr'>futuro</span> 
     </span>
     <span class='ocr_line' id='line_1_8' title="bbox 234 1092 770 1158; baseline -0.004 -13"><span class='ocrx_word' id='word_1_75' title='bbox 234 1092 407 1158; x_wconf 73' lang='lat' dir='ltr'>contingentia</span> <span class='ocrx_word' id='word_1_76' title='bbox 425 1095 601 1146; x_wconf 74' lang='lat' dir='ltr'>concludenter</span> <span class='ocrx_word' id='word_1_77' title='bbox 618 1093 770 1145; x_wconf 78' lang='lat' dir='ltr'>inferioreu&#39;l</span> 
     </span>
    </p>

    <p class='ocr_par' dir='ltr' id='par_1_3' title="bbox 231 1164 1643 2287">
     <span class='ocr_line' id='line_1_9' title="bbox 320 1164 1590 1234; baseline 0.007 -20"><span class='ocrx_word' id='word_1_78' title='bbox 320 1164 367 1214; x_wconf 88' lang='lat' dir='ltr'>Ich</span> <span class='ocrx_word' id='word_1_79' title='bbox 385 1166 435 1215; x_wconf 78' lang='lat' dir='ltr'>will</span> <span class='ocrx_word' id='word_1_80' title='bbox 453 1167 508 1216; x_wconf 88' lang='lat' dir='ltr'>dem</span> <span class='ocrx_word' id='word_1_81' title='bbox 521 1166 611 1223; x_wconf 81' lang='lat' dir='ltr'>Herm,</span> <span class='ocrx_word' id='word_1_82' title='bbox 630 1181 702 1215; x_wconf 77' lang='lat' dir='ltr'>nenn</span> <span class='ocrx_word' id='word_1_83' title='bbox 716 1180 742 1216; x_wconf 88' lang='lat' dir='ltr'>es</span> <span class='ocrx_word' id='word_1_84' title='bbox 761 1165 836 1215; x_wconf 79' lang='lat' dir='ltr'>dobin</span> <span class='ocrx_word' id='word_1_85' title='bbox 855 1167 950 1215; x_wconf 80' lang='lat' dir='ltr'>lommt</span> <span class='ocrx_word' id='word_1_86' title='bbox 967 1167 1057 1215; x_wconf 87' lang='lat' dir='ltr'>under</span> <span class='ocrx_word' id='word_1_87' title='bbox 1077 1167 1165 1217; x_wconf 87' lang='lat' dir='ltr'>desssn</span> <span class='ocrx_word' id='word_1_88' title='bbox 1185 1167 1317 1234; x_wconf 79' lang='lat' dir='ltr'>bedliritig,</span> <span class='ocrx_word' id='word_1_89' title='bbox 1336 1184 1398 1234; x_wconf 71' lang='lat' dir='ltr'>gem</span> <span class='ocrx_word' id='word_1_90' title='bbox 1416 1186 1446 1220; x_wconf 82' lang='lat' dir='ltr'>ex</span> <span class='ocrx_word' id='word_1_91' title='bbox 1466 1174 1590 1223; x_wconf 73' lang='lat' dir='ltr'><strong>autoribus</strong></span> 
     </span>
     <span class='ocr_line' id='line_1_10' title="bbox 233 1234 1590 1303; baseline 0.005 -17"><span class='ocrx_word' id='word_1_92' title='bbox 233 1234 343 1286; x_wconf 77' lang='lat' dir='ltr'>mich</span> <span class='ocrx_word' id='word_1_93' title='bbox 362 1236 413 1287; x_wconf 78' lang='lat' dir='ltr'>bob</span> <span class='ocrx_word' id='word_1_94' title='bbox 431 1237 482 1287; x_wconf 82' lang='lat' dir='ltr'>und</span> <span class='ocrx_word' id='word_1_95' title='bbox 500 1237 646 1287; x_wconf 85' lang='lat' dir='ltr'>bokommen</span> <span class='ocrx_word' id='word_1_96' title='bbox 665 1236 741 1295; x_wconf 85' lang='lat' dir='ltr'>kann,</span> <span class='ocrx_word' id='word_1_97' title='bbox 762 1238 961 1287; x_wconf 87' lang='lat' dir='ltr'>communiciren.</span> <span class='ocrx_word' id='word_1_98' title='bbox 1000 1236 1049 1286; x_wconf 86' lang='lat' dir='ltr'>Sed</span> <span class='ocrx_word' id='word_1_99' title='bbox 1068 1238 1140 1287; x_wconf 88' lang='lat' dir='ltr'>crede</span> <span class='ocrx_word' id='word_1_100' title='bbox 1159 1238 1226 1298; x_wconf 89' lang='lat' dir='ltr'>mihi,</span> <span class='ocrx_word' id='word_1_101' title='bbox 1256 1254 1282 1287; x_wconf 87' lang='lat' dir='ltr'>os</span> <span class='ocrx_word' id='word_1_102' title='bbox 1300 1241 1360 1290; x_wconf 75' lang='lat' dir='ltr'>vird</span> <span class='ocrx_word' id='word_1_103' title='bbox 1379 1242 1461 1292; x_wconf 84' lang='lat' dir='ltr'>zulezt</span> <span class='ocrx_word' id='word_1_104' title='bbox 1483 1243 1590 1303; x_wconf 85' lang='lat' dir='ltr'>lreissen,</span> 
     </span>
     <span class='ocr_line' id='line_1_11' title="bbox 232 1307 1590 1379; baseline 0.005 -20"><span class='ocrx_word' id='word_1_105' title='bbox 232 1309 357 1359; x_wconf 67' lang='lat' dir='ltr'>mun</span> <span class='ocrx_word' id='word_1_106' title='bbox 383 1308 565 1358; x_wconf 76' lang='lat' dir='ltr'>laboraverunt.</span> <span class='ocrx_word' id='word_1_107' title='bbox 602 1307 678 1358; x_wconf 81' lang='lat' dir='ltr'>Danu</span> <span class='ocrx_word' id='word_1_108' title='bbox 705 1308 773 1357; x_wconf 79' lang='lat' dir='ltr'>diere</span> <span class='ocrx_word' id='word_1_109' title='bbox 799 1310 923 1358; x_wconf 70' lang='lat' dir='ltr'>restitutio</span> <span class='ocrx_word' id='word_1_110' title='bbox 941 1308 979 1357; x_wconf 85' lang='lat' dir='ltr'>rel</span> <span class='ocrx_word' id='word_1_111' title='bbox 998 1310 1078 1371; x_wconf 90' lang='lat' dir='ltr'>potius</span> <span class='ocrx_word' id='word_1_112' title='bbox 1097 1312 1204 1358; x_wconf 80' lang='lat' dir='ltr'>inventio</span> <span class='ocrx_word' id='word_1_113' title='bbox 1224 1314 1365 1374; x_wconf 81' lang='lat' dir='ltr'>apparentis</span> <span class='ocrx_word' id='word_1_114' title='bbox 1384 1322 1464 1363; x_wconf 87' lang='lat' dir='ltr'>motus</span> <span class='ocrx_word' id='word_1_115' title='bbox 1483 1316 1590 1379; x_wconf 88' lang='lat' dir='ltr'>quinque</span> 
     </span>
     <span class='ocr_line' id='line_1_12' title="bbox 233 1378 1590 1443; baseline 0.007 -15"><span class='ocrx_word' id='word_1_116' title='bbox 233 1378 391 1442; x_wconf 73' lang='lat' dir='ltr'>plnetumm</span> <span class='ocrx_word' id='word_1_117' title='bbox 409 1395 459 1429; x_wconf 91' lang='lat' dir='ltr'>non</span> <span class='ocrx_word' id='word_1_118' title='bbox 477 1381 550 1429; x_wconf 82' lang='lat' dir='ltr'>nnius</span> <span class='ocrx_word' id='word_1_119' title='bbox 569 1381 670 1434; x_wconf 83' lang='lat' dir='ltr'>aetatis,</span> <span class='ocrx_word' id='word_1_120' title='bbox 689 1379 780 1428; x_wconf 89' lang='lat' dir='ltr'>uodum</span> <span class='ocrx_word' id='word_1_121' title='bbox 798 1382 870 1429; x_wconf 86' lang='lat' dir='ltr'>unius</span> <span class='ocrx_word' id='word_1_122' title='bbox 889 1380 1001 1428; x_wconf 91' lang='lat' dir='ltr'>bominis.</span> <span class='ocrx_word' id='word_1_123' title='bbox 1038 1379 1082 1428; x_wconf 86' lang='lat' dir='ltr'>leh</span> <span class='ocrx_word' id='word_1_124' title='bbox 1100 1380 1154 1429; x_wconf 87' lang='lat' dir='ltr'>halt</span> <span class='ocrx_word' id='word_1_125' title='bbox 1173 1395 1217 1429; x_wconf 79' lang='lat' dir='ltr'>rus</span> <span class='ocrx_word' id='word_1_126' title='bbox 1241 1381 1368 1433; x_wconf 77' lang='lat' dir='ltr'>alleshund</span> <span class='ocrx_word' id='word_1_127' title='bbox 1387 1386 1513 1443; x_wconf 82' lang='lat' dir='ltr'>Griinden,</span> <span class='ocrx_word' id='word_1_128' title='bbox 1533 1389 1590 1437; x_wconf 80' lang='lat' dir='ltr'>dare</span> 
     </span>
     <span class='ocr_line' id='line_1_13' title="bbox 233 1449 1589 1516; baseline 0.004 -14"><span class='ocrx_word' id='word_1_129' title='bbox 233 1449 276 1502; x_wconf 70' lang='lat' dir='ltr'>t«</span> <span class='ocrx_word' id='word_1_130' title='bbox 292 1450 401 1500; x_wconf 71' lang='lat' dir='ltr'>nlobste</span> <span class='ocrx_word' id='word_1_131' title='bbox 419 1450 484 1516; x_wconf 74' lang='lat' dir='ltr'>Weg</span> <span class='ocrx_word' id='word_1_132' title='bbox 502 1449 582 1501; x_wconf 87' lang='lat' dir='ltr'>dieser</span> <span class='ocrx_word' id='word_1_133' title='bbox 600 1465 661 1513; x_wconf 76' lang='lat' dir='ltr'>reyn</span> <span class='ocrx_word' id='word_1_134' title='bbox 680 1450 773 1508; x_wconf 75' lang='lat' dir='ltr'>uiirde,</span> <span class='ocrx_word' id='word_1_135' title='bbox 801 1465 874 1501; x_wconf 77' lang='lat' dir='ltr'>nanu</span> <span class='ocrx_word' id='word_1_136' title='bbox 895 1452 964 1500; x_wconf 87' lang='lat' dir='ltr'>einer</span> <span class='ocrx_word' id='word_1_137' title='bbox 990 1456 1083 1500; x_wconf 89' lang='lat' dir='ltr'>motum</span> <span class='ocrx_word' id='word_1_138' title='bbox 1101 1452 1265 1509; x_wconf 87' lang='lat' dir='ltr'>luminarium,</span> <span class='ocrx_word' id='word_1_139' title='bbox 1285 1452 1348 1503; x_wconf 87' lang='lat' dir='ltr'>Solis</span> <span class='ocrx_word' id='word_1_140' title='bbox 1368 1464 1393 1504; x_wconf 83' lang='lat' dir='ltr'>et</span> <span class='ocrx_word' id='word_1_141' title='bbox 1412 1456 1498 1506; x_wconf 86' lang='lat' dir='ltr'>Lunae</span> <span class='ocrx_word' id='word_1_142' title='bbox 1517 1459 1589 1507; x_wconf 83' lang='lat' dir='ltr'>aller·</span> 
     </span>
     <span class='ocr_line' id='line_1_14' title="bbox 234 1520 1589 1585; baseline 0.006 -14"><span class='ocrx_word' id='word_1_143' title='bbox 234 1534 335 1571; x_wconf 73' lang='lat' dir='ltr'>musco</span> <span class='ocrx_word' id='word_1_144' title='bbox 354 1521 406 1571; x_wconf 93' lang='lat' dir='ltr'>und</span> <span class='ocrx_word' id='word_1_145' title='bbox 426 1521 524 1572; x_wconf 80' lang='lat' dir='ltr'>Gestult</span> <span class='ocrx_word' id='word_1_146' title='bbox 541 1523 587 1572; x_wconf 74' lang='lat' dir='ltr'>vio</span> <span class='ocrx_word' id='word_1_147' title='bbox 606 1537 632 1571; x_wconf 90' lang='lat' dir='ltr'>cr</span> <span class='ocrx_word' id='word_1_148' title='bbox 647 1524 701 1583; x_wconf 79' lang='lat' dir='ltr'>Jezt</span> <span class='ocrx_word' id='word_1_149' title='bbox 722 1520 769 1571; x_wconf 85' lang='lat' dir='ltr'>boo</span> <span class='ocrx_word' id='word_1_150' title='bbox 785 1530 867 1571; x_wconf 85' lang='lat' dir='ltr'>nostro</span> <span class='ocrx_word' id='word_1_151' title='bbox 887 1529 997 1585; x_wconf 88' lang='lat' dir='ltr'>temporo</span> <span class='ocrx_word' id='word_1_152' title='bbox 1017 1527 1042 1570; x_wconf 91' lang='lat' dir='ltr'>et</span> <span class='ocrx_word' id='word_1_153' title='bbox 1059 1522 1108 1571; x_wconf 85' lang='lat' dir='ltr'>hac</span> <span class='ocrx_word' id='word_1_154' title='bbox 1135 1529 1220 1572; x_wconf 86' lang='lat' dir='ltr'>aetate</span> <span class='ocrx_word' id='word_1_155' title='bbox 1238 1524 1278 1580; x_wconf 88' lang='lat' dir='ltr'>ist,</span> <span class='ocrx_word' id='word_1_156' title='bbox 1299 1528 1436 1582; x_wconf 85' lang='lat' dir='ltr'>assumirte.</span> <span class='ocrx_word' id='word_1_157' title='bbox 1457 1527 1589 1579; x_wconf 87' lang='lat' dir='ltr'>denselbon</span> 
     </span>
     <span class='ocr_line' id='line_1_15' title="bbox 235 1591 1643 1662; baseline 0.006 -20"><span class='ocrx_word' id='word_1_158' title='bbox 235 1591 308 1646; x_wconf 79' lang='lat' dir='ltr'>cuch.</span> <span class='ocrx_word' id='word_1_159' title='bbox 329 1591 364 1642; x_wconf 80' lang='lat' dir='ltr'>dc</span> <span class='ocrx_word' id='word_1_160' title='bbox 381 1592 432 1642; x_wconf 86' lang='lat' dir='ltr'>ihm</span> <span class='ocrx_word' id='word_1_161' title='bbox 450 1594 487 1642; x_wconf 85' lang='lat' dir='ltr'>uit</span> <span class='ocrx_word' id='word_1_162' title='bbox 507 1608 537 1641; x_wconf 91' lang='grc' dir='ltr'>ιιι</span> <span class='ocrx_word' id='word_1_163' title='bbox 555 1599 653 1648; x_wconf 78' lang='grc' dir='ltr'><strong>ιιιιιοο,</strong></span> <span class='ocrx_word' id='word_1_164' title='bbox 672 1607 699 1640; x_wconf 90' lang='lat' dir='ltr'>so</span> <span class='ocrx_word' id='word_1_165' title='bbox 712 1591 759 1642; x_wconf 85' lang='lat' dir='ltr'>riel</span> <span class='ocrx_word' id='word_1_166' title='bbox 778 1592 884 1658; x_wconf 75' lang='lat' dir='ltr'>mogliclr</span> <span class='ocrx_word' id='word_1_167' title='bbox 896 1594 921 1641; x_wconf 91' lang='lat' dir='ltr'>in</span> <span class='ocrx_word' id='word_1_168' title='bbox 934 1592 1045 1642; x_wconf 89' lang='lat' dir='ltr'>mebrere</span> <span class='ocrx_word' id='word_1_169' title='bbox 1064 1593 1235 1644; x_wconf 74' lang='lat' dir='ltr'>certitudinem</span> <span class='ocrx_word' id='word_1_170' title='bbox 1249 1610 1279 1644; x_wconf 87' lang='lat' dir='ltr'>zu</span> <span class='ocrx_word' id='word_1_171' title='bbox 1297 1595 1399 1662; x_wconf 77' lang='lat' dir='ltr'>bringeri</span> <span class='ocrx_word' id='word_1_172' title='bbox 1413 1598 1464 1647; x_wconf 88' lang='lat' dir='ltr'>sich</span> <span class='ocrx_word' id='word_1_173' title='bbox 1483 1599 1589 1659; x_wconf 85' lang='lat' dir='ltr'>bellisse,</span> <span class='ocrx_word' id='word_1_174' title='bbox 1641 1646 1643 1650; x_wconf 91' lang='lat'>.</span> 
     </span>
     <span class='ocr_line' id='line_1_16' title="bbox 232 1663 1588 1727; baseline 0.006 -14"><span class='ocrx_word' id='word_1_175' title='bbox 232 1663 283 1713; x_wconf 78' lang='lat' dir='ltr'>nd</span> <span class='ocrx_word' id='word_1_176' title='bbox 300 1664 357 1714; x_wconf 74' lang='lat' dir='ltr'>vcil</span> <span class='ocrx_word' id='word_1_177' title='bbox 376 1664 425 1716; x_wconf 86' lang='lat' dir='ltr'>don</span> <span class='ocrx_word' id='word_1_178' title='bbox 444 1663 660 1714; x_wconf 83' lang='lat' dir='ltr'>observationibus</span> <span class='ocrx_word' id='word_1_179' title='bbox 687 1665 874 1726; x_wconf 83' lang='lat' dir='ltr'>praeteritorum</span> <span class='ocrx_word' id='word_1_180' title='bbox 902 1670 1040 1727; x_wconf 82' lang='lat' dir='ltr'>tempomm</span> <span class='ocrx_word' id='word_1_181' title='bbox 1058 1667 1096 1713; x_wconf 88' lang='lat' dir='ltr'>ult</span> <span class='ocrx_word' id='word_1_182' title='bbox 1114 1680 1144 1714; x_wconf 90' lang='grc' dir='ltr'>ιιι</span> <span class='ocrx_word' id='word_1_183' title='bbox 1172 1672 1269 1722; x_wconf 87' lang='lat' dir='ltr'>tranen,</span> <span class='ocrx_word' id='word_1_184' title='bbox 1299 1667 1356 1716; x_wconf 85' lang='lat' dir='ltr'>dass</span> <span class='ocrx_word' id='word_1_185' title='bbox 1375 1671 1443 1717; x_wconf 87' lang='lat' dir='ltr'>einer</span> <span class='ocrx_word' id='word_1_186' title='bbox 1466 1670 1588 1721; x_wconf 87' lang='lat' dir='ltr'>demnacb</span> 
     </span>
     <span class='ocr_line' id='line_1_17' title="bbox 233 1733 1588 1799; baseline 0.003 -13"><span class='ocrx_word' id='word_1_187' title='bbox 233 1734 273 1786; x_wconf 77' lang='lat' dir='ltr'>die</span> <span class='ocrx_word' id='word_1_188' title='bbox 290 1736 397 1799; x_wconf 80' lang='lat' dir='ltr'>eclipses</span> <span class='ocrx_word' id='word_1_189' title='bbox 414 1751 445 1785; x_wconf 81' lang='lat' dir='ltr'>ex</span> <span class='ocrx_word' id='word_1_190' title='bbox 463 1736 605 1785; x_wconf 73' lang='lat' dir='ltr'><strong>authoribus</strong></span> <span class='ocrx_word' id='word_1_191' title='bbox 622 1738 662 1783; x_wconf 84' lang='lat' dir='ltr'>iirr</span> <span class='ocrx_word' id='word_1_192' title='bbox 678 1733 755 1784; x_wconf 79' lang='lat' dir='ltr'>Hand</span> <span class='ocrx_word' id='word_1_193' title='bbox 781 1735 869 1785; x_wconf 87' lang='lat' dir='ltr'>nohme</span> <span class='ocrx_word' id='word_1_194' title='bbox 896 1736 947 1785; x_wconf 91' lang='lat' dir='ltr'>und</span> <span class='ocrx_word' id='word_1_195' title='bbox 970 1735 1010 1784; x_wconf 89' lang='lat' dir='ltr'>die</span> <span class='ocrx_word' id='word_1_196' title='bbox 1038 1737 1132 1785; x_wconf 87' lang='lat' dir='ltr'>medios</span> <span class='ocrx_word' id='word_1_197' title='bbox 1157 1744 1237 1786; x_wconf 85' lang='lat' dir='ltr'>motus</span> <span class='ocrx_word' id='word_1_198' title='bbox 1264 1738 1384 1788; x_wconf 84' lang='lat' dir='ltr'>allemeits</span> <span class='ocrx_word' id='word_1_199' title='bbox 1413 1740 1489 1790; x_wconf 81' lang='lat' dir='ltr'>dsbin</span> <span class='ocrx_word' id='word_1_200' title='bbox 1516 1742 1588 1791; x_wconf 83' lang='lat' dir='ltr'>soril·</span> 
     </span>
     <span class='ocr_line' id='line_1_18' title="bbox 232 1805 1589 1872; baseline 0.004 -16"><span class='ocrx_word' id='word_1_201' title='bbox 232 1806 342 1872; x_wconf 75' lang='lat' dir='ltr'>mogliclr</span> <span class='ocrx_word' id='word_1_202' title='bbox 359 1806 487 1872; x_wconf 78' lang='lat' dir='ltr'>dirigiore,</span> <span class='ocrx_word' id='word_1_203' title='bbox 514 1807 591 1855; x_wconf 78' lang='lat' dir='ltr'>drmit</span> <span class='ocrx_word' id='word_1_204' title='bbox 608 1806 733 1855; x_wconf 79' lang='lat' dir='ltr'>dissolben</span> <span class='ocrx_word' id='word_1_205' title='bbox 752 1805 838 1855; x_wconf 85' lang='lat' dir='ltr'>solvirt</span> <span class='ocrx_word' id='word_1_206' title='bbox 854 1806 951 1856; x_wconf 80' lang='lat' dir='ltr'>worden</span> <span class='ocrx_word' id='word_1_207' title='bbox 971 1807 1095 1857; x_wconf 82' lang='lat' dir='ltr'>mbchten.</span> <span class='ocrx_word' id='word_1_208' title='bbox 1134 1808 1193 1857; x_wconf 88' lang='lat' dir='ltr'>Was</span> <span class='ocrx_word' id='word_1_209' title='bbox 1213 1809 1272 1857; x_wconf 85' lang='lat' dir='ltr'>aber</span> <span class='ocrx_word' id='word_1_210' title='bbox 1290 1809 1329 1858; x_wconf 88' lang='lat' dir='ltr'>dio</span> <span class='ocrx_word' id='word_1_211' title='bbox 1352 1825 1421 1860; x_wconf 85' lang='lat' dir='ltr'>veros</span> <span class='ocrx_word' id='word_1_212' title='bbox 1440 1821 1465 1861; x_wconf 89' lang='lat' dir='ltr'>et</span> <span class='ocrx_word' id='word_1_213' title='bbox 1484 1814 1589 1863; x_wconf 74' lang='lat' dir='ltr'>visibiles</span> 
     </span>
     <span class='ocr_line' id='line_1_19' title="bbox 233 1876 1589 1943; baseline 0.005 -16"><span class='ocrx_word' id='word_1_214' title='bbox 233 1885 314 1927; x_wconf 81' lang='lat' dir='ltr'>motus</span> <span class='ocrx_word' id='word_1_215' title='bbox 333 1877 436 1934; x_wconf 76' lang='lat' dir='ltr'>betriilb,</span> <span class='ocrx_word' id='word_1_216' title='bbox 455 1879 480 1926; x_wconf 89' lang='lat' dir='ltr'>in</span> <span class='ocrx_word' id='word_1_217' title='bbox 499 1877 631 1927; x_wconf 89' lang='lat' dir='ltr'>denselbon</span> <span class='ocrx_word' id='word_1_218' title='bbox 650 1891 677 1924; x_wconf 88' lang='lat' dir='ltr'>so</span> <span class='ocrx_word' id='word_1_219' title='bbox 696 1876 756 1943; x_wconf 71' lang='lat' dir='ltr'>lang</span> <span class='ocrx_word' id='word_1_220' title='bbox 773 1877 825 1926; x_wconf 91' lang='lat' dir='ltr'>und</span> <span class='ocrx_word' id='word_1_221' title='bbox 843 1878 898 1933; x_wconf 90' lang='lat' dir='ltr'>viel,</span> <span class='ocrx_word' id='word_1_222' title='bbox 918 1878 953 1925; x_wconf 90' lang='lat' dir='ltr'>bis</span> <span class='ocrx_word' id='word_1_223' title='bbox 974 1893 1000 1926; x_wconf 90' lang='lat' dir='ltr'>es</span> <span class='ocrx_word' id='word_1_224' title='bbox 1020 1878 1059 1927; x_wconf 91' lang='lat' dir='ltr'>die</span> <span class='ocrx_word' id='word_1_225' title='bbox 1077 1878 1213 1928; x_wconf 83' lang='lat' dir='ltr'>Nothdurlt</span> <span class='ocrx_word' id='word_1_226' title='bbox 1231 1880 1362 1936; x_wconf 86' lang='lat' dir='ltr'>eriordort,</span> <span class='ocrx_word' id='word_1_227' title='bbox 1383 1882 1447 1932; x_wconf 90' lang='lat' dir='ltr'>auch</span> <span class='ocrx_word' id='word_1_228' title='bbox 1466 1884 1589 1934; x_wconf 85' lang='lat' dir='ltr'>mebreres</span> 
     </span>
     <span class='ocr_line' id='line_1_20' title="bbox 232 1947 1589 2015; baseline 0.004 -16"><span class='ocrx_word' id='word_1_229' title='bbox 232 1947 340 1999; x_wconf 72' lang='lat' dir='ltr'>slodunn</span> <span class='ocrx_word' id='word_1_230' title='bbox 357 1950 403 2005; x_wconf 83' lang='lat' dir='ltr'>nit,</span> <span class='ocrx_word' id='word_1_231' title='bbox 432 1947 468 1998; x_wconf 85' lang='lat' dir='ltr'>als</span> <span class='ocrx_word' id='word_1_232' title='bbox 487 1947 554 1998; x_wconf 80' lang='lat' dir='ltr'>Noth</span> <span class='ocrx_word' id='word_1_233' title='bbox 572 1950 612 2004; x_wconf 87' lang='lat' dir='ltr'>ist,</span> <span class='ocrx_word' id='word_1_234' title='bbox 639 1948 775 1997; x_wconf 88' lang='lat' dir='ltr'>immutiret</span> <span class='ocrx_word' id='word_1_235' title='bbox 802 1948 861 1997; x_wconf 88' lang='lat' dir='ltr'>odor</span> <span class='ocrx_word' id='word_1_236' title='bbox 886 1949 1016 1997; x_wconf 84' lang='lat' dir='ltr'>innoviret.</span> <span class='ocrx_word' id='word_1_237' title='bbox 1055 1950 1129 1998; x_wconf 85' lang='lat' dir='ltr'>Danu</span> <span class='ocrx_word' id='word_1_238' title='bbox 1150 1964 1175 1997; x_wconf 90' lang='lat' dir='ltr'>es</span> <span class='ocrx_word' id='word_1_239' title='bbox 1204 1950 1295 1999; x_wconf 86' lang='lat' dir='ltr'>einmal</span> <span class='ocrx_word' id='word_1_240' title='bbox 1320 1954 1420 2015; x_wconf 75' lang='lat' dir='ltr'>geuiss,</span> <span class='ocrx_word' id='word_1_241' title='bbox 1450 1953 1507 2003; x_wconf 84' lang='lat' dir='ltr'>dass</span> <span class='ocrx_word' id='word_1_242' title='bbox 1533 1957 1589 2005; x_wconf 86' lang='lat' dir='ltr'>eine</span> 
     </span>
     <span class='ocr_line' id='line_1_21' title="bbox 231 2018 1588 2090; baseline 0.004 -21"><span class='ocrx_word' id='word_1_243' title='bbox 231 2018 413 2084; x_wconf 61' lang='lat' dir='ltr'>colim-Solis</span> <span class='ocrx_word' id='word_1_244' title='bbox 425 2019 463 2069; x_wconf 86' lang='lat' dir='ltr'>vel</span> <span class='ocrx_word' id='word_1_245' title='bbox 478 2019 564 2069; x_wconf 84' lang='lat' dir='ltr'>Lunae</span> <span class='ocrx_word' id='word_1_246' title='bbox 582 2033 628 2084; x_wconf 78' lang='lat' dir='ltr'>gar</span> <span class='ocrx_word' id='word_1_247' title='bbox 646 2019 722 2068; x_wconf 83' lang='lat' dir='ltr'>lcicht</span> <span class='ocrx_word' id='word_1_248' title='bbox 739 2020 805 2068; x_wconf 85' lang='lat' dir='ltr'>aucb</span> <span class='ocrx_word' id='word_1_249' title='bbox 822 2020 903 2068; x_wconf 89' lang='lat' dir='ltr'>einem</span> <span class='ocrx_word' id='word_1_250' title='bbox 917 2019 1003 2082; x_wconf 84' lang='lat' dir='ltr'>Luyeu</span> <span class='ocrx_word' id='word_1_251' title='bbox 1017 2020 1196 2069; x_wconf 87' lang='lat' dir='ltr'>unieblbarlich</span> <span class='ocrx_word' id='word_1_252' title='bbox 1209 2036 1238 2068; x_wconf 91' lang='grc' dir='ltr'><strong>ιο</strong></span> <span class='ocrx_word' id='word_1_253' title='bbox 1253 2021 1386 2080; x_wconf 86' lang='lat' dir='ltr'>erlrenncn,</span> <span class='ocrx_word' id='word_1_254' title='bbox 1400 2025 1450 2073; x_wconf 90' lang='lat' dir='ltr'>und</span> <span class='ocrx_word' id='word_1_255' title='bbox 1464 2026 1494 2074; x_wconf 93' lang='lat' dir='ltr'>ob</span> <span class='ocrx_word' id='word_1_256' title='bbox 1507 2026 1588 2090; x_wconf 79' lang='lat' dir='ltr'>gleich</span> 
     </span>
     <span class='ocr_line' id='line_1_22' title="bbox 232 2090 1589 2151; baseline 0.004 -10"><span class='ocrx_word' id='word_1_257' title='bbox 232 2091 295 2141; x_wconf 67' lang='lat' dir='ltr'>&#39;obl</span> <span class='ocrx_word' id='word_1_258' title='bbox 314 2092 381 2142; x_wconf 77' lang='lat' dir='ltr'>auch</span> <span class='ocrx_word' id='word_1_259' title='bbox 399 2092 424 2141; x_wconf 95' lang='lat' dir='ltr'>in</span> <span class='ocrx_word' id='word_1_260' title='bbox 445 2091 585 2141; x_wconf 88' lang='lat' dir='ltr'>demselbsu</span> <span class='ocrx_word' id='word_1_261' title='bbox 605 2091 678 2140; x_wconf 85' lang='lat' dir='ltr'>koino</span> <span class='ocrx_word' id='word_1_262' title='bbox 697 2090 900 2141; x_wconf 83' lang='lat' dir='ltr'>circumscribirtc</span> <span class='ocrx_word' id='word_1_263' title='bbox 919 2091 1103 2140; x_wconf 85' lang='lat' dir='ltr'>observationes</span> <span class='ocrx_word' id='word_1_264' title='bbox 1120 2091 1270 2151; x_wconf 84' lang='lat' dir='ltr'>verbunden,</span> <span class='ocrx_word' id='word_1_265' title='bbox 1289 2108 1317 2141; x_wconf 89' lang='lat' dir='ltr'>so</span> <span class='ocrx_word' id='word_1_266' title='bbox 1334 2094 1401 2143; x_wconf 82' lang='lat' dir='ltr'>kann</span> <span class='ocrx_word' id='word_1_267' title='bbox 1415 2095 1478 2146; x_wconf 88' lang='lat' dir='ltr'>doclr</span> <span class='ocrx_word' id='word_1_268' title='bbox 1490 2097 1589 2147; x_wconf 87' lang='lat' dir='ltr'>dasselb</span> 
     </span>
     <span class='ocr_line' id='line_1_23' title="bbox 231 2160 1588 2228; baseline 0.004 -15"><span class='ocrx_word' id='word_1_269' title='bbox 231 2162 310 2213; x_wconf 87' lang='lat' dir='ltr'>durch</span> <span class='ocrx_word' id='word_1_270' title='bbox 340 2164 380 2213; x_wconf 87' lang='lat' dir='ltr'>die</span> <span class='ocrx_word' id='word_1_271' title='bbox 399 2161 476 2228; x_wconf 75' lang='lat' dir='ltr'>Mcug</span> <span class='ocrx_word' id='word_1_272' title='bbox 503 2163 547 2212; x_wconf 88' lang='lat' dir='ltr'>der</span> <span class='ocrx_word' id='word_1_273' title='bbox 574 2162 689 2226; x_wconf 87' lang='lat' dir='ltr'>Eclipsou</span> <span class='ocrx_word' id='word_1_274' title='bbox 715 2162 822 2212; x_wconf 80' lang='lat' dir='ltr'>bororcb</span> <span class='ocrx_word' id='word_1_275' title='bbox 841 2160 922 2218; x_wconf 90' lang='lat' dir='ltr'>Solis,</span> <span class='ocrx_word' id='word_1_276' title='bbox 951 2164 988 2210; x_wconf 84' lang='lat' dir='ltr'>nit</span> <span class='ocrx_word' id='word_1_277' title='bbox 1007 2162 1044 2211; x_wconf 86' lang='lat' dir='ltr'>als</span> <span class='ocrx_word' id='word_1_278' title='bbox 1063 2162 1102 2212; x_wconf 89' lang='lat' dir='ltr'>die</span> <span class='ocrx_word' id='word_1_279' title='bbox 1129 2162 1198 2212; x_wconf 89' lang='lat' dir='ltr'>mehr</span> <span class='ocrx_word' id='word_1_280' title='bbox 1216 2164 1246 2212; x_wconf 94' lang='lat' dir='ltr'>ob</span> <span class='ocrx_word' id='word_1_281' title='bbox 1269 2163 1321 2214; x_wconf 89' lang='lat' dir='ltr'>sich</span> <span class='ocrx_word' id='word_1_282' title='bbox 1346 2165 1435 2224; x_wconf 86' lang='lat' dir='ltr'>haben,</span> <span class='ocrx_word' id='word_1_283' title='bbox 1463 2167 1588 2218; x_wconf 86' lang='lat' dir='ltr'>leichtlich</span> 
     </span>
     <span class='ocr_line' id='line_1_24' title="bbox 231 2234 1245 2287; baseline 0.002 -2"><span class='ocrx_word' id='word_1_284' title='bbox 231 2241 311 2285; x_wconf 71' lang='lat' dir='ltr'>mort</span> <span class='ocrx_word' id='word_1_285' title='bbox 329 2234 438 2284; x_wconf 75' lang='lat' dir='ltr'>verdon.</span> <span class='ocrx_word' id='word_1_286' title='bbox 1236 2268 1245 2287; x_wconf 80' lang='grc'><strong>.</strong></span> 
     </span>
    </p>
   </div>
   <div class='ocr_carea' id='block_1_3' title="bbox 229 2323 1586 3383">
    <p class='ocr_par' dir='ltr' id='par_1_4' title="bbox 229 2323 1586 3204">
     <span class='ocr_line' id='line_1_25' title="bbox 318 2323 1586 2403; baseline 0.001 -18"><span class='ocrx_word' id='word_1_287' title='bbox 318 2323 508 2403; x_wconf 74' lang='lat' dir='ltr'>Kepltrus</span> <span class='ocrx_word' id='word_1_288' title='bbox 544 2337 654 2379; x_wconf 78' lang='lat' dir='ltr'>veterum</span> <span class='ocrx_word' id='word_1_289' title='bbox 689 2331 715 2378; x_wconf 88' lang='lat' dir='ltr'>in</span> <span class='ocrx_word' id='word_1_290' title='bbox 752 2328 904 2379; x_wconf 84' lang='lat' dir='ltr'>observando</span> <span class='ocrx_word' id='word_1_291' title='bbox 949 2328 1102 2394; x_wconf 81' lang='lat' dir='ltr'>diligentiam</span> <span class='ocrx_word' id='word_1_292' title='bbox 1146 2344 1264 2396; x_wconf 89' lang='lat' dir='ltr'>suumque</span> <span class='ocrx_word' id='word_1_293' title='bbox 1308 2335 1457 2396; x_wconf 89' lang='lat' dir='ltr'>propositum</span> <span class='ocrx_word' id='word_1_294' title='bbox 1501 2335 1586 2386; x_wconf 88' lang='lat' dir='ltr'>doion-</span> 
     </span>
     <span class='ocr_line' id='line_1_26' title="bbox 230 2409 1585 2491; baseline 0.006 -21"><span class='ocrx_word' id='word_1_295' title='bbox 230 2418 292 2470; x_wconf 77' lang='lat' dir='ltr'>deus</span> <span class='ocrx_word' id='word_1_296' title='bbox 319 2418 408 2469; x_wconf 74' lang='lat' dir='ltr'>aduro:</span> <span class='ocrx_word' id='word_1_297' title='bbox 446 2411 505 2473; x_wconf 87' lang='lat' dir='ltr'>etsi</span> <span class='ocrx_word' id='word_1_298' title='bbox 537 2429 608 2472; x_wconf 90' lang='lat' dir='ltr'>vero</span> <span class='ocrx_word' id='word_1_299' title='bbox 641 2412 705 2489; x_wconf 87' lang='lat' dir='ltr'>ipse</span> <span class='ocrx_word' id='word_1_300' title='bbox 735 2429 850 2491; x_wconf 86' lang='lat' dir='ltr'>quoque</span> <span class='ocrx_word' id='word_1_301' title='bbox 883 2410 971 2471; x_wconf 86' lang='lat' dir='ltr'>velim</span> <span class='ocrx_word' id='word_1_302' title='bbox 1014 2409 1149 2470; x_wconf 81' lang='lat' dir='ltr'>revidere</span> <span class='ocrx_word' id='word_1_303' title='bbox 1182 2410 1263 2473; x_wconf 91' lang='lat' dir='ltr'>Solis</span> <span class='ocrx_word' id='word_1_304' title='bbox 1296 2424 1328 2474; x_wconf 90' lang='lat' dir='ltr'>et</span> <span class='ocrx_word' id='word_1_305' title='bbox 1365 2414 1465 2476; x_wconf 86' lang='lat' dir='ltr'>Lunae</span> <span class='ocrx_word' id='word_1_306' title='bbox 1497 2416 1585 2479; x_wconf 88' lang='lat' dir='ltr'>theo·</span> 
     </span>
     <span class='ocr_line' id='line_1_27' title="bbox 230 2498 1586 2581; baseline 0.004 -19"><span class='ocrx_word' id='word_1_307' title='bbox 230 2499 307 2575; x_wconf 75' lang='lat' dir='ltr'>rias,</span> <span class='ocrx_word' id='word_1_308' title='bbox 348 2518 406 2560; x_wconf 90' lang='lat' dir='ltr'>nou</span> <span class='ocrx_word' id='word_1_309' title='bbox 442 2499 555 2580; x_wconf 90' lang='lat' dir='ltr'>possim</span> <span class='ocrx_word' id='word_1_310' title='bbox 591 2507 692 2563; x_wconf 89' lang='lat' dir='ltr'>tamen</span> <span class='ocrx_word' id='word_1_311' title='bbox 730 2499 795 2561; x_wconf 91' lang='lat' dir='ltr'>sine</span> <span class='ocrx_word' id='word_1_312' title='bbox 830 2520 947 2560; x_wconf 87' lang='lat' dir='ltr'>summa</span> <span class='ocrx_word' id='word_1_313' title='bbox 980 2498 1109 2560; x_wconf 89' lang='lat' dir='ltr'>omnium</span> <span class='ocrx_word' id='word_1_314' title='bbox 1150 2500 1429 2565; x_wconf 86' lang='lat' dir='ltr'>mathematicorum</span> <span class='ocrx_word' id='word_1_315' title='bbox 1465 2504 1586 2581; x_wconf 90' lang='lat' dir='ltr'>invidia,</span> 
     </span>
     <span class='ocr_line' id='line_1_28' title="bbox 234 2587 1586 2672; baseline 0.006 -21"><span class='ocrx_word' id='word_1_316' title='bbox 234 2589 408 2672; x_wconf 87' lang='lat' dir='ltr'>priusquam</span> <span class='ocrx_word' id='word_1_317' title='bbox 432 2589 526 2651; x_wconf 87' lang='lat' dir='ltr'>ceteri</span> <span class='ocrx_word' id='word_1_318' title='bbox 552 2598 679 2670; x_wconf 91' lang='lat' dir='ltr'>quatuor</span> <span class='ocrx_word' id='word_1_319' title='bbox 702 2589 740 2649; x_wconf 87' lang='lat' dir='ltr'>ad</span> <span class='ocrx_word' id='word_1_320' title='bbox 765 2591 851 2649; x_wconf 82' lang='lat' dir='ltr'>duem</span> <span class='ocrx_word' id='word_1_321' title='bbox 876 2587 987 2650; x_wconf 84' lang='lat' dir='ltr'>luerint</span> <span class='ocrx_word' id='word_1_322' title='bbox 1018 2588 1167 2667; x_wconf 88' lang='lat' dir='ltr'>perducti.</span> <span class='ocrx_word' id='word_1_323' title='bbox 1214 2589 1378 2653; x_wconf 83' lang='lat' dir='ltr'>Praeterea</span> <span class='ocrx_word' id='word_1_324' title='bbox 1401 2613 1448 2655; x_wconf 92' lang='lat' dir='ltr'>me</span> <span class='ocrx_word' id='word_1_325' title='bbox 1472 2614 1586 2658; x_wconf 91' lang='lat' dir='ltr'>summo</span> 
     </span>
     <span class='ocr_line' id='line_1_29' title="bbox 232 2676 1585 2759; baseline 0.005 -19"><span class='ocrx_word' id='word_1_326' title='bbox 232 2677 361 2742; x_wconf 88' lang='lat' dir='ltr'>ludibrio</span> <span class='ocrx_word' id='word_1_327' title='bbox 385 2697 575 2758; x_wconf 78' lang='lat' dir='ltr'>exponerem,</span> <span class='ocrx_word' id='word_1_328' title='bbox 597 2678 623 2740; x_wconf 91' lang='lat' dir='ltr'>si</span> <span class='ocrx_word' id='word_1_329' title='bbox 642 2676 713 2738; x_wconf 90' lang='lat' dir='ltr'>nihil</span> <span class='ocrx_word' id='word_1_330' title='bbox 739 2677 887 2739; x_wconf 82' lang='lat' dir='ltr'>ellicerenr</span> <span class='ocrx_word' id='word_1_331' title='bbox 906 2676 1045 2757; x_wconf 88' lang='lat' dir='ltr'>amplius,</span> <span class='ocrx_word' id='word_1_332' title='bbox 1071 2698 1160 2757; x_wconf 90' lang='lat' dir='ltr'>quam</span> <span class='ocrx_word' id='word_1_333' title='bbox 1175 2678 1277 2759; x_wconf 84' lang='lat' dir='ltr'>&#39;syclro</span> <span class='ocrx_word' id='word_1_334' title='bbox 1297 2680 1407 2743; x_wconf 79' lang='lat' dir='ltr'>ederit.</span> <span class='ocrx_word' id='word_1_335' title='bbox 1432 2682 1585 2747; x_wconf 87' lang='lat' dir='ltr'>Tollamus</span> 
     </span>
     <span class='ocr_line' id='line_1_30' title="bbox 229 2762 1584 2849; baseline 0.004 -20"><span class='ocrx_word' id='word_1_336' title='bbox 229 2766 310 2849; x_wconf 88' lang='lat' dir='ltr'>prius</span> <span class='ocrx_word' id='word_1_337' title='bbox 340 2766 370 2829; x_wconf 93' lang='lat' dir='ltr'>in</span> <span class='ocrx_word' id='word_1_338' title='bbox 400 2767 501 2829; x_wconf 88' lang='lat' dir='ltr'>Marte</span> <span class='ocrx_word' id='word_1_339' title='bbox 531 2785 647 2829; x_wconf 89' lang='lat' dir='ltr'>errores</span> <span class='ocrx_word' id='word_1_340' title='bbox 676 2762 715 2830; x_wconf 86' lang='lat'>3⁰</span> <span class='ocrx_word' id='word_1_341' title='bbox 742 2768 789 2838; x_wconf 92' lang='lat' dir='ltr'>(ut</span> <span class='ocrx_word' id='word_1_342' title='bbox 818 2786 905 2846; x_wconf 92' lang='lat' dir='ltr'>spero</span> <span class='ocrx_word' id='word_1_343' title='bbox 937 2767 1080 2841; x_wconf 86' lang='lat' dir='ltr'>lactum),</span> <span class='ocrx_word' id='word_1_344' title='bbox 1114 2767 1144 2829; x_wconf 90' lang='lat' dir='ltr'>in</span> <span class='ocrx_word' id='word_1_345' title='bbox 1175 2767 1294 2830; x_wconf 89' lang='lat' dir='ltr'>Venere</span> <span class='ocrx_word' id='word_1_346' title='bbox 1320 2766 1354 2837; x_wconf 85' lang='lat'>5,</span> <span class='ocrx_word' id='word_1_347' title='bbox 1383 2769 1411 2831; x_wconf 92' lang='lat' dir='ltr'>in</span> <span class='ocrx_word' id='word_1_348' title='bbox 1436 2772 1584 2835; x_wconf 90' lang='lat' dir='ltr'>Mercurio</span> 
     </span>
     <span class='ocr_line' id='line_1_31' title="bbox 230 2852 1583 2942; baseline 0.004 -24"><span class='ocrx_word' id='word_1_349' title='bbox 230 2855 331 2920; x_wconf 86' lang='lat' dir='ltr'>iorsan</span> <span class='ocrx_word' id='word_1_350' title='bbox 354 2856 425 2937; x_wconf 91' lang='lat' dir='ltr'>plus</span> <span class='ocrx_word' id='word_1_351' title='bbox 444 2856 693 2936; x_wconf 55' lang='lat' dir='ltr'>adhucppostea</span> <span class='ocrx_word' id='word_1_352' title='bbox 716 2854 752 2916; x_wconf 92' lang='lat' dir='ltr'>de</span> <span class='ocrx_word' id='word_1_353' title='bbox 777 2854 904 2917; x_wconf 84' lang='lat' dir='ltr'>residuis</span> <span class='ocrx_word' id='word_1_354' title='bbox 929 2854 957 2916; x_wconf 92' lang='lat' dir='ltr'>in</span> <span class='ocrx_word' id='word_1_355' title='bbox 974 2854 1094 2917; x_wconf 88' lang='lat' dir='ltr'>Luna5</span> <span class='ocrx_word' id='word_1_356' title='bbox 1115 2852 1197 2919; x_wconf 78' lang='lat' dir='ltr'>velil</span> <span class='ocrx_word' id='word_1_357' title='bbox 1222 2857 1367 2938; x_wconf 88' lang='lat' dir='ltr'>scrupulis</span> <span class='ocrx_word' id='word_1_358' title='bbox 1392 2867 1583 2942; x_wconf 85' lang='lat' dir='ltr'>satagamus;</span> 
     </span>
     <span class='ocr_line' id='line_1_32' title="bbox 230 2943 1581 3028; baseline 0.005 -22"><span class='ocrx_word' id='word_1_359' title='bbox 230 2953 337 3024; x_wconf 84' lang='lat' dir='ltr'>postea</span> <span class='ocrx_word' id='word_1_360' title='bbox 368 2966 388 3006; x_wconf 87' lang='lat' dir='ltr'>a</span> <span class='ocrx_word' id='word_1_361' title='bbox 416 2944 556 3026; x_wconf 87' lang='lat' dir='ltr'>Tyclrone</span> <span class='ocrx_word' id='word_1_362' title='bbox 590 2943 756 3007; x_wconf 86' lang='lat' dir='ltr'>constituta</span> <span class='ocrx_word' id='word_1_363' title='bbox 790 2944 929 3005; x_wconf 89' lang='lat' dir='ltr'>subtilius</span> <span class='ocrx_word' id='word_1_364' title='bbox 965 2946 1224 3007; x_wconf 86' lang='lat' dir='ltr'>transformemus.</span> <span class='ocrx_word' id='word_1_365' title='bbox 1278 2946 1442 3011; x_wconf 87' lang='lat' dir='ltr'>Praeterea</span> <span class='ocrx_word' id='word_1_366' title='bbox 1470 2961 1581 3028; x_wconf 89' lang='lat' dir='ltr'>tamen,</span> 
     </span>
     <span class='ocr_line' id='line_1_33' title="bbox 231 3032 1583 3121; baseline 0.005 -25"><span class='ocrx_word' id='word_1_367' title='bbox 231 3033 296 3097; x_wconf 89' lang='lat' dir='ltr'>dnm</span> <span class='ocrx_word' id='word_1_368' title='bbox 319 3034 350 3095; x_wconf 90' lang='lat' dir='ltr'>in</span> <span class='ocrx_word' id='word_1_369' title='bbox 374 3034 506 3114; x_wconf 89' lang='lat' dir='ltr'>planetis</span> <span class='ocrx_word' id='word_1_370' title='bbox 539 3033 720 3104; x_wconf 88' lang='lat' dir='ltr'>laboramus,</span> <span class='ocrx_word' id='word_1_371' title='bbox 755 3051 812 3094; x_wconf 92' lang='lat' dir='ltr'>non</span> <span class='ocrx_word' id='word_1_372' title='bbox 837 3032 989 3104; x_wconf 87' lang='lat' dir='ltr'>desinam,</span> <span class='ocrx_word' id='word_1_373' title='bbox 1022 3052 1077 3094; x_wconf 89' lang='lat' dir='ltr'>nec</span> <span class='ocrx_word' id='word_1_374' title='bbox 1101 3034 1205 3096; x_wconf 91' lang='lat' dir='ltr'>desino</span> <span class='ocrx_word' id='word_1_375' title='bbox 1238 3035 1366 3117; x_wconf 89' lang='lat' dir='ltr'>undique</span> <span class='ocrx_word' id='word_1_376' title='bbox 1399 3040 1583 3121; x_wconf 88' lang='lat' dir='ltr'>conquirere,</span> 
     </span>
     <span class='ocr_line' id='line_1_34' title="bbox 230 3121 1309 3204; baseline 0.001 -19"><span class='ocrx_word' id='word_1_377' title='bbox 230 3141 302 3203; x_wconf 84' lang='lat' dir='ltr'>qnae</span> <span class='ocrx_word' id='word_1_378' title='bbox 326 3122 366 3184; x_wconf 87' lang='lat' dir='ltr'>ad</span> <span class='ocrx_word' id='word_1_379' title='bbox 390 3124 543 3203; x_wconf 86' lang='lat' dir='ltr'>negotium</span> <span class='ocrx_word' id='word_1_380' title='bbox 565 3123 721 3202; x_wconf 89' lang='lat' dir='ltr'>eclipsium</span> <span class='ocrx_word' id='word_1_381' title='bbox 746 3121 874 3202; x_wconf 91' lang='lat' dir='ltr'>amplius</span> <span class='ocrx_word' id='word_1_382' title='bbox 898 3122 1088 3184; x_wconf 88' lang='lat' dir='ltr'>tractandum</span> <span class='ocrx_word' id='word_1_383' title='bbox 1111 3123 1309 3204; x_wconf 83' lang='lat' dir='ltr'>requirantur.</span> 
     </span>
    </p>

    <p class='ocr_par' dir='ltr' id='par_1_5' title="bbox 231 3210 1582 3383">
     <span class='ocr_line' id='line_1_35' title="bbox 315 3210 1582 3299; baseline 0.007 -28"><span class='ocrx_word' id='word_1_384' title='bbox 315 3210 359 3271; x_wconf 85' lang='lat' dir='ltr'>Et</span> <span class='ocrx_word' id='word_1_385' title='bbox 382 3211 450 3274; x_wconf 92' lang='lat' dir='ltr'>huic</span> <span class='ocrx_word' id='word_1_386' title='bbox 474 3211 595 3293; x_wconf 87' lang='lat' dir='ltr'>negotio</span> <span class='ocrx_word' id='word_1_387' title='bbox 619 3211 649 3273; x_wconf 92' lang='lat' dir='ltr'>in</span> <span class='ocrx_word' id='word_1_388' title='bbox 674 3218 760 3291; x_wconf 86' lang='lat' dir='ltr'>parte</span> <span class='ocrx_word' id='word_1_389' title='bbox 785 3210 897 3273; x_wconf 86' lang='lat' dir='ltr'>serviet</span> <span class='ocrx_word' id='word_1_390' title='bbox 919 3211 1112 3291; x_wconf 87' lang='lat' dir='ltr'>peculiariter</span> <span class='ocrx_word' id='word_1_391' title='bbox 1135 3213 1350 3276; x_wconf 84' lang='lat' dir='ltr'>Astronomiae</span> <span class='ocrx_word' id='word_1_392' title='bbox 1374 3234 1445 3296; x_wconf 88' lang='lat' dir='ltr'>pars</span> <span class='ocrx_word' id='word_1_393' title='bbox 1469 3217 1582 3299; x_wconf 87' lang='lat' dir='ltr'>optica,</span> 
     </span>
     <span class='ocr_line' id='line_1_36' title="bbox 231 3299 1581 3383; baseline 0.006 -22"><span class='ocrx_word' id='word_1_394' title='bbox 231 3318 314 3381; x_wconf 86' lang='lat' dir='ltr'>quam</span> <span class='ocrx_word' id='word_1_395' title='bbox 338 3300 487 3362; x_wconf 88' lang='lat' dir='ltr'>adornare</span> <span class='ocrx_word' id='word_1_396' title='bbox 520 3300 621 3379; x_wconf 83' lang='lat' dir='ltr'>cogito</span> <span class='ocrx_word' id='word_1_397' title='bbox 652 3301 808 3380; x_wconf 89' lang='lat' dir='ltr'>usquead</span> <span class='ocrx_word' id='word_1_398' title='bbox 842 3299 934 3361; x_wconf 83' lang='lat' dir='ltr'>ferias</span> <span class='ocrx_word' id='word_1_399' title='bbox 967 3300 1133 3365; x_wconf 89' lang='lat' dir='ltr'>natalitias.</span> <span class='ocrx_word' id='word_1_400' title='bbox 1187 3300 1341 3383; x_wconf 90' lang='lat' dir='ltr'>Siquidem</span> <span class='ocrx_word' id='word_1_401' title='bbox 1379 3304 1477 3368; x_wconf 88' lang='lat' dir='ltr'>aulica</span> <span class='ocrx_word' id='word_1_402' title='bbox 1507 3306 1581 3369; x_wconf 88' lang='lat' dir='ltr'>baec</span> 
     </span>
    </p>
   </div>
   <div class='ocr_carea' id='block_1_4' title="bbox 231 3387 1581 3542">
    <p class='ocr_par' dir='ltr' id='par_1_6' title="bbox 231 3387 1581 3542">
     <span class='ocr_line' id='line_1_37' title="bbox 231 3387 1423 3471; baseline 0.004 -21"><span class='ocrx_word' id='word_1_403' title='bbox 231 3387 395 3470; x_wconf 73' lang='grc' dir='ltr'><strong>ἀοφαληοις</strong></span> <span class='ocrx_word' id='word_1_404' title='bbox 417 3398 534 3451; x_wconf 88' lang='lat' dir='ltr'>tantum</span> <span class='ocrx_word' id='word_1_405' title='bbox 559 3389 631 3451; x_wconf 88' lang='lat' dir='ltr'>milri</span> <span class='ocrx_word' id='word_1_406' title='bbox 655 3389 810 3468; x_wconf 87' lang='lat' dir='ltr'>reliquerit</span> <span class='ocrx_word' id='word_1_407' title='bbox 832 3388 886 3450; x_wconf 88' lang='lat' dir='ltr'>otii</span> <span class='ocrx_word' id='word_1_408' title='bbox 910 3397 942 3450; x_wconf 87' lang='lat' dir='ltr'>et</span> <span class='ocrx_word' id='word_1_409' title='bbox 964 3388 1047 3450; x_wconf 91' lang='lat' dir='ltr'>Deus</span> <span class='ocrx_word' id='word_1_410' title='bbox 1072 3391 1151 3452; x_wconf 92' lang='lat' dir='ltr'>vires</span> <span class='ocrx_word' id='word_1_411' title='bbox 1175 3392 1423 3471; x_wconf 88' lang='lat' dir='ltr'>suppeditaverit.</span> 
     </span>
     <span class='ocr_line' id='line_1_38' title="bbox 314 3474 1581 3542; baseline 0.002 -13"><span class='ocrx_word' id='word_1_412' title='bbox 314 3478 388 3529; x_wconf 72' lang='lat' dir='ltr'>Haec</span> <span class='ocrx_word' id='word_1_413' title='bbox 407 3479 474 3528; x_wconf 80' lang='lat' dir='ltr'>circa</span> <span class='ocrx_word' id='word_1_414' title='bbox 491 3479 588 3528; x_wconf 85' lang='lat' dir='ltr'>initium</span> <span class='ocrx_word' id='word_1_415' title='bbox 608 3477 664 3528; x_wconf 88' lang='lat' dir='ltr'>Oct.</span> <span class='ocrx_word' id='word_1_416' title='bbox 688 3474 756 3526; x_wconf 76' lang='grc'><strong>1802</strong></span> <span class='ocrx_word' id='word_1_417' title='bbox 779 3478 872 3542; x_wconf 83' lang='lat' dir='ltr'>scripta</span> <span class='ocrx_word' id='word_1_418' title='bbox 889 3477 963 3542; x_wconf 79' lang='lat' dir='ltr'>paulo</span> <span class='ocrx_word' id='word_1_419' title='bbox 981 3484 1037 3541; x_wconf 91' lang='lat' dir='ltr'>post</span> <span class='ocrx_word' id='word_1_420' title='bbox 1049 3475 1104 3539; x_wconf 81' lang='lat'>(12.</span> <span class='ocrx_word' id='word_1_421' title='bbox 1122 3478 1197 3541; x_wconf 81' lang='lat' dir='ltr'>Nor.)</span> <span class='ocrx_word' id='word_1_422' title='bbox 1217 3480 1282 3530; x_wconf 84' lang='lat' dir='ltr'>alias</span> <span class='ocrx_word' id='word_1_423' title='bbox 1299 3488 1401 3531; x_wconf 87' lang='lat' dir='ltr'>secutae</span> <span class='ocrx_word' id='word_1_424' title='bbox 1419 3488 1478 3531; x_wconf 83' lang='lat' dir='ltr'>sunt</span> <span class='ocrx_word' id='word_1_425' title='bbox 1494 3482 1581 3533; x_wconf 84' lang='lat' dir='ltr'>literae</span> 
     </span>
    </p>
   </div>
   <div class='ocr_carea' id='block_1_5' title="bbox 229 3549 1580 4789">
    <p class='ocr_par' dir='ltr' id='par_1_7' title="bbox 229 3549 1580 4789">
     <span class='ocr_line' id='line_1_39' title="bbox 234 3549 1580 3626; baseline 0.004 -16"><span class='ocrx_word' id='word_1_426' title='bbox 234 3555 335 3625; x_wconf 70' lang='lat' dir='ltr'>leprosi,</span> <span class='ocrx_word' id='word_1_427' title='bbox 355 3560 381 3610; x_wconf 88' lang='lat' dir='ltr'>iu</span> <span class='ocrx_word' id='word_1_428' title='bbox 401 3559 487 3626; x_wconf 83' lang='lat' dir='ltr'>quibus</span> <span class='ocrx_word' id='word_1_429' title='bbox 505 3559 568 3609; x_wconf 80' lang='lat' dir='ltr'>mec</span> <span class='ocrx_word' id='word_1_430' title='bbox 586 3558 709 3624; x_wconf 77' lang='lat' dir='ltr'>legimus:</span> <span class='ocrx_word' id='word_1_431' title='bbox 740 3550 807 3611; x_wconf 90' lang='lat' dir='ltr'>Nou</span> <span class='ocrx_word' id='word_1_432' title='bbox 833 3549 945 3610; x_wconf 90' lang='lat' dir='ltr'>desinis</span> <span class='ocrx_word' id='word_1_433' title='bbox 969 3549 1101 3623; x_wconf 86' lang='lat' dir='ltr'>hortari,</span> <span class='ocrx_word' id='word_1_434' title='bbox 1134 3560 1167 3611; x_wconf 86' lang='lat' dir='ltr'>ut</span> <span class='ocrx_word' id='word_1_435' title='bbox 1197 3551 1227 3611; x_wconf 92' lang='lat' dir='ltr'>in</span> <span class='ocrx_word' id='word_1_436' title='bbox 1261 3561 1359 3614; x_wconf 89' lang='lat' dir='ltr'>motus</span> <span class='ocrx_word' id='word_1_437' title='bbox 1392 3553 1580 3616; x_wconf 88' lang='lat' dir='ltr'>luminarium</span> 
     </span>
     <span class='ocr_line' id='line_1_40' title="bbox 236 3637 1579 3723; baseline 0.004 -24"><span class='ocrx_word' id='word_1_438' title='bbox 236 3637 379 3723; x_wconf 86' lang='lat' dir='ltr'>inquiram.</span> <span class='ocrx_word' id='word_1_439' title='bbox 428 3637 531 3711; x_wconf 87' lang='lat' dir='ltr'>Quare</span> <span class='ocrx_word' id='word_1_440' title='bbox 555 3638 713 3701; x_wconf 88' lang='lat' dir='ltr'>certiorem</span> <span class='ocrx_word' id='word_1_441' title='bbox 736 3638 780 3699; x_wconf 87' lang='lat' dir='ltr'>M.</span> <span class='ocrx_word' id='word_1_442' title='bbox 805 3639 839 3699; x_wconf 85' lang='lat' dir='ltr'>T.</span> <span class='ocrx_word' id='word_1_443' title='bbox 864 3638 957 3708; x_wconf 85' lang='lat' dir='ltr'>facio,</span> <span class='ocrx_word' id='word_1_444' title='bbox 981 3657 1047 3700; x_wconf 90' lang='lat' dir='ltr'>cnm</span> <span class='ocrx_word' id='word_1_445' title='bbox 1078 3638 1359 3702; x_wconf 86' lang='lat' dir='ltr'>animadvertissem</span> <span class='ocrx_word' id='word_1_446' title='bbox 1388 3661 1484 3703; x_wconf 87' lang='lat' dir='ltr'>meam</span> <span class='ocrx_word' id='word_1_447' title='bbox 1508 3643 1579 3704; x_wconf 87' lang='lat' dir='ltr'>dili·</span> 
     </span>
     <span class='ocr_line' id='line_1_41' title="bbox 240 3726 1580 3811; baseline 0.002 -21"><span class='ocrx_word' id='word_1_448' title='bbox 240 3731 357 3806; x_wconf 78' lang='lat' dir='ltr'>gentiam</span> <span class='ocrx_word' id='word_1_449' title='bbox 383 3730 413 3791; x_wconf 94' lang='lat' dir='ltr'>in</span> <span class='ocrx_word' id='word_1_450' title='bbox 438 3728 558 3790; x_wconf 91' lang='lat' dir='ltr'>dubium</span> <span class='ocrx_word' id='word_1_451' title='bbox 592 3727 708 3801; x_wconf 88' lang='lat' dir='ltr'>vocari,</span> <span class='ocrx_word' id='word_1_452' title='bbox 742 3726 772 3788; x_wconf 90' lang='lat' dir='ltr'>in</span> <span class='ocrx_word' id='word_1_453' title='bbox 795 3747 842 3789; x_wconf 90' lang='lat' dir='ltr'>me</span> <span class='ocrx_word' id='word_1_454' title='bbox 875 3727 1026 3807; x_wconf 86' lang='lat' dir='ltr'>recepisse</span> <span class='ocrx_word' id='word_1_455' title='bbox 1051 3728 1108 3790; x_wconf 90' lang='lat' dir='ltr'>duo</span> <span class='ocrx_word' id='word_1_456' title='bbox 1133 3747 1240 3808; x_wconf 87' lang='lat' dir='ltr'>opera,</span> <span class='ocrx_word' id='word_1_457' title='bbox 1272 3729 1401 3791; x_wconf 87' lang='lat' dir='ltr'>alterum</span> <span class='ocrx_word' id='word_1_458' title='bbox 1425 3750 1517 3811; x_wconf 86' lang='lat' dir='ltr'>usque</span> <span class='ocrx_word' id='word_1_459' title='bbox 1541 3732 1580 3794; x_wconf 88' lang='lat' dir='ltr'>ad</span> 
     </span>
     <span class='ocr_line' id='line_1_42' title="bbox 239 3814 1578 3896; baseline 0.004 -20"><span class='ocrx_word' id='word_1_460' title='bbox 239 3814 342 3882; x_wconf 81' lang='lat' dir='ltr'>Pascha</span> <span class='ocrx_word' id='word_1_461' title='bbox 366 3820 499 3880; x_wconf 83' lang='lat' dir='ltr'>futurum</span> <span class='ocrx_word' id='word_1_462' title='bbox 522 3825 593 3879; x_wconf 84' lang='lat' dir='ltr'>sunt</span> <span class='ocrx_word' id='word_1_463' title='bbox 616 3814 843 3879; x_wconf 80' lang='lat' dir='ltr'>Commentario</span> <span class='ocrx_word' id='word_1_464' title='bbox 872 3818 941 3889; x_wconf 89' lang='lat' dir='ltr'>(seu</span> <span class='ocrx_word' id='word_1_465' title='bbox 969 3818 1048 3896; x_wconf 90' lang='lat' dir='ltr'>quod</span> <span class='ocrx_word' id='word_1_466' title='bbox 1071 3818 1152 3880; x_wconf 91' lang='lat' dir='ltr'>aliud</span> <span class='ocrx_word' id='word_1_467' title='bbox 1176 3817 1307 3881; x_wconf 85' lang='lat' dir='ltr'>futurum</span> <span class='ocrx_word' id='word_1_468' title='bbox 1330 3827 1379 3881; x_wconf 88' lang='lat' dir='ltr'>est</span> <span class='ocrx_word' id='word_1_469' title='bbox 1402 3823 1525 3895; x_wconf 89' lang='lat' dir='ltr'>nomen)</span> <span class='ocrx_word' id='word_1_470' title='bbox 1550 3821 1578 3882; x_wconf 90' lang='lat' dir='ltr'>in</span> 
     </span>
     <span class='ocr_line' id='line_1_43' title="bbox 241 3903 1580 3988; baseline 0.002 -19"><span class='ocrx_word' id='word_1_471' title='bbox 241 3903 382 3971; x_wconf 83' lang='lat' dir='ltr'>lbeoriam</span> <span class='ocrx_word' id='word_1_472' title='bbox 416 3906 527 3968; x_wconf 85' lang='lat' dir='ltr'>Martis</span> <span class='ocrx_word' id='word_1_473' title='bbox 560 3926 614 3969; x_wconf 89' lang='lat' dir='ltr'>seu</span> <span class='ocrx_word' id='word_1_474' title='bbox 642 3905 737 3967; x_wconf 88' lang='lat' dir='ltr'>clavis</span> <span class='ocrx_word' id='word_1_475' title='bbox 764 3905 803 3966; x_wconf 88' lang='lat' dir='ltr'>ad</span> <span class='ocrx_word' id='word_1_476' title='bbox 830 3906 1001 3967; x_wconf 85' lang='lat' dir='ltr'>universnm</span> <span class='ocrx_word' id='word_1_477' title='bbox 1040 3907 1254 3968; x_wconf 87' lang='lat' dir='ltr'>astronomiam</span> <span class='ocrx_word' id='word_1_478' title='bbox 1283 3926 1348 3969; x_wconf 91' lang='lat' dir='ltr'>cum</span> <span class='ocrx_word' id='word_1_479' title='bbox 1383 3908 1580 3988; x_wconf 87' lang='lat' dir='ltr'>problematis</span> 
     </span>
     <span class='ocr_line' id='line_1_44' title="bbox 241 3993 1579 4080; baseline 0 -21"><span class='ocrx_word' id='word_1_480' title='bbox 241 3999 421 4060; x_wconf 75' lang='lat' dir='ltr'>mundorum</span> <span class='ocrx_word' id='word_1_481' title='bbox 444 3995 596 4057; x_wconf 89' lang='lat' dir='ltr'>mobilium</span> <span class='ocrx_word' id='word_1_482' title='bbox 620 3994 756 4076; x_wconf 90' lang='lat' dir='ltr'>plurimis</span> <span class='ocrx_word' id='word_1_483' title='bbox 781 4001 812 4056; x_wconf 90' lang='lat' dir='ltr'>et</span> <span class='ocrx_word' id='word_1_484' title='bbox 831 3993 1060 4074; x_wconf 89' lang='lat' dir='ltr'>jucundissimis</span> <span class='ocrx_word' id='word_1_485' title='bbox 1084 4014 1122 4055; x_wconf 89' lang='lat' dir='ltr'>err</span> <span class='ocrx_word' id='word_1_486' title='bbox 1145 3995 1408 4059; x_wconf 85' lang='lat' dir='ltr'>observationibus</span> <span class='ocrx_word' id='word_1_487' title='bbox 1428 3998 1579 4080; x_wconf 87' lang='lat' dir='ltr'>Tycbonis</span> 
     </span>
     <span class='ocr_line' id='line_1_45' title="bbox 240 4075 1578 4163; baseline 0.004 -19"><span class='ocrx_word' id='word_1_488' title='bbox 240 4075 333 4149; x_wconf 77' lang='lat' dir='ltr'>brebe.</span> <span class='ocrx_word' id='word_1_489' title='bbox 389 4086 531 4148; x_wconf 87' lang='lat' dir='ltr'>Altemm</span> <span class='ocrx_word' id='word_1_490' title='bbox 564 4086 645 4146; x_wconf 86' lang='lat' dir='ltr'>intra</span> <span class='ocrx_word' id='word_1_491' title='bbox 681 4081 702 4146; x_wconf 88' lang='lat'>8</span> <span class='ocrx_word' id='word_1_492' title='bbox 734 4082 921 4163; x_wconf 85' lang='lat' dir='ltr'>septimanas</span> <span class='ocrx_word' id='word_1_493' title='bbox 959 4082 1175 4146; x_wconf 87' lang='lat' dir='ltr'>absolvendum</span> <span class='ocrx_word' id='word_1_494' title='bbox 1212 4094 1279 4147; x_wconf 89' lang='lat' dir='ltr'>est:</span> <span class='ocrx_word' id='word_1_495' title='bbox 1314 4088 1578 4149; x_wconf 85' lang='lat' dir='ltr'>Astronomiae</span> 
     </span>
     <span class='ocr_line' id='line_1_46' title="bbox 239 4168 1578 4256; baseline 0.003 -23"><span class='ocrx_word' id='word_1_496' title='bbox 239 4168 311 4238; x_wconf 81' lang='lat' dir='ltr'>Pars</span> <span class='ocrx_word' id='word_1_497' title='bbox 343 4172 496 4256; x_wconf 87' lang='lat' dir='ltr'>Optica,</span> <span class='ocrx_word' id='word_1_498' title='bbox 521 4174 600 4254; x_wconf 89' lang='lat' dir='ltr'>quod</span> <span class='ocrx_word' id='word_1_499' title='bbox 622 4173 661 4234; x_wconf 89' lang='lat' dir='ltr'>ad</span> <span class='ocrx_word' id='word_1_500' title='bbox 685 4172 715 4233; x_wconf 92' lang='lat' dir='ltr'>id</span> <span class='ocrx_word' id='word_1_501' title='bbox 740 4172 779 4233; x_wconf 88' lang='lat' dir='ltr'>ad</span> <span class='ocrx_word' id='word_1_502' title='bbox 803 4172 881 4252; x_wconf 91' lang='lat' dir='ltr'>quod</span> <span class='ocrx_word' id='word_1_503' title='bbox 910 4191 957 4233; x_wconf 89' lang='lat' dir='ltr'>me</span> <span class='ocrx_word' id='word_1_504' title='bbox 981 4173 1111 4235; x_wconf 88' lang='lat' dir='ltr'>hortaris</span> <span class='ocrx_word' id='word_1_505' title='bbox 1135 4193 1194 4235; x_wconf 87' lang='lat' dir='ltr'>non</span> <span class='ocrx_word' id='word_1_506' title='bbox 1226 4175 1364 4255; x_wconf 84' lang='lat' dir='ltr'>exiguum</span> <span class='ocrx_word' id='word_1_507' title='bbox 1397 4184 1578 4237; x_wconf 88' lang='lat' dir='ltr'>momentum</span> 
     </span>
     <span class='ocr_line' id='line_1_47' title="bbox 238 4260 1577 4345; baseline 0.003 -23"><span class='ocrx_word' id='word_1_508' title='bbox 238 4263 337 4327; x_wconf 77' lang='lat' dir='ltr'>ederet</span> <span class='ocrx_word' id='word_1_509' title='bbox 382 4264 418 4325; x_wconf 93' lang='lat' dir='ltr'>ln</span> <span class='ocrx_word' id='word_1_510' title='bbox 443 4282 479 4324; x_wconf 91' lang='lat' dir='ltr'>eo</span> <span class='ocrx_word' id='word_1_511' title='bbox 503 4263 581 4325; x_wconf 82' lang='lat' dir='ltr'>enim</span> <span class='ocrx_word' id='word_1_512' title='bbox 605 4260 845 4335; x_wconf 86' lang='lat' dir='ltr'>observationes,</span> <span class='ocrx_word' id='word_1_513' title='bbox 869 4280 945 4342; x_wconf 88' lang='lat' dir='ltr'>qnae</span> <span class='ocrx_word' id='word_1_514' title='bbox 969 4270 1041 4323; x_wconf 88' lang='lat' dir='ltr'>sunt</span> <span class='ocrx_word' id='word_1_515' title='bbox 1068 4263 1264 4325; x_wconf 77' lang='lat' dir='ltr'>fundamenta</span> <span class='ocrx_word' id='word_1_516' title='bbox 1294 4264 1400 4325; x_wconf 87' lang='lat' dir='ltr'>calculi</span> <span class='ocrx_word' id='word_1_517' title='bbox 1425 4273 1457 4325; x_wconf 87' lang='lat' dir='ltr'>et</span> <span class='ocrx_word' id='word_1_518' title='bbox 1480 4264 1577 4345; x_wconf 89' lang='lat' dir='ltr'>hypo-</span> 
     </span>
     <span class='ocr_line' id='line_1_48' title="bbox 237 4350 1576 4433; baseline -0.001 -18"><span class='ocrx_word' id='word_1_519' title='bbox 237 4351 360 4428; x_wconf 77' lang='lat' dir='ltr'>thesium,</span> <span class='ocrx_word' id='word_1_520' title='bbox 386 4371 461 4433; x_wconf 89' lang='lat' dir='ltr'>quas</span> <span class='ocrx_word' id='word_1_521' title='bbox 485 4352 622 4428; x_wconf 82' lang='lat' dir='ltr'>informo,</span> <span class='ocrx_word' id='word_1_522' title='bbox 648 4359 731 4412; x_wconf 83' lang='lat' dir='ltr'>etex</span> <span class='ocrx_word' id='word_1_523' title='bbox 749 4351 852 4412; x_wconf 89' lang='lat' dir='ltr'>multis</span> <span class='ocrx_word' id='word_1_524' title='bbox 870 4350 1104 4430; x_wconf 88' lang='lat' dir='ltr'>particularibus</span> <span class='ocrx_word' id='word_1_525' title='bbox 1129 4352 1297 4414; x_wconf 89' lang='lat' dir='ltr'>universale</span> <span class='ocrx_word' id='word_1_526' title='bbox 1321 4352 1433 4432; x_wconf 88' lang='lat' dir='ltr'>aliquid</span> <span class='ocrx_word' id='word_1_527' title='bbox 1457 4352 1576 4432; x_wconf 86' lang='lat' dir='ltr'>colligo,</span> 
     </span>
     <span class='ocr_line' id='line_1_49' title="bbox 235 4438 1577 4521; baseline -0.001 -17"><span class='ocrx_word' id='word_1_528' title='bbox 235 4441 470 4504; x_wconf 83' lang='lat' dir='ltr'>considerandum</span> <span class='ocrx_word' id='word_1_529' title='bbox 495 4440 533 4516; x_wconf 91' lang='lat' dir='ltr'>ei,</span> <span class='ocrx_word' id='word_1_530' title='bbox 558 4440 607 4521; x_wconf 90' lang='lat' dir='ltr'>qni</span> <span class='ocrx_word' id='word_1_531' title='bbox 630 4438 777 4502; x_wconf 89' lang='lat' dir='ltr'>theoriam</span> <span class='ocrx_word' id='word_1_532' title='bbox 803 4439 944 4500; x_wconf 91' lang='lat' dir='ltr'>luminum</span> <span class='ocrx_word' id='word_1_533' title='bbox 963 4440 1028 4500; x_wconf 90' lang='lat' dir='ltr'>vult</span> <span class='ocrx_word' id='word_1_534' title='bbox 1052 4440 1185 4519; x_wconf 87' lang='lat' dir='ltr'>aggredi.</span> <span class='ocrx_word' id='word_1_535' title='bbox 1223 4440 1425 4521; x_wconf 87' lang='lat' dir='ltr'>Disputantur</span> <span class='ocrx_word' id='word_1_536' title='bbox 1448 4450 1480 4502; x_wconf 87' lang='lat' dir='ltr'>et</span> <span class='ocrx_word' id='word_1_537' title='bbox 1503 4459 1577 4503; x_wconf 90' lang='lat' dir='ltr'>con·</span> 
     </span>
     <span class='ocr_line' id='line_1_50' title="bbox 233 4527 1575 4604; baseline 0 -14"><span class='ocrx_word' id='word_1_538' title='bbox 233 4529 386 4594; x_wconf 81' lang='lat' dir='ltr'>rtitnuntur</span> <span class='ocrx_word' id='word_1_539' title='bbox 399 4530 495 4592; x_wconf 87' lang='lat' dir='ltr'>multa</span> <span class='ocrx_word' id='word_1_540' title='bbox 519 4528 757 4592; x_wconf 82' lang='lat' dir='ltr'>fundamentalia</span> <span class='ocrx_word' id='word_1_541' title='bbox 771 4528 808 4588; x_wconf 92' lang='lat' dir='ltr'>de</span> <span class='ocrx_word' id='word_1_542' title='bbox 832 4527 987 4589; x_wconf 86' lang='lat' dir='ltr'>diametris</span> <span class='ocrx_word' id='word_1_543' title='bbox 1006 4529 1193 4591; x_wconf 89' lang='lat' dir='ltr'>luminarium</span> <span class='ocrx_word' id='word_1_544' title='bbox 1210 4538 1242 4589; x_wconf 85' lang='lat' dir='ltr'>et</span> <span class='ocrx_word' id='word_1_545' title='bbox 1260 4530 1381 4590; x_wconf 86' lang='lat' dir='ltr'>umbrae</span> <span class='ocrx_word' id='word_1_546' title='bbox 1397 4529 1575 4604; x_wconf 89' lang='lat' dir='ltr'>visibilibus,</span> 
     </span>
     <span class='ocr_line' id='line_1_51' title="bbox 231 4616 1577 4699; baseline -0.001 -19"><span class='ocrx_word' id='word_1_547' title='bbox 231 4619 260 4681; x_wconf 89' lang='lat' dir='ltr'>dc</span> <span class='ocrx_word' id='word_1_548' title='bbox 280 4630 361 4683; x_wconf 89' lang='lat' dir='ltr'>motu</span> <span class='ocrx_word' id='word_1_549' title='bbox 395 4618 515 4681; x_wconf 89' lang='lat' dir='ltr'>horario</span> <span class='ocrx_word' id='word_1_550' title='bbox 539 4618 594 4680; x_wconf 90' lang='lat' dir='ltr'>sub</span> <span class='ocrx_word' id='word_1_551' title='bbox 619 4618 715 4699; x_wconf 91' lang='lat' dir='ltr'>ipsam</span> <span class='ocrx_word' id='word_1_552' title='bbox 748 4616 987 4696; x_wconf 88' lang='lat' dir='ltr'>oppositionem,</span> <span class='ocrx_word' id='word_1_553' title='bbox 1013 4617 1050 4678; x_wconf 89' lang='lat' dir='ltr'>do</span> <span class='ocrx_word' id='word_1_554' title='bbox 1075 4619 1184 4697; x_wconf 86' lang='lat' dir='ltr'>angulo</span> <span class='ocrx_word' id='word_1_555' title='bbox 1208 4618 1396 4693; x_wconf 89' lang='lat' dir='ltr'>latitudinis,</span> <span class='ocrx_word' id='word_1_556' title='bbox 1421 4618 1458 4680; x_wconf 90' lang='lat' dir='ltr'>de</span> <span class='ocrx_word' id='word_1_557' title='bbox 1485 4618 1577 4682; x_wconf 87' lang='lat' dir='ltr'>variis</span> 
     </span>
     <span class='ocr_line' id='line_1_52' title="bbox 229 4705 1033 4789; baseline -0.006 -18"><span class='ocrx_word' id='word_1_558' title='bbox 229 4708 301 4774; x_wconf 85' lang='lat' dir='ltr'>visus</span> <span class='ocrx_word' id='word_1_559' title='bbox 325 4707 566 4789; x_wconf 86' lang='lat' dir='ltr'>deceptionibus,</span> <span class='ocrx_word' id='word_1_560' title='bbox 592 4707 629 4769; x_wconf 88' lang='lat' dir='ltr'>dc</span> <span class='ocrx_word' id='word_1_561' title='bbox 653 4706 751 4768; x_wconf 90' lang='lat' dir='ltr'>modis</span> <span class='ocrx_word' id='word_1_562' title='bbox 773 4705 956 4767; x_wconf 85' lang='lat' dir='ltr'>observandi</span> <span class='ocrx_word' id='word_1_563' title='bbox 979 4707 1033 4767; x_wconf 80' lang='lat' dir='ltr'>dac.</span> 
     </span>
    </p>
   </div>
   <div class='ocr_carea' id='block_1_6' title="bbox 222 4810 1578 5093">
    <p class='ocr_par' dir='ltr' id='par_1_8' title="bbox 222 4810 1578 5093">
     <span class='ocr_line' id='line_1_53' title="bbox 307 4810 1576 4879; baseline -0.002 -13"><span class='ocrx_word' id='word_1_564' title='bbox 307 4816 404 4879; x_wconf 76' lang='lat' dir='ltr'>Quibus</span> <span class='ocrx_word' id='word_1_565' title='bbox 422 4813 566 4865; x_wconf 70' lang='lat' dir='ltr'>Bernartius</span> <span class='ocrx_word' id='word_1_566' title='bbox 589 4813 734 4877; x_wconf 87' lang='lat' dir='ltr'>respoudit:</span> <span class='ocrx_word' id='word_1_567' title='bbox 762 4813 811 4862; x_wconf 87' lang='lat' dir='ltr'>Die</span> <span class='ocrx_word' id='word_1_568' title='bbox 839 4812 928 4862; x_wconf 87' lang='lat' dir='ltr'>beiden</span> <span class='ocrx_word' id='word_1_569' title='bbox 947 4810 1054 4869; x_wconf 84' lang='lat' dir='ltr'>Bilchcr&#39;,</span> <span class='ocrx_word' id='word_1_570' title='bbox 1083 4827 1109 4860; x_wconf 92' lang='lat' dir='ltr'>so</span> <span class='ocrx_word' id='word_1_571' title='bbox 1129 4811 1171 4862; x_wconf 90' lang='lat' dir='ltr'>der</span> <span class='ocrx_word' id='word_1_572' title='bbox 1189 4811 1254 4862; x_wconf 87' lang='lat' dir='ltr'>Herr</span> <span class='ocrx_word' id='word_1_573' title='bbox 1272 4812 1399 4879; x_wconf 78' lang='lat' dir='ltr'>ausgeben</span> <span class='ocrx_word' id='word_1_574' title='bbox 1418 4813 1499 4864; x_wconf 84' lang='lat' dir='ltr'>lusson</span> <span class='ocrx_word' id='word_1_575' title='bbox 1518 4813 1576 4873; x_wconf 72' lang='lat' dir='ltr'>will,</span> 
     </span>
     <span class='ocr_line' id='line_1_54' title="bbox 224 4882 1578 4954; baseline -0.002 -14"><span class='ocrx_word' id='word_1_576' title='bbox 224 4895 312 4954; x_wconf 69' lang='lat' dir='ltr'>mart</span> <span class='ocrx_word' id='word_1_577' title='bbox 329 4887 371 4939; x_wconf 84' lang='lat' dir='ltr'>lclr</span> <span class='ocrx_word' id='word_1_578' title='bbox 390 4887 437 4936; x_wconf 88' lang='lat' dir='ltr'>mit</span> <span class='ocrx_word' id='word_1_579' title='bbox 455 4885 584 4936; x_wconf 78' lang='lat' dir='ltr'>hochstein</span> <span class='ocrx_word' id='word_1_580' title='bbox 602 4884 746 4949; x_wconf 74' lang='lat' dir='ltr'>Veriangen</span> <span class='ocrx_word' id='word_1_581' title='bbox 765 4900 795 4933; x_wconf 90' lang='grc' dir='ltr'><strong>ιο</strong></span> <span class='ocrx_word' id='word_1_582' title='bbox 813 4882 899 4942; x_wconf 83' lang='lat' dir='ltr'>sehon,</span> <span class='ocrx_word' id='word_1_583' title='bbox 918 4885 965 4933; x_wconf 80' lang='lat' dir='ltr'>wie</span> <span class='ocrx_word' id='word_1_584' title='bbox 983 4883 1023 4932; x_wconf 86' lang='lat' dir='ltr'>ich</span> <span class='ocrx_word' id='word_1_585' title='bbox 1042 4884 1090 4932; x_wconf 89' lang='lat' dir='ltr'>don</span> <span class='ocrx_word' id='word_1_586' title='bbox 1108 4883 1179 4941; x_wconf 85' lang='lat' dir='ltr'>bitte,</span> <span class='ocrx_word' id='word_1_587' title='bbox 1198 4883 1284 4933; x_wconf 84' lang='lat' dir='ltr'>sobald</span> <span class='ocrx_word' id='word_1_588' title='bbox 1303 4885 1371 4934; x_wconf 88' lang='lat' dir='ltr'>eines</span> <span class='ocrx_word' id='word_1_589' title='bbox 1390 4884 1513 4949; x_wconf 78' lang='lat' dir='ltr'>gedmkt,</span> <span class='ocrx_word' id='word_1_590' title='bbox 1532 4888 1578 4937; x_wconf 92' lang='lat' dir='ltr'>mir</span> 
     </span>
     <span class='ocr_line' id='line_1_55' title="bbox 223 4953 1578 5024; baseline -0.004 -12"><span class='ocrx_word' id='word_1_591' title='bbox 223 4961 259 5012; x_wconf 62' lang='grc' dir='ltr'>ἡ</span> <span class='ocrx_word' id='word_1_592' title='bbox 274 4958 411 5024; x_wconf 70' lang='lat' dir='ltr'>Exemplar</span> <span class='ocrx_word' id='word_1_593' title='bbox 428 4956 556 5007; x_wconf 75' lang='lat' dir='ltr'>allorchirs</span> <span class='ocrx_word' id='word_1_594' title='bbox 573 4955 736 5006; x_wconf 76' lang='lat' dir='ltr'>viderialrron</span> <span class='ocrx_word' id='word_1_595' title='bbox 754 4970 784 5005; x_wconf 86' lang='grc' dir='ltr'>ιιι</span> <span class='ocrx_word' id='word_1_596' title='bbox 802 4954 893 5005; x_wconf 76' lang='lat' dir='ltr'>lmen.</span> <span class='ocrx_word' id='word_1_597' title='bbox 926 4954 984 5005; x_wconf 88' lang='lat' dir='ltr'>Und</span> <span class='ocrx_word' id='word_1_598' title='bbox 1002 4954 1058 5004; x_wconf 80' lang='lat' dir='ltr'>thot</span> <span class='ocrx_word' id='word_1_599' title='bbox 1076 4953 1119 5003; x_wconf 88' lang='lat' dir='ltr'>dor</span> <span class='ocrx_word' id='word_1_600' title='bbox 1130 4953 1194 5003; x_wconf 82' lang='lat' dir='ltr'>Hert</span> <span class='ocrx_word' id='word_1_601' title='bbox 1211 4953 1298 5003; x_wconf 83' lang='lat' dir='ltr'>hieran</span> <span class='ocrx_word' id='word_1_602' title='bbox 1316 4968 1382 5019; x_wconf 72' lang='lat' dir='ltr'>gana</span> <span class='ocrx_word' id='word_1_603' title='bbox 1400 4958 1509 5009; x_wconf 76' lang='lat' dir='ltr'>veirbcb</span> <span class='ocrx_word' id='word_1_604' title='bbox 1527 4957 1578 5007; x_wconf 86' lang='lat' dir='ltr'>und</span> 
     </span>
     <span class='ocr_line' id='line_1_56' title="bbox 222 5024 1577 5093; baseline -0.002 -11"><span class='ocrx_word' id='word_1_605' title='bbox 222 5029 287 5093; x_wconf 70' lang='lat' dir='ltr'>subl,</span> <span class='ocrx_word' id='word_1_606' title='bbox 305 5030 366 5083; x_wconf 75' lang='lat' dir='ltr'>durs</span> <span class='ocrx_word' id='word_1_607' title='bbox 384 5028 420 5080; x_wconf 81' lang='lat' dir='ltr'>Er</span> <span class='ocrx_word' id='word_1_608' title='bbox 446 5027 547 5080; x_wconf 80' lang='lat' dir='ltr'>reitlieb</span> <span class='ocrx_word' id='word_1_609' title='bbox 562 5027 615 5079; x_wconf 86' lang='lat' dir='ltr'>und</span> <span class='ocrx_word' id='word_1_610' title='bbox 640 5026 781 5093; x_wconf 72' lang='lat' dir='ltr'>eligemach</span> <span class='ocrx_word' id='word_1_611' title='bbox 797 5024 864 5077; x_wconf 81' lang='lat' dir='ltr'>nach</span> <span class='ocrx_word' id='word_1_612' title='bbox 881 5025 933 5076; x_wconf 89' lang='lat' dir='ltr'>und</span> <span class='ocrx_word' id='word_1_613' title='bbox 950 5024 1018 5078; x_wconf 82' lang='lat' dir='ltr'>ucclr</span> <span class='ocrx_word' id='word_1_614' title='bbox 1034 5038 1087 5075; x_wconf 82' lang='grc' dir='ltr'><strong>ιιιι</strong></span> <span class='ocrx_word' id='word_1_615' title='bbox 1114 5025 1241 5092; x_wconf 74' lang='lat' dir='ltr'>ausgebon</span> <span class='ocrx_word' id='word_1_616' title='bbox 1264 5025 1348 5077; x_wconf 74' lang='lat' dir='ltr'>lueet.</span> <span class='ocrx_word' id='word_1_617' title='bbox 1385 5025 1461 5080; x_wconf 76' lang='lat' dir='ltr'>Dono</span> <span class='ocrx_word' id='word_1_618' title='bbox 1480 5043 1507 5081; x_wconf 87' lang='lat' dir='ltr'>or</span> <span class='ocrx_word' id='word_1_619' title='bbox 1524 5028 1577 5079; x_wconf 82' lang='lat' dir='ltr'>siclr</span> 
     </span>
    </p>
   </div>
   <div class='ocr_carea' id='block_1_7' title="bbox 0 0 1850 5842">
    <p class='ocr_par' dir='ltr' id='par_1_9' title="bbox 0 0 1850 5842">
     <span class='ocr_line' id='line_1_57' title="bbox 0 0 1850 5842; baseline 0 4"><span class='ocrx_word' id='word_1_620' title='bbox 0 0 1850 5842; x_wconf 95' lang='lat' dir='ltr'> </span> 
     </span>
    </p>
   </div>
  </div>
 </body>
</html>
