3692 5842
736 494 817 559 capu
834 494 879 545 ιν.
900 494 924 544 c.
975 455 979 462 ’
1444 491 1507 560 rer
1610 546 1613 550 .

150 670 271 751 ipsius
295 670 407 734 etiam
429 671 548 733 medii.
593 670 668 734 Cum
692 672 770 734 eninr
794 671 937 734 retractio
961 671 1003 732 sit
1026 679 1124 732 motus
1149 671 1284 745 affectus,
1310 689 1378 733 cum
1402 672 1453 733 lux
1477 672 1506 734 in
1598 697 1603 703 ·

154 759 338 840 superficiem
362 759 509 823 densioris
533 761 623 823 medii
648 761 822 840 impingitur
845 768 877 820 et
900 759 1072 838 superficies
1097 759 1135 818 ob
1160 759 1276 821 infinita
1303 768 1416 839 puncta
1439 767 1504 821 ter·

154 848 243 911 minet
270 867 324 911 seu
353 849 450 930 magis
478 849 527 912 hic
559 849 674 912 afficiat
702 858 801 911 motus
833 848 965 910 infinitos
997 846 1177 910 inlicitorum
1212 848 1287 910 lucis
1319 857 1506 928 punctorum,

153 936 298 1022 suscipiat
325 957 396 1001 vero
423 939 480 1000 hoc
508 947 648 1019 respectu
680 938 952 1001 considerationem
985 935 1163 1010 densitatis,
1197 955 1254 997 non
1284 937 1381 999 minus
1417 957 1505 1018 quarn

153 1027 218 1108 ipsa
231 1027 430 1107 corpulentia,
454 1027 522 1107 plus
536 1027 629 1108 igitur
652 1026 774 1101 afficiet,
798 1026 823 1088 si
840 1027 969 1106 quodam
989 1033 1127 1104 respectu
1145 1024 1201 1086 luci
1222 1025 1341 1088 densior
1356 1034 1503 1090 occurrat.

153 1116 281 1178 Deusior
302 1133 375 1178 vero
398 1116 528 1179 occurrit
551 1116 609 1179 luci
633 1134 670 1178 ex
694 1116 823 1196 obliquo.
871 1112 919 1177 Sit
1158 1148 1211 1212 rig.
1233 1145 1273 1196 70.

153 1204 265 1274 Alux,
287 1203 341 1267 BC
366 1204 495 1267 medium
519 1205 657 1279 densius,
681 1206 748 1279 AB,
773 1205 837 1265 ΚΜ
860 1223 916 1283 pa·
999 1258 1005 1269 .

154 1293 246 1356 ralleli
269 1292 318 1354 vel
347 1293 433 1373 quasi
461 1313 500 1357 ex
523 1293 609 1362 Sole,
641 1293 789 1355 distantia
816 1311 917 1354 eorum
1288 1371 1294 1378 .

153 1382 181 1447 in
208 1380 449 1462 perpendiculari
477 1383 547 1445 ML.
602 1381 678 1445 Cum
710 1382 801 1461 igitur
829 1381 918 1443 BLM
1167 1429 1211 1464 a.
1260 1383 1277 1397 ‘
1469 1423 1472 1448 ,

153 1461 250 1534 rectus
273 1470 316 1532 sit
333 1477 365 1532 et
380 1471 468 1533 LBM
492 1481 620 1551 ponatur
639 1470 776 1550 obliquus
801 1478 916 1543 acutus,
1018 1465 1290 1592 ἦ(
1491 1525 1494 1531 .

153 1560 208 1622 erit
230 1557 321 1640 igitur
340 1560 429 1621 LBM
453 1559 548 1622 minor
572 1580 660 1641 quam
679 1555 778 1632 BLM,
802 1568 834 1620 et
857 1559 918 1619 LM
971 1541 1195 1680 (Vq

152 1649 230 1711 latus
269 1648 375 1709 minori
413 1650 523 1729 angulo
555 1651 581 1711 B
614 1649 782 1728 oppositum
821 1647 916 1709 minus
1045 1649 1062 1693 P
1096 1650 1134 1745 sos
1466 1647 1469 1658 '

151 1737 206 1799 erit
225 1735 287 1799 ΒΜ
301 1736 407 1812 latere,
428 1739 505 1818 quod
523 1738 629 1818 majori
650 1737 801 1817 anguloL
820 1755 915 1817 oppo-
1060 1725 1085 1762 s

151 1826 237 1888 uitur.
286 1822 348 1885 Sed
372 1825 587 1888 LM·metitur
617 1826 806 1888 latitudinem
835 1824 925 1887 medii
954 1828 1138 1890 occurrentis
1169 1828 1226 1890 luci
1251 1836 1333 1890 recte
1363 1828 1503 1908 illapsae,

149 1915 218 1995 quia
240 1914 331 1976 BLM
359 1922 411 1976 est·
439 1923 554 1988 rectus,
588 1916 650 1976 ΒΜ
679 1934 749 1976 vero
782 1913 971 1978 latitudinem
1003 1917 1188 1978 occurrentis
1218 1916 1276 1979 luci
1306 1936 1343 1978 err
1371 1916 1502 1996 obliquo.

149 2001 221 2065 Plus
251 2001 343 2083 igitur
372 2003 536 2065 densitatis
564 2014 612 2065 est
639 2004 668 2064 in
697 2004 758 2064 ΒΜ
787 2023 875 2084 quarn
904 2002 932 2063 in
963 2005 1033 2067 LM.
1081 2006 1181 2084 Major
1211 2005 1303 2084 igitur
1330 2004 1504 2066 resistentia

150 2092 204 2154 lroc
228 2097 379 2171 respectu.

235 2178 450 2259 Propositio
483 2181 540 2241 ΙΙΙ.
596 2181 880 2242 Retractionum
917 2182 1044 2259 anguli
1083 2188 1260 2245 crescunt
1298 2178 1503 2260 majoribus

147 2268 331 2331 rationum
364 2269 623 2345 incrementis,
658 2289 760 2349 quarn
792 2268 1003 2348 obliquitas
1038 2269 1281 2332 incidentiae.
1337 2270 1417 2331 Nam
1450 2287 1504 2349 per

146 2358 260 2440 primae
285 2357 484 2426 corollarium,
509 2358 534 2418 si
555 2358 646 2419 etiam
667 2358 733 2419 sola
756 2358 962 2420 consideretur
984 2358 1130 2435 densitas,
1155 2366 1242 2421 erunt
1261 2358 1364 2438 anguli
1388 2357 1504 2420 retrae-

145 2447 260 2509 tiouum
294 2446 537 2527 proportionales
568 2446 750 2508 incidentiis.
795 2446 866 2508 Janr
899 2465 970 2507 vero
1002 2466 1057 2525 per
1081 2447 1243 2511 secundam
1273 2445 1382 2507 miscet
1410 2465 1443 2508 se
1472 2453 1505 2508 et

144 2535 300 2615 proportio
331 2536 392 2597 LM
423 2534 461 2596 ad
485 2535 556 2596 Mrr.
605 2532 801 2613 componitur
834 2554 904 2613 ergo
939 2537 1066 2615 angulus
1099 2535 1288 2598 retractionis
1323 2555 1359 2596 ex
1391 2534 1502 2614 aliquo,

144 2624 222 2705 qued
247 2632 297 2686 est
319 2623 544 2703 proportionale
574 2623 758 2697 incidentiis,
783 2632 814 2685 et
838 2622 952 2704 aliquo,
984 2626 1063 2704 quod
1086 2632 1134 2686 est
1161 2624 1386 2703 proportionale
1416 2622 1503 2685 lineis

144 2713 214 2775 ΒΜ.
264 2713 310 2774 At
339 2711 436 2774 lineae
464 2712 526 2773 ΒΜ
554 2721 692 2774 crescunt
720 2712 806 2773 initio
834 2730 955 2791 parum,
985 2713 1014 2774 irr
1043 2713 1146 2776 lrumili
1174 2712 1337 2774 incidentia
1364 2718 1504 2774 crescunt

143 2801 291 2875 multum,
326 2808 360 2861 ut
390 2801 524 2862 osteudit
547 2801 651 2863 tabula
684 2801 868 2869 secantium,
906 2802 954 2863 ubi
988 2802 1164 2883 aequalibus
1201 2801 1346 2881 gradibus
1383 2819 1503 2882 semper
1554 2804 1559 2812 '

142 2890 275 2971 majores
299 2896 390 2970 atque
414 2889 544 2967 majores
569 2896 709 2951 secantes
732 2890 925 2968 respondent.
964 2890 1046 2971 Ergo
1068 2910 1140 2971 pars
1165 2891 1266 2969 anguli
1290 2889 1503 2952 retractiouum

141 2977 391 3058 proportionetur
410 2977 590 3052 incidentiis,
615 2997 686 3057 pars
706 2976 869 3058 majoribus
890 2978 1016 3041 rationis
1038 2979 1230 3042 incrementis
1251 2978 1370 3041 crescit.
1409 2978 1503 3039 Totus

142 3067 237 3146 igitur
262 3066 390 3146 angulus
416 3066 579 3146 majoribus
604 3066 794 3128 incrementis
818 3067 938 3129 crescit.

234 3154 455 3235 l’ropositio
487 3156 544 3216 IV.
593 3156 702 3218 Lucis
735 3156 864 3218 tennis
898 3165 936 3217 et
967 3156 1059 3218 lucis
1093 3154 1279 3217 densioris
1313 3155 1412 3217 nulla
1445 3162 1504 3215 est

142 3243 372 3306 differentia
394 3243 658 3318 retractionis,
685 3244 824 3307 ceteris
847 3245 1008 3324 paribus.
1045 3244 1124 3307 Nam
1148 3245 1173 3305 si
1198 3264 1273 3323 quae
1297 3244 1414 3305 tenuior
1436 3244 1504 3322 plus
1572 3319 1576 3326 ,

141 3333 318 3395 vinceretur
341 3352 360 3393 a
383 3332 479 3394 medio
504 3332 650 3406 densiori,
680 3333 822 3394 retractio
847 3341 931 3394 esset
959 3334 1085 3394 affectus
1110 3339 1306 3405 conmotus,
1332 3331 1385 3392 sed
1409 3331 1503 3413 ipsius

142 3422 220 3484 lucis
244 3440 339 3483 causa
358 3439 430 3483 suae
455 3421 617 3482 essentiae.
656 3422 700 3483 At
724 3422 866 3484 retractio
888 3431 936 3483 est
956 3422 1162 3483 tantummodo
1182 3429 1280 3482 motus
1305 3419 1503 3499 dispersionis

142 3509 302 3572 diminutio
326 3530 380 3572 seu
402 3509 556 3584 inhibitio,
583 3518 614 3572 et
641 3518 740 3572 motus
764 3510 811 3572 liic
840 3511 937 3572 nullos
966 3510 1077 3589 accipit
1104 3510 1210 3571 modos
1234 3530 1253 3569 a
1276 3508 1430 3569 densitate
1453 3508 1501 3568 vel

144 3598 297 3662 tenuitate
330 3598 414 3675 lusis,
440 3598 468 3659 b.
494 3619 520 3659 e.
554 3598 592 3659 ab
616 3600 681 3678 ejus
715 3599 888 3660 tortitudine
919 3600 967 3660 vel
991 3599 1164 3671 debilitate,
1198 3596 1421 3676 propinquitate
1454 3596 1503 3656 vel

143 3686 326 3761 remotione,
352 3706 417 3749 eum
441 3688 537 3749 omnis
562 3688 679 3749 omnine
708 3696 808 3749 motus
832 3688 905 3750 lucis
930 3688 971 3748 sit
999 3686 1172 3748 celerrimus
1197 3692 1229 3746 et
1251 3686 1339 3766 plane
1364 3702 1503 3746 momen-

143 3786 267 3839 taneus..
302 3775 385 3855 Ergo
409 3775 550 3838 retractio
575 3776 648 3837 nihil
668 3777 859 3839 adebilitate
883 3776 959 3838 lucis
982 3776 1127 3837 variatur.
1167 3774 1264 3853 liujus
1287 3772 1503 3852 propositionis

143 3866 190 3927 ris
214 3865 245 3927 in
276 3864 413 3945 exemplo
442 3865 540 3945 magis
570 3872 618 3926 est
647 3865 827 3944 conspicua;
856 3866 897 3926 sit
926 3873 1070 3945 punctum
1099 3864 1222 3926 radians
1251 3863 1279 3924 iu
1308 3861 1504 3941 praecedeuti

143 3954 301 4016 schemate
321 3953 351 4014 iu
368 3953 405 4029 A,
430 3954 604 4033 superficies
628 3954 719 4032 igitur
742 3953 831 4016 medii
855 3955 1027 4033 intercepta
1045 3954 1125 4015 iuter
1138 3951 1195 4015 Ac
1215 3951 1502 4032 perpendicularem,

143 4050 175 4104 et
204 4042 263 4104 ΔΒ
297 4041 450 4122 obliquam
483 4042 682 4104 radiationem
715 4050 962 4122 repraesentatur
990 4064 1009 4103 a
1031 4040 1096 4104 BC.
1143 4040 1214 4102 Jam
1247 4040 1276 4102 in
1307 4039 1413 4101 eadem
1445 4038 1502 4100 AB

142 4130 314 4194 radiatione
342 4131 373 4192 A
403 4131 569 4193 descendat
596 4131 626 4192 iu
656 4130 696 4206 S,
730 4142 761 4193 et
794 4131 927 4194 demissa
958 4129 1198 4211 perpendiculari
1231 4128 1327 4190 minor
1360 4127 1417 4189 erit
1445 4127 1503 4187 BN

143 4239 233 4300 quam
255 4217 333 4293 BG;
356 4220 410 4281 sed
434 4222 491 4283 BN
515 4228 727 4299 repraesentat
750 4220 936 4300 superficiem
965 4221 1163 4299 interceptam
1192 4219 1271 4279 iuter
1294 4216 1347 4279 SN
1370 4231 1502 4294 perpen-

142 4307 310 4371 dicularem
340 4315 373 4370 et
400 4307 450 4373 SB
484 4309 635 4390 obliquam
667 4309 890 4384 radiationem
924 4318 1031 4389 estque
1059 4309 1089 4370 iu
1119 4309 1174 4370 ΒΝ
1208 4304 1385 4367 tantundem
1415 4301 1501 4375 lucis,

143 4406 289 4478 quantum
318 4397 402 4478 prius
425 4397 455 4460 in
478 4395 532 4459 BC
560 4397 683 4476 majori,
716 4417 782 4460 curu
816 4407 959 4477 punctum
987 4397 1016 4459 Α
1046 4404 1128 4460 esset
1159 4395 1313 4457 remotius.
1361 4389 1395 4452 Si
1419 4407 1500 4468 crgo,

143 4485 214 4566 quia
237 4487 357 4549 munior
380 4493 428 4547 est
452 4487 502 4548 lux
533 4486 627 4567 ipsius
651 4487 680 4548 A
704 4486 733 4548 in
758 4485 827 4555 Bc,
853 4503 942 4568 quam
973 4486 1067 4565 ipsius
1092 4485 1115 4547 S
1139 4485 1168 4546 in
1192 4484 1264 4555 BN,
1295 4487 1381 4541 tanto
1405 4476 1502 4555 magis

143 4575 236 4637 etiam
270 4574 508 4655 refringeretur:
542 4594 613 4655 ergo
644 4575 673 4636 in
708 4576 815 4637 eadem
848 4576 1013 4638 incidentia
1036 4576 1092 4636 AB
1122 4574 1261 4635 diversae
1293 4566 1502 4645 contingerent

143 4664 345 4727 retractiones
361 4664 399 4725 ab
423 4665 528 4727 eodem
550 4663 657 4738 medio,
682 4683 736 4742 pre
760 4683 886 4726 accessu
904 4666 952 4727 uel
978 4683 1098 4726 recessu
1122 4662 1216 4740 ipsius
1231 4660 1261 4721 A
1285 4658 1313 4718 in
1338 4655 1419 4717 linea
1432 4653 1499 4753 ΑΒ.

145 4754 190 4815 ld·
209 4761 312 4815 autem
347 4754 550 4833 experientiae
583 4761 741 4832 repugnat.
790 4753 930 4815 Omnium
960 4753 1036 4815 enim
1070 4751 1213 4812 luminum
1241 4756 1303 4809 tam
1336 4758 1500 4823 appropin-

143 4842 301 4924 quantium
327 4861 415 4922 quam
444 4842 662 4904 discedentium
687 4842 763 4903 radii
793 4843 897 4905 eodem
922 4843 1033 4922 augule
1056 4840 1086 4900 iu
1115 4839 1249 4918 ejusdem
1279 4831 1369 4894 medii
1392 4847 1500 4908 super-

144 4931 241 4994 retem
271 4929 375 5012 illapsi
412 4931 519 4995 eodem
549 4930 658 5010 angulo
687 4930 896 5010 infringuntur.
946 4933 979 4993 ld
1004 4931 1032 4992 in
1061 4947 1155 5008 aqua,
1187 4925 1273 5004 enjus
1304 4917 1501 4982 retractiones
