3692 5842
255 467 319 536 662
736 469 777 522 os
795 469 875 522 sou·
891 470 965 522 sm
982 465 1134 536 &monuo

253 650 336 712 tione
368 648 534 710 vicinarum
557 645 733 722 stellarum
761 667 799 710 ex
828 647 997 711 nominibus
1018 666 1109 729 porro
1138 646 1203 709 illis
1237 647 1390 727 susceptis
1426 655 1515 709 ortas
1546 665 1610 707 esse

256 738 378 801 tabulas
407 756 504 800 novas
532 736 688 818 poeticas,
725 745 778 799 aut
811 746 931 800 veteres
965 736 996 799 ui
1027 736 1157 819 quadam
1186 743 1360 818 pertractas
1391 734 1611 798 accommodari

254 827 392 908 coepisse
416 825 456 888 ad
478 833 623 908 suscepta
646 825 776 887 nomina.
821 828 857 889 In
880 826 1087 906 Serpentario,
1111 825 1162 909 qui
1183 824 1350 909 hospitium
1370 824 1515 908 praebuit
1538 842 1611 885 noro

253 916 357 991 sideri,
380 914 510 978 maxime
534 934 601 977 cum
624 915 695 977 oriri
718 915 824 997 incipit
845 916 964 979 serenis
986 923 1018 978 et
1040 914 1184 978 illunibus
1206 914 1357 990 noctibus,
1383 912 1611 977 evidentissima

252 1014 381 1087 apparet
410 1006 491 1067 linea
521 1006 678 1067 stellarum
708 1004 869 1085 insignium
901 1002 956 1080 12,
986 1024 1063 1087 quae
1089 1005 1169 1067 flexu
1199 1004 1331 1087 quodam
1359 1003 1505 1066 circulari
1536 1003 1610 1064 circa

252 1113 394 1158 coronam
416 1092 570 1156 Ariadnes
593 1093 680 1175 quasi
703 1093 784 1156 circa
807 1103 942 1158 centrum
971 1094 1049 1158 inter
1076 1093 1153 1156 hanc
1176 1101 1208 1156 et
1230 1095 1333 1176 capita
1353 1092 1501 1155 Herculis
1525 1099 1610 1174 atque

253 1182 406 1264 Ophiuchi
429 1183 633 1245 circumducta
656 1183 755 1245 stellis
778 1183 915 1266 quinque,
939 1191 1048 1266 postea
1063 1183 1228 1246 reflectitur
1244 1184 1403 1260 deorsum;
1425 1180 1510 1245 binis
1525 1190 1609 1263 atque

250 1272 331 1335 binis
361 1272 462 1335 stellis
491 1273 522 1334 in
546 1272 651 1334 eadem
682 1271 768 1353 quasi
797 1273 877 1335 linea
905 1273 1064 1355 dispositis
1091 1273 1181 1334 valde
1219 1271 1375 1335 notabilis·
1420 1271 1551 1334 Illarum
1576 1267 1608 1332 12

250 1362 350 1443 prima
372 1362 403 1423 in
427 1361 532 1423 tabula
553 1381 622 1423 mea
645 1361 746 1437 deest,
773 1362 923 1424 brevitate
948 1363 1013 1443 ejus
1036 1362 1176 1438 exclusa3
1206 1381 1282 1444 quae
1305 1362 1438 1424 refertur
1460 1355 1483 1422 a
1505 1359 1608 1422 Ptole·

250 1470 336 1513 maeo
360 1451 391 1513 in
413 1450 578 1526 humemm,
602 1451 736 1513 secunda
758 1450 789 1511 in
811 1451 929 1527 ulnam,
957 1452 1049 1514 tertia
1071 1451 1102 1514 iu
1126 1450 1258 1515 cubitum
1284 1451 1428 1514 dextrum
1450 1449 1608 1520 Herculis3

251 1559 327 1621 quae
350 1540 448 1601 minor
472 1541 582 1602 ceteris
605 1540 673 1619 ipsa
695 1548 796 1601 tamen
819 1541 1029 1621 dispositionis
1052 1541 1192 1604 circulari
1221 1540 1298 1603 serie
1326 1559 1425 1622 aeque
1448 1538 1608 1602 manifesta

250 1630 299 1692 fit:
325 1637 433 1710 quarta
455 1629 574 1691 demum
598 1629 769 1692 vindicatm
795 1631 981 1711 temporibus
1003 1630 1177 1711 Serpentis;
1209 1629 1315 1713 quinta
1343 1627 1502 1691 eductioni
1525 1627 1605 1689 colli:

249 1725 339 1780 serta
361 1718 392 1780 in
414 1719 527 1781 reflexu
543 1718 702 1799 Serpentis
725 1726 787 1781 est:
813 1720 943 1801 septima
958 1728 990 1781 et
1005 1729 1114 1782 octava
1128 1720 1313 1802 propinquae
1330 1718 1399 1780 loco
1415 1716 1605 1793 (Ptolemaeo

249 1826 329 1870 nona
353 1815 385 1869 ct
398 1807 516 1870 decima
531 1807 704 1889 Serpentis)
728 1815 800 1870 sunt
821 1809 850 1870 in
867 1808 1031 1890 Serpente:
1057 1828 1135 1871 nona
1150 1816 1181 1871 et
1196 1808 1314 1870 decima
1327 1807 1457 1889 propius
1477 1805 1607 1869 coierunt

250 1904 281 1958 et
304 1905 501 1960 accensentur
523 1898 625 1959 manui
648 1897 790 1960 sinistrae
814 1898 1018 1979 Serpentarii:
1048 1898 1204 1961 undecima
1228 1906 1259 1959 et
1281 1896 1464 1960 duodecima
1489 1905 1559 1958 suut
1579 1894 1605 1955 in

248 1985 383 2067 genubus
416 1985 541 2049 sinistro
574 1993 606 2048 et
637 1986 743 2050 dextro
776 1986 983 2067 Serpeotarii:
1022 1996 1093 2069 post
1123 1988 1330 2051 dinumeratas
1358 1986 1418 2048 has
1451 1983 1606 2048 duodecim

247 2074 357 2138 solitus
379 2093 446 2137 sum
469 2094 525 2156 ego
549 2075 664 2137 decimo
684 2076 775 2138 tertio
799 2076 866 2139 loco
891 2096 1048 2140 numerare
1070 2079 1204 2152 h'oram;
1230 2085 1263 2140 et
1284 2074 1340 2151 sic,
1362 2084 1531 2158 postquam
1553 2074 1604 2135 de·

249 2182 386 2227 crescere
409 2164 518 2246 coepit,
543 2166 574 2226 in
598 2165 664 2245 ejus
694 2175 850 2247 aspectum
877 2167 1024 2230 incidere:
1058 2177 1125 2229 erat
1153 2168 1233 2230 enim
1262 2167 1343 2229 linea
1372 2165 1458 2227 dicta
1488 2164 1604 2247 paulum

245 2253 419 2317 australior.

334 2344 401 2406 Hac
424 2343 560 2404 flexuosa
584 2350 615 2404 et
636 2362 692 2424 per
713 2362 747 2405 se
772 2343 904 2406 evidenti
928 2345 1022 2420 linea,
1045 2344 1225 2426 praesertim
1248 2362 1316 2406 cnm
1338 2342 1435 2405 ardua
1459 2361 1500 2404 ex
1522 2341 1602 2403 hori-

244 2440 333 2496 zonte
364 2432 444 2507 exit,
474 2431 615 2494 existimo
646 2432 816 2495 admonitos
846 2443 967 2496 ueteres
996 2434 1032 2495 de
1061 2434 1223 2498 simulacro
1246 2431 1399 2513 serpentis
1422 2431 1602 2494 surrectiin

243 2522 353 2585 altum:
386 2520 444 2586 Cui
472 2522 696 2584 succedentium
724 2541 797 2584 cura
819 2524 1006 2585 commodum
1029 2523 1147 2585 addidit
1169 2532 1201 2584 et
1223 2522 1338 2585 invenit
1360 2521 1528 2602 imaginem
1548 2519 1602 2582 ho-

243 2611 343 2674 minis.
390 2612 425 2673 ln
449 2631 564 2674 summo
597 2613 677 2674 enim
710 2612 801 2673 stella
832 2631 944 2692 magna
973 2620 1037 2688 est,
1069 2612 1161 2695 paulo
1193 2611 1317 2674 inferior
1347 2610 1450 2672 stellis
1484 2608 1602 2672 secundi

242 2700 385 2777 honoris;
405 2701 461 2763 sub
485 2721 544 2783 qua
567 2722 586 2761 a
608 2700 724 2763 dextris
747 2710 779 2762 et
802 2701 936 2763 sinistris
951 2701 1039 2764 binae
1055 2711 1087 2763 et
1101 2701 1190 2764 binae
1206 2700 1359 2781 subjectae
1377 2698 1481 2762 clarae
1498 2699 1602 2762 stellae

243 2791 374 2871 speciem
396 2790 596 2866 humerorum,
620 2801 652 2853 et
666 2810 784 2854 rursum
800 2791 878 2852 aliae
895 2792 972 2853 duae
987 2790 1158 2871 hujusmodi
1174 2790 1299 2872 copulae
1316 2789 1452 2870 speciem
1466 2805 1603 2852 manuum

244 2880 457 2943 conciliarunt:
482 2879 563 2961 quod
586 2879 706 2961 quidem
729 2881 883 2960 expressis
906 2881 1007 2943 verbis
1029 2882 1146 2943 Aratus
1168 2879 1279 2942 innuit:

566 3011 649 3060 Toeor
669 3008 698 3059 ol
715 3010 823 3082 aepulp
842 3005 1026 3080 ὑποκειμενοι
1045 3002 1148 3079 ἆγλαοι
1166 3003 1241 3079 ἅμοι

561 3080 704 3132 Eldorrur.
742 3085 839 3134 Kerror
862 3100 893 3149 γε
914 3100 959 3132 και
978 3076 1014 3134 riv
1032 3080 1164 3150 διχομηνι
1184 3084 1282 3153 oelprp

560 3146 694 3204 Εὐωπτοι
712 3156 852 3206 τελεθοιεν
866 3176 871 3204 :
885 3148 955 3220 circo
970 3170 1052 3224 χερες
1069 3148 1087 3208 ai
1104 3155 1180 3223 μαλα
1198 3153 1256 3203 loos

561 3225 659 3288 Aemo
678 3243 732 3293 γαρ
751 3242 782 3295 τῃ
803 3243 847 3275 και
868 3242 899 3296 tp
918 3222 1138 3294 ἔξεπιδεδρομεν
1156 3225 1253 3292 clytos,-

559 3288 624 3346 ml·
644 3293 733 3364 ἔμπης
752 3292 876 3364 edacem
895 3293 1023 3363 ἔποψιαι,
1042 3292 1060 3354 u’
1078 3314 1133 3365 γαρ
1152 3292 1280 3364 llompeu.
1295 3292 1330 3356 ²⁸)

330 3413 474 3476 Accessit
496 3414 584 3475 valde
609 3425 777 3496 opportuna
800 3417 898 3477 dextri
922 3415 1008 3497 pedis
1032 3416 1185 3495 effigiatio,
1209 3413 1335 3475 nitentis
1360 3411 1485 3492 digitis:
1518 3430 1601 3496 quam

244 3501 372 3582 effigiem
395 3503 583 3566 constituunt
605 3505 713 3566 stellae
738 3526 806 3581 sex,
835 3527 911 3589 quas
934 3516 1072 3568 numerat
1094 3505 1290 3567 Ptolemaeus
1317 3498 1367 3565 13.
1397 3498 1447 3564 14.
1479 3501 1529 3566 15.
1557 3495 1600 3562 18.

245 3591 296 3656 ll.
325 3589 375 3668 18,
399 3591 506 3674 quibus
530 3593 660 3655 accessit
683 3594 781 3657 h'ora

331 3684 391 3745 Tot
413 3682 554 3745 membris
584 3683 727 3745 inchoata
753 3685 871 3766 pictura
899 3684 958 3747 riri
988 3690 1159 3764 serpentem
1188 3680 1326 3745 manibus
1360 3678 1515 3754 tenentis,
1547 3696 1602 3739 non

241 3771 358 3847 mirum,
383 3772 409 3834 si
432 3781 540 3852 postea
562 3773 730 3835 absolutior
754 3783 802 3836 est
823 3774 944 3835 reddita
966 3772 1091 3836 arbitrio
1115 3782 1370 3845 astronomorum
1396 3768 1529 3830 adscitis
1551 3785 1602 3847 pro

241 3862 326 3941 spira
349 3869 381 3923 et
403 3862 500 3922 cauda
522 3861 681 3942 Serpentis
705 3863 804 3925 stellis
819 3864 966 3943 pluribus,
990 3883 1049 3925 non
1073 3863 1116 3925 ita
1136 3861 1289 3924 manifesti
1312 3878 1366 3941 per
1390 3878 1424 3920 se
1447 3857 1527 3939 typi,
1551 3855 1601 3918 sed

242 3969 317 4032 quas
349 3951 442 4011 semel
473 3962 615 4031 suscepta
645 3971 683 4013 ex
712 3952 863 4033 prioribus
894 3953 994 4015 stellis
1025 3952 1200 4033 imaginatio
1228 3947 1442 4012 consecutione
1473 3946 1601 4028 quadam

240 4039 416 4102 necessaria
438 4040 608 4103 adsciscere
633 4041 800 4105 ridebatur.
846 4045 930 4105 Tunc
953 4061 991 4102 ex
1018 4040 1246 4117 renumeratis
1274 4034 1294 4100 3
1317 4037 1433 4120 primae
1462 4037 1601 4097 ademtae

242 4138 311 4191 sunt
330 4129 470 4209 Serpenti
495 4138 526 4192 et
548 4130 678 4192 traditae
696 4131 820 4194 Herculi
843 4131 1027 4212 ingeniculo;
1051 4141 1146 4193 utne
1169 4149 1229 4212 qua
1246 4127 1285 4189 lis
1299 4126 1359 4209 ipsi
1383 4126 1517 4188 oriretur
1540 4143 1601 4186 cum

241 4218 388 4299 Serpente
413 4219 450 4279 de
472 4220 580 4281 finibus
603 4239 677 4281 neve
701 4220 731 4281 in
747 4231 905 4301 angustum
930 4221 956 4282 is
979 4220 1175 4301 redigeretur.
1215 4219 1322 4297 Aequo
1343 4215 1445 4277 animo
1471 4215 1602 4295 Serpens

239 4306 297 4369 hoc
327 4308 467 4369 damnum
501 4309 578 4371 serre
601 4309 709 4389 potuit,
741 4320 773 4372 ut
802 4313 848 4373 cui
872 4311 902 4371 in
925 4310 1199 4389 compensationem
1229 4306 1323 4367 cessit
1349 4306 1480 4385 pulchra
1512 4306 1600 4365 metus

240 4398 406 4477 serpentini
429 4399 551 4478 effigies,
577 4417 653 4478 quae
678 4401 818 4462 consistit
840 4403 870 4461 in
894 4399 993 4461 stellis
1018 4400 1115 4460 tribus
1132 4417 1222 4476 snpra
1241 4406 1411 4475 temporum
1430 4405 1461 4455 et
1479 4393 1599 4473 originis

241 4487 311 4548 colli
341 4487 463 4560 stellas,
496 4488 671 4568 quibuscum
702 4489 778 4550 duae
810 4500 961 4550 extremae
992 4493 1132 4569 (quarum
1160 4507 1237 4568 quae
1265 4486 1357 4546 altior
1380 4484 1495 4545 cecidit
1519 4497 1600 4543 extra

240 4574 353 4636 limites
368 4595 452 4636 meae
467 4577 604 4644 tabulae)
629 4580 794 4657 trapezium
810 4579 1004 4650 constituunt,
1030 4579 1121 4638 tertia
1136 4578 1165 4636 in
1182 4576 1311 4636 medium
1328 4585 1463 4653 recepta.
1502 4577 1599 4652 Atque

239 4658 317 4724 han'c
332 4666 487 4726 stellarum
512 4666 541 4726 in
559 4666 658 4745 capite
676 4667 834 4748 Serpentis
857 4667 1087 4747 dispositionem
1110 4668 1278 4745 Bayerus
1302 4664 1447 4742 exprimit
1463 4664 1597 4742 egregie:

240 4753 337 4832 pictor
370 4772 440 4816 vero
464 4768 498 4815 ut
520 4756 693 4836 plerumque
726 4769 820 4819 artem
853 4758 1018 4818 ostentarit
1045 4758 1143 4817 alieno
1175 4755 1258 4828 loco,
1292 4753 1412 4814 oculum
1446 4752 1475 4813 in
1506 4753 1599 4812 locum

240 4843 399 4918 maxillae,
430 4843 558 4905 frontem
590 4845 620 4907 in
651 4846 748 4908 locum
778 4847 892 4908 narium
921 4848 1118 4908 transferens.
1166 4841 1287 4904 Similia
1309 4851 1340 4903 et
1364 4842 1550 4902 hiercatoris
1572 4853 1598 4895 ει

241 4929 393 5010 Tychonis
415 4933 514 5012 globis
538 4935 738 5013 contigerunt
785 4938 929 4999 Accessit
951 4937 980 4997 in
1005 4932 1157 5019 Tychonis
1179 4930 1294 4994 Brahei
1315 4929 1597 5011 progymnasmata

241 5025 273 5078 tt
293 5018 361 5093 boc,
385 5020 465 5103 qnod
486 5022 514 5083 is
537 5023 645 5085 stellas
668 5044 728 5089 non
749 5026 839 5107 plane
855 5046 922 5090 cum
937 5027 1124 5102 Ptolemaeo,
1148 5021 1204 5084 sed
1226 5039 1265 5082 ex
1283 5020 1406 5102 pictura
1420 5016 1596 5082 Mercatoris
