<?xml version="1.0" encoding="UTF-8"?>
<!DOCTYPE html PUBLIC "-//W3C//DTD XHTML 1.0 Transitional//EN"
    "http://www.w3.org/TR/xhtml1/DTD/xhtml1-transitional.dtd">
<html xmlns="http://www.w3.org/1999/xhtml" xml:lang="en" lang="en">
 <head>
  <title>
</title>
<meta http-equiv="Content-Type" content="text/html;charset=utf-8" />
  <meta name='ocr-system' content='tesseract 3.04.00' />
  <meta name='ocr-capabilities' content='ocr_page ocr_carea ocr_par ocr_line ocrx_word'/>
</head>
<body>
  <div class='ocr_page' id='page_1' title='image "./joanniskepleria01frisgoog_0022.png"; bbox 0 0 3692 5842; ppageno 0'>
   <div class='ocr_carea' id='block_1_1' title="bbox 242 435 1175 531">
    <p class='ocr_par' dir='ltr' id='par_1_1' title="bbox 242 435 1175 531">
     <span class='ocr_line' id='line_1_1' title="bbox 242 435 1175 531; baseline -0.003 -13"><span class='ocrx_word' id='word_1_1' title='bbox 242 450 281 520; x_wconf 77' lang='lat' dir='ltr'>l2</span> <span class='ocrx_word' id='word_1_2' title='bbox 441 435 445 440; x_wconf 30' lang='grc' dir='ltr'>Ι</span> <span class='ocrx_word' id='word_1_3' title='bbox 660 462 763 514; x_wconf 80' lang='lat' dir='ltr'>Literae</span> <span class='ocrx_word' id='word_1_4' title='bbox 781 464 883 530; x_wconf 76' lang='lat' dir='ltr'>Keplesi</span> <span class='ocrx_word' id='word_1_5' title='bbox 902 465 1054 531; x_wconf 79' lang='lat' dir='ltr'>aliorumque</span> <span class='ocrx_word' id='word_1_6' title='bbox 1072 473 1175 515; x_wconf 84' lang='lat' dir='ltr'>mutuae</span> 
     </span>
    </p>
   </div>
   <div class='ocr_carea' id='block_1_2' title="bbox 238 633 1616 3279">
    <p class='ocr_par' dir='ltr' id='par_1_2' title="bbox 238 633 1616 789">
     <span class='ocr_line' id='line_1_2' title="bbox 238 633 1616 721; baseline 0.002 -27"><span class='ocrx_word' id='word_1_7' title='bbox 238 633 354 696; x_wconf 87' lang='lat' dir='ltr'>directe</span> <span class='ocrx_word' id='word_1_8' title='bbox 378 636 534 717; x_wconf 83' lang='lat' dir='ltr'>opposita.</span> <span class='ocrx_word' id='word_1_9' title='bbox 567 658 626 701; x_wconf 91' lang='lat' dir='ltr'>non</span> <span class='ocrx_word' id='word_1_10' title='bbox 658 642 797 721; x_wconf 87' lang='lat' dir='ltr'>praecise</span> <span class='ocrx_word' id='word_1_11' title='bbox 825 642 986 704; x_wconf 90' lang='lat' dir='ltr'>rotundum</span> <span class='ocrx_word' id='word_1_12' title='bbox 1018 643 1095 705; x_wconf 86' lang='lat' dir='ltr'>effici</span> <span class='ocrx_word' id='word_1_13' title='bbox 1126 642 1266 716; x_wconf 87' lang='lat' dir='ltr'>schema,</span> <span class='ocrx_word' id='word_1_14' title='bbox 1304 640 1444 703; x_wconf 87' lang='lat' dir='ltr'>confusis</span> <span class='ocrx_word' id='word_1_15' title='bbox 1470 636 1616 701; x_wconf 87' lang='lat' dir='ltr'>terminis</span> 
     </span>
     <span class='ocr_line' id='line_1_3' title="bbox 238 724 531 789; baseline 0.01 -4"><span class='ocrx_word' id='word_1_16' title='bbox 238 724 315 786; x_wconf 88' lang='lat' dir='ltr'>lucis</span> <span class='ocrx_word' id='word_1_17' title='bbox 339 734 370 786; x_wconf 91' lang='lat' dir='ltr'>et</span> <span class='ocrx_word' id='word_1_18' title='bbox 396 726 531 789; x_wconf 78' lang='lat' dir='ltr'><strong>umbrae.</strong></span> 
     </span>
    </p>

    <p class='ocr_par' dir='ltr' id='par_1_3' title="bbox 329 810 1442 899">
     <span class='ocr_line' id='line_1_4' title="bbox 329 810 1442 899; baseline 0 -22"><span class='ocrx_word' id='word_1_19' title='bbox 329 810 365 888; x_wconf 85' lang='grc'>3)</span> <span class='ocrx_word' id='word_1_20' title='bbox 389 814 437 876; x_wconf 82' lang='lat' dir='ltr'>Ex</span> <span class='ocrx_word' id='word_1_21' title='bbox 460 816 546 878; x_wconf 90' lang='lat' dir='ltr'>radio</span> <span class='ocrx_word' id='word_1_22' title='bbox 571 816 721 899; x_wconf 83' lang='lat' dir='ltr'>inquirere</span> <span class='ocrx_word' id='word_1_23' title='bbox 746 819 902 898; x_wconf 83' lang='lat' dir='ltr'><strong>angulum,</strong></span> <span class='ocrx_word' id='word_1_24' title='bbox 928 839 985 899; x_wconf 90' lang='lat' dir='ltr'>quo</span> <span class='ocrx_word' id='word_1_25' title='bbox 1010 818 1117 881; x_wconf 88' lang='lat' dir='ltr'>Solare</span> <span class='ocrx_word' id='word_1_26' title='bbox 1141 837 1247 897; x_wconf 91' lang='lat' dir='ltr'>corpus</span> <span class='ocrx_word' id='word_1_27' title='bbox 1271 827 1442 898; x_wconf 86' lang='lat' dir='ltr'>spectetur.</span> 
     </span>
    </p>

    <p class='ocr_par' dir='ltr' id='par_1_4' title="bbox 238 899 1614 1068">
     <span class='ocr_line' id='line_1_5' title="bbox 327 899 1614 980; baseline 0 -15"><span class='ocrx_word' id='word_1_28' title='bbox 327 899 365 975; x_wconf 80' lang='grc'>4)</span> <span class='ocrx_word' id='word_1_29' title='bbox 390 904 526 966; x_wconf 84' lang='lat' dir='ltr'>Indidem</span> <span class='ocrx_word' id='word_1_30' title='bbox 551 906 682 968; x_wconf 83' lang='lat' dir='ltr'>dimetiri</span> <span class='ocrx_word' id='word_1_31' title='bbox 697 907 780 971; x_wconf 91' lang='lat' dir='ltr'>Solis</span> <span class='ocrx_word' id='word_1_32' title='bbox 795 909 962 970; x_wconf 90' lang='lat' dir='ltr'>discessum</span> <span class='ocrx_word' id='word_1_33' title='bbox 976 930 995 970; x_wconf 92' lang='lat' dir='ltr'>a</span> <span class='ocrx_word' id='word_1_34' title='bbox 1018 909 1113 980; x_wconf 90' lang='lat' dir='ltr'>nobis,</span> <span class='ocrx_word' id='word_1_35' title='bbox 1137 907 1313 968; x_wconf 86' lang='lat' dir='ltr'>dimetieute</span> <span class='ocrx_word' id='word_1_36' title='bbox 1327 906 1413 968; x_wconf 87' lang='lat' dir='ltr'>Sulis</span> <span class='ocrx_word' id='word_1_37' title='bbox 1429 906 1480 968; x_wconf 86' lang='lat' dir='ltr'>vel</span> <span class='ocrx_word' id='word_1_38' title='bbox 1497 906 1614 967; x_wconf 88' lang='lat' dir='ltr'>Terrae</span> 
     </span>
     <span class='ocr_line' id='line_1_6' title="bbox 238 996 661 1068; baseline 0.019 -19"><span class='ocrx_word' id='word_1_39' title='bbox 238 1007 294 1068; x_wconf 89' lang='lat' dir='ltr'>pro</span> <span class='ocrx_word' id='word_1_40' title='bbox 317 1011 459 1055; x_wconf 87' lang='lat' dir='ltr'>rueusura</span> <span class='ocrx_word' id='word_1_41' title='bbox 482 996 661 1058; x_wconf 85' lang='lat' dir='ltr'>constituta.</span> 
     </span>
    </p>

    <p class='ocr_par' dir='ltr' id='par_1_5' title="bbox 238 1079 1610 1342">
     <span class='ocr_line' id='line_1_7' title="bbox 328 1079 1610 1165; baseline 0.002 -25"><span class='ocrx_word' id='word_1_42' title='bbox 328 1079 364 1151; x_wconf 83' lang='lat'>5)</span> <span class='ocrx_word' id='word_1_43' title='bbox 389 1079 520 1143; x_wconf 86' lang='lat' dir='ltr'>Radium</span> <span class='ocrx_word' id='word_1_44' title='bbox 536 1081 619 1144; x_wconf 86' lang='lat' dir='ltr'>Solis</span> <span class='ocrx_word' id='word_1_45' title='bbox 643 1085 811 1146; x_wconf 85' lang='lat' dir='ltr'>deficientis</span> <span class='ocrx_word' id='word_1_46' title='bbox 834 1106 887 1165; x_wconf 91' lang='lat' dir='ltr'>per</span> <span class='ocrx_word' id='word_1_47' title='bbox 912 1088 1076 1147; x_wconf 79' lang='lat' dir='ltr'><strong>fenestram</strong></span> <span class='ocrx_word' id='word_1_48' title='bbox 1098 1086 1298 1165; x_wconf 88' lang='lat' dir='ltr'>cujuscunque</span> <span class='ocrx_word' id='word_1_49' title='bbox 1323 1086 1439 1164; x_wconf 82' lang='lat' dir='ltr'>figurae</span> <span class='ocrx_word' id='word_1_50' title='bbox 1465 1083 1610 1161; x_wconf 86' lang='lat' dir='ltr'>illapsum</span> 
     </span>
     <span class='ocr_line' id='line_1_8' title="bbox 238 1166 1609 1254; baseline 0.003 -28"><span class='ocrx_word' id='word_1_51' title='bbox 238 1166 268 1226; x_wconf 92' lang='lat' dir='ltr'>in</span> <span class='ocrx_word' id='word_1_52' title='bbox 293 1167 465 1247; x_wconf 86' lang='lat' dir='ltr'>oppositum</span> <span class='ocrx_word' id='word_1_53' title='bbox 489 1172 650 1250; x_wconf 88' lang='lat' dir='ltr'>parietem,</span> <span class='ocrx_word' id='word_1_54' title='bbox 676 1174 726 1252; x_wconf 90' lang='lat' dir='ltr'>qui</span> <span class='ocrx_word' id='word_1_55' title='bbox 750 1175 869 1254; x_wconf 85' lang='lat' dir='ltr'>quidem</span> <span class='ocrx_word' id='word_1_56' title='bbox 885 1177 1053 1236; x_wconf 80' lang='lat' dir='ltr'>afeuestra</span> <span class='ocrx_word' id='word_1_57' title='bbox 1075 1173 1208 1252; x_wconf 83' lang='lat' dir='ltr'>pluribus</span> <span class='ocrx_word' id='word_1_58' title='bbox 1233 1175 1331 1235; x_wconf 88' lang='lat' dir='ltr'>distet</span> <span class='ocrx_word' id='word_1_59' title='bbox 1355 1177 1516 1236; x_wconf 79' lang='lat' dir='ltr'><strong>fenestrae</strong></span> <span class='ocrx_word' id='word_1_60' title='bbox 1543 1171 1609 1232; x_wconf 83' lang='lat' dir='ltr'>dia·</span> 
     </span>
     <span class='ocr_line' id='line_1_9' title="bbox 238 1258 1608 1342; baseline 0.002 -26"><span class='ocrx_word' id='word_1_61' title='bbox 238 1258 359 1328; x_wconf 83' lang='lat' dir='ltr'>metris,</span> <span class='ocrx_word' id='word_1_62' title='bbox 385 1278 473 1335; x_wconf 83' lang='lat' dir='ltr'>quarn</span> <span class='ocrx_word' id='word_1_63' title='bbox 490 1279 509 1318; x_wconf 90' lang='lat' dir='ltr'>a</span> <span class='ocrx_word' id='word_1_64' title='bbox 524 1258 597 1320; x_wconf 87' lang='lat' dir='ltr'>Sole</span> <span class='ocrx_word' id='word_1_65' title='bbox 612 1260 784 1334; x_wconf 77' lang='lat' dir='ltr'>Solaribm,</span> <span class='ocrx_word' id='word_1_66' title='bbox 810 1263 937 1324; x_wconf 90' lang='lat' dir='ltr'>delicere</span> <span class='ocrx_word' id='word_1_67' title='bbox 952 1272 984 1326; x_wconf 87' lang='lat' dir='ltr'>et</span> <span class='ocrx_word' id='word_1_68' title='bbox 1007 1264 1112 1341; x_wconf 91' lang='lat' dir='ltr'>ipsum,</span> <span class='ocrx_word' id='word_1_69' title='bbox 1137 1282 1175 1323; x_wconf 78' lang='lat' dir='ltr'>en</span> <span class='ocrx_word' id='word_1_70' title='bbox 1198 1272 1285 1342; x_wconf 87' lang='lat' dir='ltr'>parte</span> <span class='ocrx_word' id='word_1_71' title='bbox 1310 1273 1414 1324; x_wconf 90' lang='lat' dir='ltr'>tamen</span> <span class='ocrx_word' id='word_1_72' title='bbox 1441 1261 1608 1321; x_wconf 81' lang='lat' dir='ltr'>contraria</span> 
     </span>
    </p>

    <p class='ocr_par' dir='ltr' id='par_1_6' title="bbox 239 1344 1607 1607">
     <span class='ocr_line' id='line_1_10' title="bbox 327 1344 1607 1430; baseline 0.001 -24"><span class='ocrx_word' id='word_1_73' title='bbox 327 1344 364 1416; x_wconf 85' lang='lat' dir='ltr'>ii)</span> <span class='ocrx_word' id='word_1_74' title='bbox 390 1344 466 1407; x_wconf 90' lang='lat' dir='ltr'>Cum</span> <span class='ocrx_word' id='word_1_75' title='bbox 500 1349 635 1410; x_wconf 79' lang='lat' dir='ltr'>fenestra</span> <span class='ocrx_word' id='word_1_76' title='bbox 668 1359 723 1410; x_wconf 90' lang='lat' dir='ltr'>aut</span> <span class='ocrx_word' id='word_1_77' title='bbox 745 1362 886 1428; x_wconf 89' lang='lat' dir='ltr'>punctum</span> <span class='ocrx_word' id='word_1_78' title='bbox 920 1352 1038 1414; x_wconf 91' lang='lat' dir='ltr'>unicum</span> <span class='ocrx_word' id='word_1_79' title='bbox 1061 1360 1111 1412; x_wconf 89' lang='lat' dir='ltr'>est</span> <span class='ocrx_word' id='word_1_80' title='bbox 1142 1360 1195 1412; x_wconf 88' lang='lat' dir='ltr'>aut</span> <span class='ocrx_word' id='word_1_81' title='bbox 1217 1360 1251 1413; x_wconf 84' lang='lat' dir='ltr'>et</span> <span class='ocrx_word' id='word_1_82' title='bbox 1274 1351 1341 1430; x_wconf 90' lang='lat' dir='ltr'>ipsa</span> <span class='ocrx_word' id='word_1_83' title='bbox 1363 1370 1402 1412; x_wconf 80' lang='lat' dir='ltr'>ex</span> <span class='ocrx_word' id='word_1_84' title='bbox 1428 1360 1520 1430; x_wconf 88' lang='lat' dir='ltr'>parte</span> <span class='ocrx_word' id='word_1_85' title='bbox 1546 1348 1607 1408; x_wconf 90' lang='lat' dir='ltr'>Soli</span> 
     </span>
     <span class='ocr_line' id='line_1_11' title="bbox 239 1434 1606 1519; baseline 0.001 -25"><span class='ocrx_word' id='word_1_86' title='bbox 239 1434 395 1495; x_wconf 89' lang='lat' dir='ltr'>contraria</span> <span class='ocrx_word' id='word_1_87' title='bbox 418 1444 538 1497; x_wconf 89' lang='lat' dir='ltr'>tautum</span> <span class='ocrx_word' id='word_1_88' title='bbox 562 1437 668 1516; x_wconf 87' lang='lat' dir='ltr'>quovis</span> <span class='ocrx_word' id='word_1_89' title='bbox 692 1449 843 1500; x_wconf 87' lang='lat' dir='ltr'>momento</span> <span class='ocrx_word' id='word_1_90' title='bbox 866 1441 982 1506; x_wconf 83' lang='lat' dir='ltr'>deficit,</span> <span class='ocrx_word' id='word_1_91' title='bbox 1007 1448 1149 1519; x_wconf 87' lang='lat' dir='ltr'>quantum</span> <span class='ocrx_word' id='word_1_92' title='bbox 1164 1439 1217 1502; x_wconf 91' lang='lat' dir='ltr'>Sol</span> <span class='ocrx_word' id='word_1_93' title='bbox 1238 1440 1303 1519; x_wconf 84' lang='lat' dir='ltr'>ipse</span> <span class='ocrx_word' id='word_1_94' title='bbox 1319 1439 1348 1501; x_wconf 91' lang='lat' dir='ltr'>in</span> <span class='ocrx_word' id='word_1_95' title='bbox 1363 1439 1453 1500; x_wconf 90' lang='lat' dir='ltr'>coelo</span> <span class='ocrx_word' id='word_1_96' title='bbox 1478 1439 1606 1517; x_wconf 77' lang='lat' dir='ltr'>tegitur:</span> 
     </span>
     <span class='ocr_line' id='line_1_12' title="bbox 240 1522 1163 1607; baseline 0.009 -26"><span class='ocrx_word' id='word_1_97' title='bbox 240 1522 394 1583; x_wconf 87' lang='lat' dir='ltr'>defectum</span> <span class='ocrx_word' id='word_1_98' title='bbox 419 1522 501 1585; x_wconf 86' lang='lat' dir='ltr'>Solis</span> <span class='ocrx_word' id='word_1_99' title='bbox 525 1525 555 1585; x_wconf 92' lang='lat' dir='ltr'>in</span> <span class='ocrx_word' id='word_1_100' title='bbox 580 1527 664 1586; x_wconf 88' lang='lat' dir='ltr'>radio</span> <span class='ocrx_word' id='word_1_101' title='bbox 689 1527 936 1589; x_wconf 87' lang='lat' dir='ltr'>articulatissime</span> <span class='ocrx_word' id='word_1_102' title='bbox 960 1529 1040 1589; x_wconf 90' lang='lat' dir='ltr'>cerni</span> <span class='ocrx_word' id='word_1_103' title='bbox 1063 1548 1163 1607; x_wconf 86' lang='lat' dir='ltr'>posse.</span> 
     </span>
    </p>

    <p class='ocr_par' dir='ltr' id='par_1_7' title="bbox 240 1610 1604 1960">
     <span class='ocr_line' id='line_1_13' title="bbox 333 1610 1604 1695; baseline 0.002 -23"><span class='ocrx_word' id='word_1_104' title='bbox 333 1610 369 1680; x_wconf 83' lang='grc'>7)</span> <span class='ocrx_word' id='word_1_105' title='bbox 395 1610 471 1673; x_wconf 88' lang='lat' dir='ltr'>Cum</span> <span class='ocrx_word' id='word_1_106' title='bbox 496 1614 632 1674; x_wconf 80' lang='lat' dir='ltr'>fenestra</span> <span class='ocrx_word' id='word_1_107' title='bbox 656 1616 785 1675; x_wconf 91' lang='lat' dir='ltr'>rotunda</span> <span class='ocrx_word' id='word_1_108' title='bbox 818 1625 879 1689; x_wconf 88' lang='lat' dir='ltr'>est,</span> <span class='ocrx_word' id='word_1_109' title='bbox 913 1625 1009 1677; x_wconf 91' lang='lat' dir='ltr'>totam</span> <span class='ocrx_word' id='word_1_110' title='bbox 1033 1617 1163 1694; x_wconf 89' lang='lat' dir='ltr'>speciem</span> <span class='ocrx_word' id='word_1_111' title='bbox 1187 1615 1284 1695; x_wconf 88' lang='lat' dir='ltr'>partis</span> <span class='ocrx_word' id='word_1_112' title='bbox 1308 1614 1440 1677; x_wconf 88' lang='lat' dir='ltr'>lucentis</span> <span class='ocrx_word' id='word_1_113' title='bbox 1466 1612 1604 1691; x_wconf 88' lang='lat' dir='ltr'>ampliari</span> 
     </span>
     <span class='ocr_line' id='line_1_14' title="bbox 240 1700 1603 1783; baseline 0.003 -26"><span class='ocrx_word' id='word_1_114' title='bbox 240 1700 369 1775; x_wconf 87' lang='lat' dir='ltr'>prolatis</span> <span class='ocrx_word' id='word_1_115' title='bbox 394 1700 531 1761; x_wconf 83' lang='lat' dir='ltr'>terminis</span> <span class='ocrx_word' id='word_1_116' title='bbox 555 1722 616 1762; x_wconf 90' lang='lat' dir='ltr'>una</span> <span class='ocrx_word' id='word_1_117' title='bbox 639 1704 857 1765; x_wconf 78' lang='lat' dir='ltr'>semidiametri</span> <span class='ocrx_word' id='word_1_118' title='bbox 882 1705 1032 1765; x_wconf 76' lang='lat' dir='ltr'>fenestrae</span> <span class='ocrx_word' id='word_1_119' title='bbox 1063 1705 1090 1765; x_wconf 89' lang='lat' dir='ltr'>in</span> <span class='ocrx_word' id='word_1_120' title='bbox 1116 1724 1218 1765; x_wconf 88' lang='lat' dir='ltr'>omues</span> <span class='ocrx_word' id='word_1_121' title='bbox 1243 1704 1397 1783; x_wconf 75' lang='lat' dir='ltr'>regiones,</span> <span class='ocrx_word' id='word_1_122' title='bbox 1425 1711 1460 1762; x_wconf 91' lang='lat' dir='ltr'>et</span> <span class='ocrx_word' id='word_1_123' title='bbox 1482 1701 1603 1781; x_wconf 79' lang='lat' dir='ltr'>proinde</span> 
     </span>
     <span class='ocr_line' id='line_1_15' title="bbox 241 1788 1603 1867; baseline 0.002 -20"><span class='ocrx_word' id='word_1_124' title='bbox 241 1805 354 1847; x_wconf 87' lang='lat' dir='ltr'>cornua</span> <span class='ocrx_word' id='word_1_125' title='bbox 377 1788 476 1867; x_wconf 88' lang='lat' dir='ltr'>partis</span> <span class='ocrx_word' id='word_1_126' title='bbox 499 1790 537 1849; x_wconf 88' lang='lat' dir='ltr'>de</span> <span class='ocrx_word' id='word_1_127' title='bbox 561 1790 632 1851; x_wconf 85' lang='lat' dir='ltr'>Sole</span> <span class='ocrx_word' id='word_1_128' title='bbox 657 1792 786 1852; x_wconf 88' lang='lat' dir='ltr'>lucentis</span> <span class='ocrx_word' id='word_1_129' title='bbox 811 1793 839 1853; x_wconf 91' lang='lat' dir='ltr'>in</span> <span class='ocrx_word' id='word_1_130' title='bbox 864 1793 948 1854; x_wconf 90' lang='lat' dir='ltr'>radio</span> <span class='ocrx_word' id='word_1_131' title='bbox 973 1813 1030 1854; x_wconf 93' lang='lat' dir='ltr'>non</span> <span class='ocrx_word' id='word_1_132' title='bbox 1060 1803 1149 1853; x_wconf 89' lang='lat' dir='ltr'>acuta</span> <span class='ocrx_word' id='word_1_133' title='bbox 1172 1793 1271 1863; x_wconf 90' lang='lat' dir='ltr'>cerni,</span> <span class='ocrx_word' id='word_1_134' title='bbox 1305 1801 1339 1852; x_wconf 91' lang='lat' dir='ltr'>ut</span> <span class='ocrx_word' id='word_1_135' title='bbox 1362 1792 1391 1852; x_wconf 88' lang='lat' dir='ltr'>in</span> <span class='ocrx_word' id='word_1_136' title='bbox 1417 1792 1521 1864; x_wconf 90' lang='lat' dir='ltr'>coelo,</span> <span class='ocrx_word' id='word_1_137' title='bbox 1555 1789 1603 1850; x_wconf 91' lang='lat' dir='ltr'>sed</span> 
     </span>
     <span class='ocr_line' id='line_1_16' title="bbox 241 1876 1342 1960; baseline 0.005 -27"><span class='ocrx_word' id='word_1_138' title='bbox 241 1876 346 1935; x_wconf 87' lang='lat' dir='ltr'>eodem</span> <span class='ocrx_word' id='word_1_139' title='bbox 371 1876 505 1939; x_wconf 83' lang='lat' dir='ltr'>orbiculo</span> <span class='ocrx_word' id='word_1_140' title='bbox 530 1879 655 1941; x_wconf 83' lang='lat' dir='ltr'>reducta</span> <span class='ocrx_word' id='word_1_141' title='bbox 681 1880 708 1939; x_wconf 88' lang='lat' dir='ltr'>in</span> <span class='ocrx_word' id='word_1_142' title='bbox 734 1881 892 1953; x_wconf 86' lang='lat' dir='ltr'>obtusum,</span> <span class='ocrx_word' id='word_1_143' title='bbox 919 1900 975 1959; x_wconf 85' lang='lat' dir='ltr'>qup</span> <span class='ocrx_word' id='word_1_144' title='bbox 1000 1882 1065 1960; x_wconf 91' lang='lat' dir='ltr'>ipsa</span> <span class='ocrx_word' id='word_1_145' title='bbox 1089 1883 1223 1941; x_wconf 78' lang='lat' dir='ltr'>fenestra</span> <span class='ocrx_word' id='word_1_146' title='bbox 1245 1889 1342 1958; x_wconf 90' lang='lat' dir='ltr'>patet.</span> 
     </span>
    </p>

    <p class='ocr_par' dir='ltr' id='par_1_8' title="bbox 240 1961 1600 2118">
     <span class='ocr_line' id='line_1_17' title="bbox 331 1961 1600 2048; baseline -0.002 -21"><span class='ocrx_word' id='word_1_147' title='bbox 331 1961 368 2036; x_wconf 85' lang='grc'>8)</span> <span class='ocrx_word' id='word_1_148' title='bbox 393 1964 427 2026; x_wconf 90' lang='lat' dir='ltr'>lu</span> <span class='ocrx_word' id='word_1_149' title='bbox 452 1965 526 2028; x_wconf 88' lang='lat' dir='ltr'>data</span> <span class='ocrx_word' id='word_1_150' title='bbox 549 1985 623 2029; x_wconf 86' lang='lat' dir='ltr'>vera</span> <span class='ocrx_word' id='word_1_151' title='bbox 655 1968 757 2048; x_wconf 86' lang='lat' dir='ltr'>specie</span> <span class='ocrx_word' id='word_1_152' title='bbox 781 1967 863 2030; x_wconf 89' lang='lat' dir='ltr'>Solis</span> <span class='ocrx_word' id='word_1_153' title='bbox 893 1970 1058 2031; x_wconf 85' lang='lat' dir='ltr'>deficientis</span> <span class='ocrx_word' id='word_1_154' title='bbox 1083 1969 1215 2030; x_wconf 85' lang='lat' dir='ltr'>invenire</span> <span class='ocrx_word' id='word_1_155' title='bbox 1238 1968 1467 2047; x_wconf 85' lang='lat' dir='ltr'>proportionem</span> <span class='ocrx_word' id='word_1_156' title='bbox 1492 1967 1600 2027; x_wconf 88' lang='lat' dir='ltr'>diame-</span> 
     </span>
     <span class='ocr_line' id='line_1_18' title="bbox 240 2051 654 2118; baseline 0.014 -6"><span class='ocrx_word' id='word_1_157' title='bbox 240 2062 355 2116; x_wconf 90' lang='lat' dir='ltr'>trorum</span> <span class='ocrx_word' id='word_1_158' title='bbox 378 2051 460 2116; x_wconf 87' lang='lat' dir='ltr'>Solis</span> <span class='ocrx_word' id='word_1_159' title='bbox 483 2064 515 2117; x_wconf 88' lang='lat' dir='ltr'>et</span> <span class='ocrx_word' id='word_1_160' title='bbox 538 2056 654 2118; x_wconf 86' lang='lat' dir='ltr'>Lunae.</span> 
     </span>
    </p>

    <p class='ocr_par' dir='ltr' id='par_1_9' title="bbox 241 2137 1599 2382">
     <span class='ocr_line' id='line_1_19' title="bbox 329 2137 1599 2226; baseline -0.003 -23"><span class='ocrx_word' id='word_1_161' title='bbox 329 2137 366 2215; x_wconf 89' lang='grc'>9)</span> <span class='ocrx_word' id='word_1_162' title='bbox 390 2143 426 2205; x_wconf 93' lang='lat' dir='ltr'>ln</span> <span class='ocrx_word' id='word_1_163' title='bbox 450 2144 551 2223; x_wconf 87' lang='lat' dir='ltr'>specie</span> <span class='ocrx_word' id='word_1_164' title='bbox 576 2144 657 2206; x_wconf 88' lang='lat' dir='ltr'>Sulis</span> <span class='ocrx_word' id='word_1_165' title='bbox 681 2145 849 2206; x_wconf 89' lang='lat' dir='ltr'>deficientis</span> <span class='ocrx_word' id='word_1_166' title='bbox 872 2165 926 2226; x_wconf 89' lang='lat' dir='ltr'>per</span> <span class='ocrx_word' id='word_1_167' title='bbox 951 2145 1112 2205; x_wconf 85' lang='lat' dir='ltr'>fenestram</span> <span class='ocrx_word' id='word_1_168' title='bbox 1132 2144 1329 2206; x_wconf 79' lang='lat' dir='ltr'>orbicularem</span> <span class='ocrx_word' id='word_1_169' title='bbox 1353 2144 1536 2207; x_wconf 87' lang='lat' dir='ltr'>intromissa</span> <span class='ocrx_word' id='word_1_170' title='bbox 1558 2141 1599 2201; x_wconf 87' lang='lat' dir='ltr'>di-</span> 
     </span>
     <span class='ocr_line' id='line_1_20' title="bbox 241 2232 1599 2313; baseline -0.001 -21"><span class='ocrx_word' id='word_1_171' title='bbox 241 2232 416 2293; x_wconf 84' lang='lat' dir='ltr'>metientem</span> <span class='ocrx_word' id='word_1_172' title='bbox 442 2232 545 2296; x_wconf 84' lang='lat' dir='ltr'>Lunae</span> <span class='ocrx_word' id='word_1_173' title='bbox 570 2235 715 2296; x_wconf 87' lang='lat' dir='ltr'>minorem</span> <span class='ocrx_word' id='word_1_174' title='bbox 739 2254 885 2313; x_wconf 86' lang='lat' dir='ltr'>apparere</span> <span class='ocrx_word' id='word_1_175' title='bbox 910 2243 942 2295; x_wconf 88' lang='lat' dir='ltr'>et</span> <span class='ocrx_word' id='word_1_176' title='bbox 970 2233 1127 2311; x_wconf 87' lang='lat' dir='ltr'>pauciores</span> <span class='ocrx_word' id='word_1_177' title='bbox 1160 2233 1271 2311; x_wconf 83' lang='lat' dir='ltr'>digitos</span> <span class='ocrx_word' id='word_1_178' title='bbox 1304 2233 1481 2312; x_wconf 85' lang='lat' dir='ltr'>eclipticus,</span> <span class='ocrx_word' id='word_1_179' title='bbox 1519 2248 1599 2310; x_wconf 84' lang='lat' dir='ltr'>qrraur</span> 
     </span>
     <span class='ocr_line' id='line_1_21' title="bbox 241 2319 489 2382; baseline 0.008 -2"><span class='ocrx_word' id='word_1_180' title='bbox 241 2319 315 2380; x_wconf 83' lang='lat' dir='ltr'>foris</span> <span class='ocrx_word' id='word_1_181' title='bbox 340 2320 368 2380; x_wconf 90' lang='lat' dir='ltr'>iu</span> <span class='ocrx_word' id='word_1_182' title='bbox 393 2321 489 2382; x_wconf 80' lang='lat' dir='ltr'>coelo.</span> 
     </span>
    </p>

    <p class='ocr_par' dir='ltr' id='par_1_10' title="bbox 242 2403 1601 2576">
     <span class='ocr_line' id='line_1_22' title="bbox 334 2403 1601 2489; baseline -0.001 -22"><span class='ocrx_word' id='word_1_183' title='bbox 334 2403 391 2479; x_wconf 87' lang='grc'>10)</span> <span class='ocrx_word' id='word_1_184' title='bbox 415 2407 449 2469; x_wconf 89' lang='lat' dir='ltr'>lu</span> <span class='ocrx_word' id='word_1_185' title='bbox 474 2409 550 2470; x_wconf 90' lang='lat' dir='ltr'>data</span> <span class='ocrx_word' id='word_1_186' title='bbox 572 2410 628 2470; x_wconf 91' lang='lat' dir='ltr'>hac</span> <span class='ocrx_word' id='word_1_187' title='bbox 654 2410 733 2470; x_wconf 79' lang='lat' dir='ltr'>falsa</span> <span class='ocrx_word' id='word_1_188' title='bbox 756 2410 858 2489; x_wconf 89' lang='lat' dir='ltr'>specie</span> <span class='ocrx_word' id='word_1_189' title='bbox 882 2408 1072 2470; x_wconf 85' lang='lat' dir='ltr'>nihilominus</span> <span class='ocrx_word' id='word_1_190' title='bbox 1096 2410 1228 2471; x_wconf 83' lang='lat' dir='ltr'>invenire</span> <span class='ocrx_word' id='word_1_191' title='bbox 1253 2427 1355 2470; x_wconf 85' lang='lat' dir='ltr'>reram</span> <span class='ocrx_word' id='word_1_192' title='bbox 1380 2409 1601 2489; x_wconf 86' lang='lat' dir='ltr'>proportionem</span> 
     </span>
     <span class='ocr_line' id='line_1_23' title="bbox 242 2494 1342 2576; baseline 0.002 -21"><span class='ocrx_word' id='word_1_193' title='bbox 242 2495 463 2556; x_wconf 88' lang='lat' dir='ltr'>dinretieutium</span> <span class='ocrx_word' id='word_1_194' title='bbox 489 2494 571 2559; x_wconf 85' lang='lat' dir='ltr'>Solis</span> <span class='ocrx_word' id='word_1_195' title='bbox 595 2507 628 2560; x_wconf 90' lang='lat' dir='ltr'>et</span> <span class='ocrx_word' id='word_1_196' title='bbox 651 2497 754 2559; x_wconf 86' lang='lat' dir='ltr'>Lunae</span> <span class='ocrx_word' id='word_1_197' title='bbox 780 2507 811 2559; x_wconf 87' lang='lat' dir='ltr'>et</span> <span class='ocrx_word' id='word_1_198' title='bbox 830 2498 945 2575; x_wconf 85' lang='lat' dir='ltr'>justam</span> <span class='ocrx_word' id='word_1_199' title='bbox 970 2498 1170 2576; x_wconf 85' lang='lat' dir='ltr'>quantitatem</span> <span class='ocrx_word' id='word_1_200' title='bbox 1195 2497 1342 2558; x_wconf 85' lang='lat' dir='ltr'>defectus.</span> 
     </span>
    </p>

    <p class='ocr_par' dir='ltr' id='par_1_11' title="bbox 243 2582 1604 2753">
     <span class='ocr_line' id='line_1_24' title="bbox 339 2582 1604 2665; baseline -0.003 -20"><span class='ocrx_word' id='word_1_201' title='bbox 339 2582 392 2655; x_wconf 90' lang='lat' dir='ltr'>ll)</span> <span class='ocrx_word' id='word_1_202' title='bbox 421 2584 472 2646; x_wconf 83' lang='lat' dir='ltr'>Ad</span> <span class='ocrx_word' id='word_1_203' title='bbox 506 2586 633 2665; x_wconf 87' lang='lat' dir='ltr'>quodvis</span> <span class='ocrx_word' id='word_1_204' title='bbox 667 2596 850 2647; x_wconf 87' lang='lat' dir='ltr'>momentum</span> <span class='ocrx_word' id='word_1_205' title='bbox 884 2585 1107 2663; x_wconf 85' lang='lat' dir='ltr'>deprehendere</span> <span class='ocrx_word' id='word_1_206' title='bbox 1140 2585 1279 2662; x_wconf 77' lang='lat' dir='ltr'>angulum</span> <span class='ocrx_word' id='word_1_207' title='bbox 1313 2586 1392 2647; x_wconf 90' lang='lat' dir='ltr'>inter</span> <span class='ocrx_word' id='word_1_208' title='bbox 1430 2585 1604 2646; x_wconf 80' lang='lat' dir='ltr'>verticalem</span> 
     </span>
     <span class='ocr_line' id='line_1_25' title="bbox 243 2670 1540 2753; baseline -0.002 -18"><span class='ocrx_word' id='word_1_209' title='bbox 243 2670 327 2735; x_wconf 81' lang='lat' dir='ltr'>Solis</span> <span class='ocrx_word' id='word_1_210' title='bbox 350 2683 382 2735; x_wconf 89' lang='lat' dir='ltr'>et</span> <span class='ocrx_word' id='word_1_211' title='bbox 405 2674 549 2737; x_wconf 89' lang='lat' dir='ltr'>circulum</span> <span class='ocrx_word' id='word_1_212' title='bbox 572 2694 727 2753; x_wconf 84' lang='lat' dir='ltr'>magnum,</span> <span class='ocrx_word' id='word_1_213' title='bbox 755 2674 803 2753; x_wconf 92' lang='lat' dir='ltr'>qui</span> <span class='ocrx_word' id='word_1_214' title='bbox 826 2692 880 2753; x_wconf 87' lang='lat' dir='ltr'>per</span> <span class='ocrx_word' id='word_1_215' title='bbox 903 2673 971 2733; x_wconf 85' lang='lat' dir='ltr'>visa</span> <span class='ocrx_word' id='word_1_216' title='bbox 994 2681 1099 2733; x_wconf 89' lang='lat' dir='ltr'>centra</span> <span class='ocrx_word' id='word_1_217' title='bbox 1122 2672 1203 2734; x_wconf 91' lang='lat' dir='ltr'>Solis</span> <span class='ocrx_word' id='word_1_218' title='bbox 1228 2682 1258 2732; x_wconf 92' lang='lat' dir='ltr'>et</span> <span class='ocrx_word' id='word_1_219' title='bbox 1283 2673 1388 2736; x_wconf 87' lang='lat' dir='ltr'>Lunae</span> <span class='ocrx_word' id='word_1_220' title='bbox 1414 2676 1540 2735; x_wconf 83' lang='lat' dir='ltr'>transit.</span> 
     </span>
    </p>

    <p class='ocr_par' dir='ltr' id='par_1_12' title="bbox 242 2758 1610 3010">
     <span class='ocr_line' id='line_1_26' title="bbox 336 2758 1609 2841; baseline 0.001 -20"><span class='ocrx_word' id='word_1_221' title='bbox 336 2758 391 2832; x_wconf 81' lang='lat' dir='ltr'>it)</span> <span class='ocrx_word' id='word_1_222' title='bbox 416 2760 494 2824; x_wconf 88' lang='lat' dir='ltr'>Cum</span> <span class='ocrx_word' id='word_1_223' title='bbox 517 2764 647 2826; x_wconf 89' lang='lat' dir='ltr'>circulus</span> <span class='ocrx_word' id='word_1_224' title='bbox 671 2763 707 2823; x_wconf 92' lang='lat' dir='ltr'>de</span> <span class='ocrx_word' id='word_1_225' title='bbox 732 2763 804 2824; x_wconf 86' lang='lat' dir='ltr'>Sole</span> <span class='ocrx_word' id='word_1_226' title='bbox 828 2762 1019 2841; x_wconf 86' lang='lat' dir='ltr'>relinquitur,</span> <span class='ocrx_word' id='word_1_227' title='bbox 1046 2762 1070 2821; x_wconf 86' lang='lat' dir='ltr'>is</span> <span class='ocrx_word' id='word_1_228' title='bbox 1093 2764 1122 2822; x_wconf 91' lang='lat' dir='ltr'>in</span> <span class='ocrx_word' id='word_1_229' title='bbox 1147 2762 1246 2838; x_wconf 78' lang='lat' dir='ltr'>specie</span> <span class='ocrx_word' id='word_1_230' title='bbox 1271 2772 1319 2822; x_wconf 86' lang='lat' dir='ltr'>est</span> <span class='ocrx_word' id='word_1_231' title='bbox 1344 2763 1435 2824; x_wconf 79' lang='lat' dir='ltr'>latior</span> <span class='ocrx_word' id='word_1_232' title='bbox 1459 2763 1609 2823; x_wconf 81' lang='lat' dir='ltr'>diametro</span> 
     </span>
     <span class='ocr_line' id='line_1_27' title="bbox 242 2849 1610 2927; baseline -0.003 -17"><span class='ocrx_word' id='word_1_233' title='bbox 242 2850 405 2911; x_wconf 81' lang='lat' dir='ltr'>fenestrae.</span> <span class='ocrx_word' id='word_1_234' title='bbox 454 2849 584 2913; x_wconf 86' lang='lat' dir='ltr'>Etcum</span> <span class='ocrx_word' id='word_1_235' title='bbox 610 2850 650 2927; x_wconf 76' lang='grc' dir='ltr'>Θ</span> <span class='ocrx_word' id='word_1_236' title='bbox 677 2861 759 2912; x_wconf 90' lang='lat' dir='ltr'>totus</span> <span class='ocrx_word' id='word_1_237' title='bbox 783 2850 900 2923; x_wconf 87' lang='lat' dir='ltr'>deficit,</span> <span class='ocrx_word' id='word_1_238' title='bbox 927 2870 985 2911; x_wconf 92' lang='lat' dir='ltr'>nou</span> <span class='ocrx_word' id='word_1_239' title='bbox 1009 2850 1120 2910; x_wconf 86' lang='lat' dir='ltr'>sensim</span> <span class='ocrx_word' id='word_1_240' title='bbox 1145 2856 1179 2909; x_wconf 89' lang='lat' dir='ltr'>ut</span> <span class='ocrx_word' id='word_1_241' title='bbox 1202 2850 1229 2909; x_wconf 92' lang='lat' dir='ltr'>in</span> <span class='ocrx_word' id='word_1_242' title='bbox 1261 2852 1355 2923; x_wconf 89' lang='lat' dir='ltr'>coelo,</span> <span class='ocrx_word' id='word_1_243' title='bbox 1387 2853 1431 2912; x_wconf 86' lang='lat' dir='ltr'>sic</span> <span class='ocrx_word' id='word_1_244' title='bbox 1462 2852 1494 2913; x_wconf 92' lang='lat' dir='ltr'>in</span> <span class='ocrx_word' id='word_1_245' title='bbox 1526 2849 1610 2913; x_wconf 87' lang='lat' dir='ltr'>radio</span> 
     </span>
     <span class='ocr_line' id='line_1_28' title="bbox 243 2937 667 3010; baseline 0.002 -11"><span class='ocrx_word' id='word_1_246' title='bbox 243 2937 300 2999; x_wconf 89' lang='lat' dir='ltr'>hoc</span> <span class='ocrx_word' id='word_1_247' title='bbox 324 2938 453 3010; x_wconf 88' lang='lat' dir='ltr'>accidit,</span> <span class='ocrx_word' id='word_1_248' title='bbox 478 2942 532 3002; x_wconf 86' lang='lat' dir='ltr'>sed</span> <span class='ocrx_word' id='word_1_249' title='bbox 557 2942 667 3002; x_wconf 90' lang='lat' dir='ltr'>subito.</span> 
     </span>
    </p>

    <p class='ocr_par' dir='ltr' id='par_1_13' title="bbox 241 3023 1615 3195">
     <span class='ocr_line' id='line_1_29' title="bbox 334 3023 1615 3106; baseline 0.001 -19"><span class='ocrx_word' id='word_1_250' title='bbox 334 3023 391 3099; x_wconf 86' lang='grc'>13)</span> <span class='ocrx_word' id='word_1_251' title='bbox 416 3024 484 3097; x_wconf 86' lang='lat' dir='ltr'>Quo</span> <span class='ocrx_word' id='word_1_252' title='bbox 508 3030 604 3090; x_wconf 92' lang='lat' dir='ltr'>minor</span> <span class='ocrx_word' id='word_1_253' title='bbox 636 3030 771 3088; x_wconf 81' lang='lat' dir='ltr'>fenestra</span> <span class='ocrx_word' id='word_1_254' title='bbox 795 3038 846 3087; x_wconf 91' lang='lat' dir='ltr'>aut</span> <span class='ocrx_word' id='word_1_255' title='bbox 871 3045 929 3106; x_wconf 88' lang='lat' dir='ltr'>quo</span> <span class='ocrx_word' id='word_1_256' title='bbox 954 3025 1048 3103; x_wconf 89' lang='lat' dir='ltr'>major</span> <span class='ocrx_word' id='word_1_257' title='bbox 1077 3027 1139 3104; x_wconf 88' lang='lat' dir='ltr'>ejus</span> <span class='ocrx_word' id='word_1_258' title='bbox 1164 3046 1182 3084; x_wconf 90' lang='lat' dir='ltr'>a</span> <span class='ocrx_word' id='word_1_259' title='bbox 1205 3027 1321 3103; x_wconf 87' lang='lat' dir='ltr'>pariete</span> <span class='ocrx_word' id='word_1_260' title='bbox 1346 3027 1518 3099; x_wconf 85' lang='lat' dir='ltr'>distantia,</span> <span class='ocrx_word' id='word_1_261' title='bbox 1554 3027 1615 3088; x_wconf 81' lang='lat' dir='ltr'>hoc</span> 
     </span>
     <span class='ocr_line' id='line_1_30' title="bbox 241 3115 852 3195; baseline -0.002 -20"><span class='ocrx_word' id='word_1_262' title='bbox 241 3115 411 3178; x_wconf 83' lang='lat' dir='ltr'>absolutior</span> <span class='ocrx_word' id='word_1_263' title='bbox 429 3115 523 3193; x_wconf 83' lang='lat' dir='ltr'>ligura</span> <span class='ocrx_word' id='word_1_264' title='bbox 549 3116 692 3178; x_wconf 85' lang='lat' dir='ltr'>illustrati</span> <span class='ocrx_word' id='word_1_265' title='bbox 716 3115 852 3195; x_wconf 88' lang='lat' dir='ltr'>parietis.</span> 
     </span>
    </p>

    <p class='ocr_par' dir='ltr' id='par_1_14' title="bbox 335 3200 1226 3279">
     <span class='ocr_line' id='line_1_31' title="bbox 335 3200 1226 3279; baseline -0.004 -15"><span class='ocrx_word' id='word_1_266' title='bbox 335 3200 392 3275; x_wconf 81' lang='grc'>11)</span> <span class='ocrx_word' id='word_1_267' title='bbox 417 3202 605 3266; x_wconf 84' lang='lat' dir='ltr'>Distantiam</span> <span class='ocrx_word' id='word_1_268' title='bbox 628 3214 799 3266; x_wconf 88' lang='lat' dir='ltr'>ceutrorum</span> <span class='ocrx_word' id='word_1_269' title='bbox 823 3202 919 3262; x_wconf 84' lang='lat' dir='ltr'>risam</span> <span class='ocrx_word' id='word_1_270' title='bbox 946 3200 1085 3261; x_wconf 90' lang='lat' dir='ltr'>facillime</span> <span class='ocrx_word' id='word_1_271' title='bbox 1109 3218 1226 3279; x_wconf 88' lang='lat' dir='ltr'>capere.</span> 
     </span>
    </p>
   </div>
   <div class='ocr_carea' id='block_1_3' title="bbox 240 3359 1624 4562">
    <p class='ocr_par' dir='ltr' id='par_1_15' title="bbox 240 3359 1620 3498">
     <span class='ocr_line' id='line_1_32' title="bbox 331 3359 1620 3427; baseline -0.001 -15"><span class='ocrx_word' id='word_1_272' title='bbox 331 3361 405 3423; x_wconf 87' lang='lat' dir='ltr'>Quae</span> <span class='ocrx_word' id='word_1_273' title='bbox 425 3361 455 3412; x_wconf 91' lang='lat' dir='ltr'>de</span> <span class='ocrx_word' id='word_1_274' title='bbox 476 3363 568 3427; x_wconf 88' lang='lat' dir='ltr'>Optica</span> <span class='ocrx_word' id='word_1_275' title='bbox 586 3377 632 3411; x_wconf 89' lang='lat' dir='ltr'>sua</span> <span class='ocrx_word' id='word_1_276' title='bbox 645 3362 767 3426; x_wconf 82' lang='lat' dir='ltr'>Keplerus</span> <span class='ocrx_word' id='word_1_277' title='bbox 781 3377 837 3411; x_wconf 86' lang='lat' dir='ltr'>cum</span> <span class='ocrx_word' id='word_1_278' title='bbox 856 3362 942 3411; x_wconf 85' lang='lat' dir='ltr'>amieis</span> <span class='ocrx_word' id='word_1_279' title='bbox 961 3375 1005 3423; x_wconf 90' lang='lat' dir='ltr'>per</span> <span class='ocrx_word' id='word_1_280' title='bbox 1022 3359 1107 3408; x_wconf 89' lang='lat' dir='ltr'>literas</span> <span class='ocrx_word' id='word_1_281' title='bbox 1126 3360 1219 3423; x_wconf 78' lang='lat' dir='ltr'>egerit.</span> <span class='ocrx_word' id='word_1_282' title='bbox 1239 3359 1351 3424; x_wconf 89' lang='lat' dir='ltr'>quodque</span> <span class='ocrx_word' id='word_1_283' title='bbox 1367 3360 1494 3423; x_wconf 73' lang='lat' dir='ltr'>judicium</span> <span class='ocrx_word' id='word_1_284' title='bbox 1514 3361 1620 3412; x_wconf 71' lang='lat' dir='ltr'>illorum</span> 
     </span>
     <span class='ocr_line' id='line_1_33' title="bbox 240 3434 850 3498; baseline -0.01 -13"><span class='ocrx_word' id='word_1_285' title='bbox 240 3435 270 3487; x_wconf 87' lang='lat' dir='ltr'>de</span> <span class='ocrx_word' id='word_1_286' title='bbox 290 3450 319 3483; x_wconf 87' lang='lat' dir='ltr'>eo</span> <span class='ocrx_word' id='word_1_287' title='bbox 338 3434 425 3489; x_wconf 89' lang='lat' dir='ltr'>fuerit,</span> <span class='ocrx_word' id='word_1_288' title='bbox 444 3444 578 3498; x_wconf 86' lang='lat' dir='ltr'>sequentes</span> <span class='ocrx_word' id='word_1_289' title='bbox 598 3434 715 3483; x_wconf 84' lang='lat' dir='ltr'>exhibent</span> <span class='ocrx_word' id='word_1_290' title='bbox 733 3435 850 3497; x_wconf 72' lang='lat' dir='ltr'>paginae.</span> 
     </span>
    </p>

    <p class='ocr_par' dir='ltr' id='par_1_16' title="bbox 240 3500 1622 3853">
     <span class='ocr_line' id='line_1_34' title="bbox 329 3500 1621 3569; baseline -0.002 -16"><span class='ocrx_word' id='word_1_291' title='bbox 329 3504 530 3555; x_wconf 79' lang='lat' dir='ltr'>Maestiinus</span> <span class='ocrx_word' id='word_1_292' title='bbox 557 3520 587 3555; x_wconf 86' lang='lat' dir='ltr'>eo</span> <span class='ocrx_word' id='word_1_293' title='bbox 606 3514 716 3568; x_wconf 86' lang='lat' dir='ltr'>tempore</span> <span class='ocrx_word' id='word_1_294' title='bbox 734 3520 782 3567; x_wconf 89' lang='lat' dir='ltr'>quo</span> <span class='ocrx_word' id='word_1_295' title='bbox 801 3503 903 3565; x_wconf 83' lang='lat' dir='ltr'>Kepleri</span> <span class='ocrx_word' id='word_1_296' title='bbox 921 3516 982 3565; x_wconf 87' lang='lat' dir='ltr'>opus</span> <span class='ocrx_word' id='word_1_297' title='bbox 1001 3500 1090 3563; x_wconf 87' lang='lat' dir='ltr'>prodiit</span> <span class='ocrx_word' id='word_1_298' title='bbox 1108 3500 1179 3547; x_wconf 88' lang='lat' dir='ltr'>nimis</span> <span class='ocrx_word' id='word_1_299' title='bbox 1197 3500 1335 3549; x_wconf 86' lang='lat' dir='ltr'>taciturnus</span> <span class='ocrx_word' id='word_1_300' title='bbox 1353 3501 1414 3557; x_wconf 88' lang='lat' dir='ltr'>fuit.</span> <span class='ocrx_word' id='word_1_301' title='bbox 1444 3518 1495 3569; x_wconf 88' lang='lat' dir='ltr'>que</span> <span class='ocrx_word' id='word_1_302' title='bbox 1515 3505 1621 3553; x_wconf 77' lang='lat' dir='ltr'>fantum</span> 
     </span>
     <span class='ocr_line' id='line_1_35' title="bbox 241 3570 1622 3640; baseline -0.001 -15"><span class='ocrx_word' id='word_1_303' title='bbox 241 3583 290 3635; x_wconf 85' lang='lat' dir='ltr'>eat,</span> <span class='ocrx_word' id='word_1_304' title='bbox 311 3583 340 3625; x_wconf 85' lang='lat' dir='ltr'>ut</span> <span class='ocrx_word' id='word_1_305' title='bbox 357 3578 423 3624; x_wconf 87' lang='lat' dir='ltr'>inter</span> <span class='ocrx_word' id='word_1_306' title='bbox 442 3577 558 3640; x_wconf 86' lang='lat' dir='ltr'>epistolas</span> <span class='ocrx_word' id='word_1_307' title='bbox 575 3576 677 3639; x_wconf 79' lang='lat' dir='ltr'>Kepleri</span> <span class='ocrx_word' id='word_1_308' title='bbox 696 3576 728 3626; x_wconf 89' lang='lat' dir='ltr'>ad</span> <span class='ocrx_word' id='word_1_309' title='bbox 747 3574 908 3625; x_wconf 78' lang='lat' dir='ltr'>Maestliuum</span> <span class='ocrx_word' id='word_1_310' title='bbox 927 3574 1008 3627; x_wconf 90' lang='lat' dir='ltr'>datas,</span> <span class='ocrx_word' id='word_1_311' title='bbox 1028 3584 1089 3634; x_wconf 87' lang='lat' dir='ltr'>ques</span> <span class='ocrx_word' id='word_1_312' title='bbox 1107 3571 1302 3632; x_wconf 86' lang='lat' dir='ltr'>manuscriptas</span> <span class='ocrx_word' id='word_1_313' title='bbox 1319 3570 1455 3629; x_wconf 63' lang='lat' dir='ltr'>hammus,</span> <span class='ocrx_word' id='word_1_314' title='bbox 1475 3589 1565 3638; x_wconf 89' lang='lat' dir='ltr'>pauea</span> <span class='ocrx_word' id='word_1_315' title='bbox 1584 3575 1622 3627; x_wconf 83' lang='lat' dir='ltr'>de</span> 
     </span>
     <span class='ocr_line' id='line_1_36' title="bbox 241 3638 1620 3711; baseline -0.002 -13"><span class='ocrx_word' id='word_1_316' title='bbox 241 3645 332 3710; x_wconf 86' lang='lat' dir='ltr'>Optica</span> <span class='ocrx_word' id='word_1_317' title='bbox 350 3647 572 3710; x_wconf 72' lang='lat' dir='ltr'>deprehendamus.</span> <span class='ocrx_word' id='word_1_318' title='bbox 605 3645 655 3697; x_wconf 89' lang='lat' dir='ltr'>Sed</span> <span class='ocrx_word' id='word_1_319' title='bbox 675 3649 767 3711; x_wconf 88' lang='lat' dir='ltr'>aliquot</span> <span class='ocrx_word' id='word_1_320' title='bbox 786 3646 858 3693; x_wconf 87' lang='lat' dir='ltr'>annis</span> <span class='ocrx_word' id='word_1_321' title='bbox 887 3652 946 3693; x_wconf 86' lang='lat' dir='ltr'>aute</span> <span class='ocrx_word' id='word_1_322' title='bbox 974 3641 1052 3701; x_wconf 84' lang='lat' dir='ltr'>(anno</span> <span class='ocrx_word' id='word_1_323' title='bbox 1075 3639 1149 3688; x_wconf 79' lang='grc'>1800.</span> <span class='ocrx_word' id='word_1_324' title='bbox 1171 3638 1194 3687; x_wconf 88' lang='lat' dir='ltr'>ll.</span> <span class='ocrx_word' id='word_1_325' title='bbox 1214 3641 1280 3704; x_wconf 83' lang='lat' dir='ltr'>Sept.</span> <span class='ocrx_word' id='word_1_326' title='bbox 1302 3641 1387 3704; x_wconf 89' lang='lat' dir='ltr'>Comp.</span> <span class='ocrx_word' id='word_1_327' title='bbox 1409 3644 1467 3694; x_wconf 83' lang='lat' dir='ltr'>Vol.</span> <span class='ocrx_word' id='word_1_328' title='bbox 1482 3645 1505 3695; x_wconf 89' lang='lat'>1.</span> <span class='ocrx_word' id='word_1_329' title='bbox 1525 3662 1551 3708; x_wconf 89' lang='lat' dir='ltr'>p.</span> <span class='ocrx_word' id='word_1_330' title='bbox 1567 3644 1620 3705; x_wconf 71' lang='grc'>51)</span> 
     </span>
     <span class='ocr_line' id='line_1_37' title="bbox 241 3711 1619 3782; baseline -0.001 -17"><span class='ocrx_word' id='word_1_331' title='bbox 241 3715 364 3780; x_wconf 78' lang='lat' dir='ltr'>Keplerus</span> <span class='ocrx_word' id='word_1_332' title='bbox 384 3716 520 3767; x_wconf 74' lang='lat' dir='ltr'>Maestliuo</span> <span class='ocrx_word' id='word_1_333' title='bbox 540 3719 643 3767; x_wconf 87' lang='lat' dir='ltr'>nunciat</span> <span class='ocrx_word' id='word_1_334' title='bbox 663 3734 723 3782; x_wconf 87' lang='lat' dir='ltr'>opus</span> <span class='ocrx_word' id='word_1_335' title='bbox 742 3717 801 3765; x_wconf 91' lang='lat' dir='ltr'>illud</span> <span class='ocrx_word' id='word_1_336' title='bbox 821 3730 836 3765; x_wconf 93' lang='lat' dir='ltr'>a</span> <span class='ocrx_word' id='word_1_337' title='bbox 855 3730 881 3763; x_wconf 86' lang='lat' dir='ltr'>se</span> <span class='ocrx_word' id='word_1_338' title='bbox 901 3718 1027 3776; x_wconf 87' lang='lat' dir='ltr'>inceptum</span> <span class='ocrx_word' id='word_1_339' title='bbox 1046 3727 1099 3759; x_wconf 79' lang='lat' dir='ltr'>esse</span> <span class='ocrx_word' id='word_1_340' title='bbox 1128 3711 1267 3774; x_wconf 75' lang='lat' dir='ltr'>(leguntur</span> <span class='ocrx_word' id='word_1_341' title='bbox 1278 3712 1344 3760; x_wconf 86' lang='lat' dir='ltr'>haec</span> <span class='ocrx_word' id='word_1_342' title='bbox 1363 3713 1468 3777; x_wconf 84' lang='lat' dir='ltr'>Keplen&#39;</span> <span class='ocrx_word' id='word_1_343' title='bbox 1489 3718 1572 3767; x_wconf 78' lang='lat' dir='ltr'>verba</span> <span class='ocrx_word' id='word_1_344' title='bbox 1591 3720 1619 3767; x_wconf 82' lang='lat' dir='ltr'>ia</span> 
     </span>
     <span class='ocr_line' id='line_1_38' title="bbox 240 3782 1618 3853; baseline -0.004 -17"><span class='ocrx_word' id='word_1_345' title='bbox 240 3787 298 3836; x_wconf 88' lang='lat' dir='ltr'>folio</span> <span class='ocrx_word' id='word_1_346' title='bbox 316 3787 389 3849; x_wconf 87' lang='lat' dir='ltr'>lsujus</span> <span class='ocrx_word' id='word_1_347' title='bbox 408 3789 536 3851; x_wconf 80' lang='lat' dir='ltr'>voluminis</span> <span class='ocrx_word' id='word_1_348' title='bbox 562 3789 634 3837; x_wconf 87' lang='lat' dir='ltr'>titulo</span> <span class='ocrx_word' id='word_1_349' title='bbox 654 3789 776 3853; x_wconf 78' lang='lat' dir='ltr'>praefixo,</span> <span class='ocrx_word' id='word_1_350' title='bbox 805 3788 868 3850; x_wconf 92' lang='lat' dir='ltr'>quod</span> <span class='ocrx_word' id='word_1_351' title='bbox 895 3785 993 3834; x_wconf 83' lang='lat' dir='ltr'>exhibet</span> <span class='ocrx_word' id='word_1_352' title='bbox 1017 3782 1142 3844; x_wconf 80' lang='lat' dir='ltr'>exemplar</span> <span class='ocrx_word' id='word_1_353' title='bbox 1160 3782 1284 3830; x_wconf 86' lang='lat' dir='ltr'>literarum</span> <span class='ocrx_word' id='word_1_354' title='bbox 1307 3782 1409 3845; x_wconf 84' lang='lat' dir='ltr'>Kepleri</span> <span class='ocrx_word' id='word_1_355' title='bbox 1430 3800 1510 3836; x_wconf 89' lang='lat' dir='ltr'>mauu</span> <span class='ocrx_word' id='word_1_356' title='bbox 1534 3791 1618 3853; x_wconf 79' lang='lat' dir='ltr'>scrip.</span> 
     </span>
    </p>

    <p class='ocr_par' dir='ltr' id='par_1_17' title="bbox 241 3922 1622 4133">
     <span class='ocr_line' id='line_1_39' title="bbox 330 3922 1622 3992; baseline 0.001 -13"><span class='ocrx_word' id='word_1_357' title='bbox 330 3927 525 3992; x_wconf 64' lang='lat' dir='ltr'>Bumudonem</span> <span class='ocrx_word' id='word_1_358' title='bbox 545 3929 672 3980; x_wconf 78' lang='lat' dir='ltr'>llaestiini</span> <span class='ocrx_word' id='word_1_359' title='bbox 692 3929 724 3978; x_wconf 91' lang='lat' dir='ltr'>ad</span> <span class='ocrx_word' id='word_1_360' title='bbox 743 3929 788 3977; x_wconf 88' lang='lat' dir='ltr'>has</span> <span class='ocrx_word' id='word_1_361' title='bbox 807 3928 891 3976; x_wconf 84' lang='lat' dir='ltr'>literas</span> <span class='ocrx_word' id='word_1_362' title='bbox 910 3928 1033 3985; x_wconf 71' lang='lat' dir='ltr'>integram</span> <span class='ocrx_word' id='word_1_363' title='bbox 1056 3924 1095 3971; x_wconf 84' lang='lat' dir='ltr'>hic</span> <span class='ocrx_word' id='word_1_364' title='bbox 1115 3922 1270 3971; x_wconf 76' lang='lat' dir='ltr'>inserendam</span> <span class='ocrx_word' id='word_1_365' title='bbox 1289 3925 1441 3980; x_wconf 83' lang='lat' dir='ltr'>censuimus.</span> <span class='ocrx_word' id='word_1_366' title='bbox 1464 3942 1525 3977; x_wconf 85' lang='lat' dir='ltr'>eum</span> <span class='ocrx_word' id='word_1_367' title='bbox 1545 3929 1622 3980; x_wconf 83' lang='lat' dir='ltr'>illam</span> 
     </span>
     <span class='ocr_line' id='line_1_40' title="bbox 243 3992 1621 4060; baseline 0.001 -11"><span class='ocrx_word' id='word_1_368' title='bbox 243 3996 386 4049; x_wconf 77' lang='lat' dir='ltr'>Bauscbius</span> <span class='ocrx_word' id='word_1_369' title='bbox 406 4003 431 4049; x_wconf 91' lang='lat' dir='ltr'>in</span> <span class='ocrx_word' id='word_1_370' title='bbox 450 4001 594 4050; x_wconf 84' lang='lat' dir='ltr'>collectione</span> <span class='ocrx_word' id='word_1_371' title='bbox 614 4016 660 4050; x_wconf 92' lang='lat' dir='ltr'>sua</span> <span class='ocrx_word' id='word_1_372' title='bbox 679 4001 788 4048; x_wconf 86' lang='lat' dir='ltr'>omiserit</span> <span class='ocrx_word' id='word_1_373' title='bbox 807 3998 898 4060; x_wconf 88' lang='lat' dir='ltr'>(comp.</span> <span class='ocrx_word' id='word_1_374' title='bbox 910 3996 930 4045; x_wconf 92' lang='lat' dir='ltr'>l.</span> <span class='ocrx_word' id='word_1_375' title='bbox 945 3992 1016 4052; x_wconf 80' lang='lat'>302).</span> <span class='ocrx_word' id='word_1_376' title='bbox 1047 3994 1118 4052; x_wconf 87' lang='lat' dir='ltr'>Quae</span> <span class='ocrx_word' id='word_1_377' title='bbox 1137 3993 1233 4056; x_wconf 86' lang='lat' dir='ltr'>quidem</span> <span class='ocrx_word' id='word_1_378' title='bbox 1251 3995 1388 4054; x_wconf 91' lang='lat' dir='ltr'>praemittit</span> <span class='ocrx_word' id='word_1_379' title='bbox 1401 3995 1437 4045; x_wconf 77' lang='lat' dir='ltr'>ii.</span> <span class='ocrx_word' id='word_1_380' title='bbox 1452 3998 1485 4048; x_wconf 91' lang='lat' dir='ltr'>de</span> <span class='ocrx_word' id='word_1_381' title='bbox 1505 4000 1621 4051; x_wconf 81' lang='lat' dir='ltr'>calami·</span> 
     </span>
     <span class='ocr_line' id='line_1_41' title="bbox 241 4063 1351 4133; baseline -0.009 -12"><span class='ocrx_word' id='word_1_382' title='bbox 241 4070 335 4121; x_wconf 68' lang='lat' dir='ltr'>tactus</span> <span class='ocrx_word' id='word_1_383' title='bbox 353 4072 379 4119; x_wconf 89' lang='lat' dir='ltr'>iu</span> <span class='ocrx_word' id='word_1_384' title='bbox 398 4072 491 4133; x_wconf 75' lang='lat' dir='ltr'>styria,</span> <span class='ocrx_word' id='word_1_385' title='bbox 510 4072 641 4122; x_wconf 87' lang='lat' dir='ltr'>referenda</span> <span class='ocrx_word' id='word_1_386' title='bbox 659 4080 717 4121; x_wconf 91' lang='lat' dir='ltr'>sunt</span> <span class='ocrx_word' id='word_1_387' title='bbox 735 4071 767 4119; x_wconf 94' lang='lat' dir='ltr'>ad</span> <span class='ocrx_word' id='word_1_388' title='bbox 786 4070 869 4117; x_wconf 83' lang='lat' dir='ltr'>literas</span> <span class='ocrx_word' id='word_1_389' title='bbox 889 4066 990 4129; x_wconf 84' lang='lat' dir='ltr'>Kepleri</span> <span class='ocrx_word' id='word_1_390' title='bbox 1009 4065 1065 4111; x_wconf 81' lang='lat' dir='ltr'>Vol.</span> <span class='ocrx_word' id='word_1_391' title='bbox 1079 4064 1097 4112; x_wconf 92' lang='lat' dir='ltr'>l.</span> <span class='ocrx_word' id='word_1_392' title='bbox 1118 4082 1139 4128; x_wconf 85' lang='lat' dir='ltr'>p.</span> <span class='ocrx_word' id='word_1_393' title='bbox 1154 4063 1187 4111; x_wconf 83' lang='grc'>51</span> <span class='ocrx_word' id='word_1_394' title='bbox 1206 4066 1351 4126; x_wconf 78' lang='lat' dir='ltr'>propositas.</span> 
     </span>
    </p>

    <p class='ocr_par' dir='ltr' id='par_1_18' title="bbox 241 4135 1624 4562">
     <span class='ocr_line' id='line_1_42' title="bbox 333 4135 1623 4198; baseline 0.001 -8"><span class='ocrx_word' id='word_1_395' title='bbox 333 4139 407 4190; x_wconf 84' lang='lat' dir='ltr'>Salus</span> <span class='ocrx_word' id='word_1_396' title='bbox 420 4144 445 4191; x_wconf 89' lang='lat' dir='ltr'>in</span> <span class='ocrx_word' id='word_1_397' title='bbox 457 4143 554 4192; x_wconf 80' lang='lat' dir='ltr'>Christo</span> <span class='ocrx_word' id='word_1_398' title='bbox 569 4142 675 4192; x_wconf 86' lang='lat' dir='ltr'>Domino</span> <span class='ocrx_word' id='word_1_399' title='bbox 688 4149 779 4190; x_wconf 85' lang='lat' dir='ltr'>nostro.</span> <span class='ocrx_word' id='word_1_400' title='bbox 808 4139 909 4187; x_wconf 84' lang='lat' dir='ltr'>Literae</span> <span class='ocrx_word' id='word_1_401' title='bbox 928 4144 996 4190; x_wconf 86' lang='lat' dir='ltr'>tuae,</span> <span class='ocrx_word' id='word_1_402' title='bbox 1016 4136 1092 4183; x_wconf 83' lang='lat' dir='ltr'>freter</span> <span class='ocrx_word' id='word_1_403' title='bbox 1110 4137 1207 4198; x_wconf 89' lang='lat' dir='ltr'>optime,</span> <span class='ocrx_word' id='word_1_404' title='bbox 1227 4135 1387 4184; x_wconf 89' lang='lat' dir='ltr'>miserrimum</span> <span class='ocrx_word' id='word_1_405' title='bbox 1408 4152 1490 4188; x_wconf 84' lang='lat' dir='ltr'>rerum</span> <span class='ocrx_word' id='word_1_406' title='bbox 1511 4149 1623 4195; x_wconf 82' lang='lat' dir='ltr'>tuarum</span> 
     </span>
     <span class='ocr_line' id='line_1_43' title="bbox 243 4205 1622 4275; baseline -0.005 -15"><span class='ocrx_word' id='word_1_407' title='bbox 243 4213 368 4275; x_wconf 83' lang='lat' dir='ltr'>totiusque</span> <span class='ocrx_word' id='word_1_408' title='bbox 388 4212 487 4275; x_wconf 76' lang='lat' dir='ltr'>Scyriae</span> <span class='ocrx_word' id='word_1_409' title='bbox 506 4222 598 4263; x_wconf 87' lang='lat' dir='ltr'>statum</span> <span class='ocrx_word' id='word_1_410' title='bbox 616 4213 675 4263; x_wconf 85' lang='lat' dir='ltr'>mihi</span> <span class='ocrx_word' id='word_1_411' title='bbox 695 4212 886 4262; x_wconf 75' lang='lat' dir='ltr'>denunciarunt</span> <span class='ocrx_word' id='word_1_412' title='bbox 925 4205 1021 4253; x_wconf 84' lang='lat' dir='ltr'>Similia</span> <span class='ocrx_word' id='word_1_413' title='bbox 1039 4206 1146 4254; x_wconf 82' lang='lat' dir='ltr'>referunt</span> <span class='ocrx_word' id='word_1_414' title='bbox 1173 4205 1241 4253; x_wconf 88' lang='lat' dir='ltr'>uobis</span> <span class='ocrx_word' id='word_1_415' title='bbox 1260 4206 1300 4265; x_wconf 86' lang='lat' dir='ltr'>qui</span> <span class='ocrx_word' id='word_1_416' title='bbox 1321 4206 1353 4254; x_wconf 87' lang='lat' dir='ltr'>ad</span> <span class='ocrx_word' id='word_1_417' title='bbox 1373 4223 1418 4256; x_wconf 89' lang='lat' dir='ltr'>nos</span> <span class='ocrx_word' id='word_1_418' title='bbox 1438 4223 1455 4258; x_wconf 89' lang='lat' dir='ltr'>a</span> <span class='ocrx_word' id='word_1_419' title='bbox 1473 4212 1547 4262; x_wconf 84' lang='lat' dir='ltr'>robis</span> <span class='ocrx_word' id='word_1_420' title='bbox 1569 4218 1622 4266; x_wconf 70' lang='lat' dir='ltr'>mi.</span> 
     </span>
     <span class='ocr_line' id='line_1_44' title="bbox 244 4274 1622 4347; baseline -0.004 -15"><span class='ocrx_word' id='word_1_421' title='bbox 244 4289 355 4347; x_wconf 57' lang='lat' dir='ltr'>fluunt</span> <span class='ocrx_word' id='word_1_422' title='bbox 396 4284 497 4335; x_wconf 76' lang='lat' dir='ltr'>Utinam</span> <span class='ocrx_word' id='word_1_423' title='bbox 525 4286 593 4334; x_wconf 77' lang='lat' dir='ltr'>robis</span> <span class='ocrx_word' id='word_1_424' title='bbox 617 4286 753 4346; x_wconf 61' lang='lat' dir='ltr'>vastaque</span> <span class='ocrx_word' id='word_1_425' title='bbox 771 4281 844 4330; x_wconf 85' lang='lat' dir='ltr'>rebus</span> <span class='ocrx_word' id='word_1_426' title='bbox 864 4294 880 4327; x_wconf 89' lang='lat' dir='ltr'>a</span> <span class='ocrx_word' id='word_1_427' title='bbox 898 4278 970 4326; x_wconf 85' lang='lat' dir='ltr'>uobis</span> <span class='ocrx_word' id='word_1_428' title='bbox 988 4284 1014 4325; x_wconf 89' lang='lat' dir='ltr'>et</span> <span class='ocrx_word' id='word_1_429' title='bbox 1032 4291 1075 4338; x_wconf 91' lang='lat' dir='ltr'>per</span> <span class='ocrx_word' id='word_1_430' title='bbox 1093 4290 1137 4324; x_wconf 91' lang='lat' dir='ltr'>nos</span> <span class='ocrx_word' id='word_1_431' title='bbox 1156 4274 1248 4323; x_wconf 87' lang='lat' dir='ltr'>consuli</span> <span class='ocrx_word' id='word_1_432' title='bbox 1267 4284 1359 4336; x_wconf 89' lang='lat' dir='ltr'>posset.</span> <span class='ocrx_word' id='word_1_433' title='bbox 1397 4278 1465 4337; x_wconf 83' lang='lat' dir='ltr'>Quid</span> <span class='ocrx_word' id='word_1_434' title='bbox 1484 4298 1547 4333; x_wconf 74' lang='lat' dir='ltr'>sem</span> <span class='ocrx_word' id='word_1_435' title='bbox 1569 4287 1622 4336; x_wconf 62' lang='grc' dir='ltr'>ιιι.</span> 
     </span>
     <span class='ocr_line' id='line_1_45' title="bbox 244 4344 1624 4421; baseline 0 -19"><span class='ocrx_word' id='word_1_436' title='bbox 244 4352 343 4418; x_wconf 86' lang='lat' dir='ltr'>quando</span> <span class='ocrx_word' id='word_1_437' title='bbox 362 4356 393 4404; x_wconf 90' lang='lat' dir='ltr'>de</span> <span class='ocrx_word' id='word_1_438' title='bbox 411 4357 482 4405; x_wconf 88' lang='lat' dir='ltr'>nobls</span> <span class='ocrx_word' id='word_1_439' title='bbox 500 4372 596 4421; x_wconf 89' lang='lat' dir='ltr'>quoque</span> <span class='ocrx_word' id='word_1_440' title='bbox 614 4356 722 4405; x_wconf 84' lang='lat' dir='ltr'>futurum</span> <span class='ocrx_word' id='word_1_441' title='bbox 741 4354 787 4406; x_wconf 85' lang='lat' dir='ltr'>sit,</span> <span class='ocrx_word' id='word_1_442' title='bbox 808 4350 876 4397; x_wconf 88' lang='lat' dir='ltr'>Deus</span> <span class='ocrx_word' id='word_1_443' title='bbox 894 4348 969 4396; x_wconf 81' lang='lat' dir='ltr'>novit.</span> <span class='ocrx_word' id='word_1_444' title='bbox 1006 4344 1075 4394; x_wconf 87' lang='lat' dir='ltr'>lstud</span> <span class='ocrx_word' id='word_1_445' title='bbox 1094 4348 1201 4395; x_wconf 89' lang='lat' dir='ltr'>animum</span> <span class='ocrx_word' id='word_1_446' title='bbox 1220 4360 1302 4393; x_wconf 88' lang='lat' dir='ltr'>meum</span> <span class='ocrx_word' id='word_1_447' title='bbox 1319 4347 1483 4399; x_wconf 80' lang='lat' dir='ltr'>vehementer</span> <span class='ocrx_word' id='word_1_448' title='bbox 1501 4362 1624 4418; x_wconf 70' lang='lat' dir='ltr'>torquet,</span> 
     </span>
     <span class='ocr_line' id='line_1_46' title="bbox 241 4417 1622 4491; baseline 0.001 -19"><span class='ocrx_word' id='word_1_449' title='bbox 241 4423 307 4487; x_wconf 86' lang='lat' dir='ltr'>quud</span> <span class='ocrx_word' id='word_1_450' title='bbox 326 4427 411 4476; x_wconf 84' lang='lat' dir='ltr'>nullae</span> <span class='ocrx_word' id='word_1_451' title='bbox 430 4428 467 4477; x_wconf 86' lang='lat' dir='ltr'>rel</span> <span class='ocrx_word' id='word_1_452' title='bbox 486 4429 590 4478; x_wconf 84' lang='lat' dir='ltr'>rariores</span> <span class='ocrx_word' id='word_1_453' title='bbox 608 4442 651 4490; x_wconf 90' lang='lat' dir='ltr'>pro</span> <span class='ocrx_word' id='word_1_454' title='bbox 670 4423 829 4474; x_wconf 89' lang='lat' dir='ltr'>ecclesiarum</span> <span class='ocrx_word' id='word_1_455' title='bbox 849 4427 984 4466; x_wconf 83' lang='lat' dir='ltr'>vestrarum</span> <span class='ocrx_word' id='word_1_456' title='bbox 1004 4424 1071 4464; x_wconf 87' lang='lat' dir='ltr'>statu</span> <span class='ocrx_word' id='word_1_457' title='bbox 1084 4418 1195 4480; x_wconf 85' lang='lat' dir='ltr'>publicae</span> <span class='ocrx_word' id='word_1_458' title='bbox 1214 4430 1298 4478; x_wconf 83' lang='lat' dir='ltr'>preces</span> <span class='ocrx_word' id='word_1_459' title='bbox 1318 4417 1389 4466; x_wconf 82' lang='lat' dir='ltr'>frunt.</span> <span class='ocrx_word' id='word_1_460' title='bbox 1429 4420 1467 4471; x_wconf 86' lang='lat' dir='ltr'>lbi</span> <span class='ocrx_word' id='word_1_461' title='bbox 1487 4440 1622 4491; x_wconf 72' lang='lat' dir='ltr'>magnum</span> 
     </span>
     <span class='ocr_line' id='line_1_47' title="bbox 241 4486 1472 4562; baseline -0.004 -18"><span class='ocrx_word' id='word_1_462' title='bbox 241 4493 381 4552; x_wconf 69' lang='lat' dir='ltr'>etenum.</span> <span class='ocrx_word' id='word_1_463' title='bbox 401 4507 522 4562; x_wconf 87' lang='lat' dir='ltr'>tanquam</span> <span class='ocrx_word' id='word_1_464' title='bbox 540 4513 580 4548; x_wconf 87' lang='lat' dir='ltr'>res</span> <span class='ocrx_word' id='word_1_465' title='bbox 599 4512 684 4546; x_wconf 89' lang='lat' dir='ltr'>omnes</span> <span class='ocrx_word' id='word_1_466' title='bbox 704 4500 788 4542; x_wconf 87' lang='lat' dir='ltr'>esseut</span> <span class='ocrx_word' id='word_1_467' title='bbox 806 4497 921 4553; x_wconf 82' lang='lat' dir='ltr'>pacatae.</span> <span class='ocrx_word' id='word_1_468' title='bbox 960 4486 1080 4535; x_wconf 83' lang='lat' dir='ltr'>Dominus</span> <span class='ocrx_word' id='word_1_469' title='bbox 1098 4488 1219 4536; x_wconf 84' lang='lat' dir='ltr'>ecelesiae</span> <span class='ocrx_word' id='word_1_470' title='bbox 1237 4500 1297 4534; x_wconf 90' lang='lat' dir='ltr'>suae</span> <span class='ocrx_word' id='word_1_471' title='bbox 1315 4490 1472 4541; x_wconf 80' lang='lat' dir='ltr'>misereatur.</span> 
     </span>
    </p>
   </div>
   <div class='ocr_carea' id='block_1_4' title="bbox 318 4556 1625 4626">
    <p class='ocr_par' dir='ltr' id='par_1_19' title="bbox 318 4556 1625 4626">
     <span class='ocr_line' id='line_1_48' title="bbox 318 4556 1625 4626; baseline -0.005 -11"><span class='ocrx_word' id='word_1_472' title='bbox 318 4566 386 4626; x_wconf 89' lang='lat' dir='ltr'>Quid</span> <span class='ocrx_word' id='word_1_473' title='bbox 407 4570 450 4617; x_wconf 86' lang='lat' dir='ltr'>tibi</span> <span class='ocrx_word' id='word_1_474' title='bbox 470 4569 597 4618; x_wconf 85' lang='lat' dir='ltr'>consulam</span> <span class='ocrx_word' id='word_1_475' title='bbox 616 4582 673 4615; x_wconf 83' lang='lat' dir='ltr'>rere</span> <span class='ocrx_word' id='word_1_476' title='bbox 687 4580 735 4613; x_wconf 91' lang='lat' dir='ltr'>non</span> <span class='ocrx_word' id='word_1_477' title='bbox 755 4562 841 4610; x_wconf 86' lang='lat' dir='ltr'>habeo.</span> <span class='ocrx_word' id='word_1_478' title='bbox 869 4559 934 4617; x_wconf 88' lang='lat' dir='ltr'>Quid</span> <span class='ocrx_word' id='word_1_479' title='bbox 948 4556 1129 4620; x_wconf 72' lang='lat' dir='ltr'>Prassae‘apud</span> <span class='ocrx_word' id='word_1_480' title='bbox 1142 4557 1274 4604; x_wconf 83' lang='lat' dir='ltr'>Caesarem</span> <span class='ocrx_word' id='word_1_481' title='bbox 1293 4568 1427 4619; x_wconf 84' lang='lat' dir='ltr'>expectare</span> <span class='ocrx_word' id='word_1_482' title='bbox 1447 4568 1540 4626; x_wconf 58' lang='lat' dir='ltr'>ponis,</span> <span class='ocrx_word' id='word_1_483' title='bbox 1561 4578 1625 4624; x_wconf 55' lang='grc' dir='ltr'>ιρι,</span> 
     </span>
    </p>
   </div>
   <div class='ocr_carea' id='block_1_5' title="bbox 137 4626 1624 4703">
    <p class='ocr_par' dir='ltr' id='par_1_20' title="bbox 137 4626 1624 4703">
     <span class='ocr_line' id='line_1_49' title="bbox 137 4626 1624 4703; baseline 0.007 -24"><span class='ocrx_word' id='word_1_484' title='bbox 137 4661 142 4679; x_wconf 85' lang='grc'><strong>.</strong></span> <span class='ocrx_word' id='word_1_485' title='bbox 242 4637 342 4688; x_wconf 65' lang='lat' dir='ltr'>annm.</span> <span class='ocrx_word' id='word_1_486' title='bbox 368 4641 475 4703; x_wconf 74' lang='lat' dir='ltr'>vestigia</span> <span class='ocrx_word' id='word_1_487' title='bbox 499 4641 558 4689; x_wconf 87' lang='lat' dir='ltr'>dum</span> <span class='ocrx_word' id='word_1_488' title='bbox 577 4648 603 4687; x_wconf 89' lang='lat' dir='ltr'>te</span> <span class='ocrx_word' id='word_1_489' title='bbox 622 4642 716 4686; x_wconf 88' lang='lat' dir='ltr'>terrent</span> <span class='ocrx_word' id='word_1_490' title='bbox 735 4632 819 4694; x_wconf 87' lang='lat' dir='ltr'>ampla</span> <span class='ocrx_word' id='word_1_491' title='bbox 836 4629 929 4678; x_wconf 87' lang='lat' dir='ltr'>salaria</span> <span class='ocrx_word' id='word_1_492' title='bbox 948 4630 1142 4690; x_wconf 82' lang='lat' dir='ltr'>exspectantium</span> <span class='ocrx_word' id='word_1_493' title='bbox 1161 4636 1189 4676; x_wconf 87' lang='lat' dir='ltr'>at</span> <span class='ocrx_word' id='word_1_494' title='bbox 1206 4628 1245 4674; x_wconf 81' lang='lat' dir='ltr'>rix</span> <span class='ocrx_word' id='word_1_495' title='bbox 1258 4626 1386 4678; x_wconf 84' lang='lat' dir='ltr'>dimidium</span> <span class='ocrx_word' id='word_1_496' title='bbox 1399 4640 1624 4699; x_wconf 76' lang='lat' dir='ltr'>extorquentium.</span> 
     </span>
    </p>
   </div>
   <div class='ocr_carea' id='block_1_6' title="bbox 243 4699 1626 4986">
    <p class='ocr_par' dir='ltr' id='par_1_21' title="bbox 243 4699 1626 4986">
     <span class='ocr_line' id='line_1_50' title="bbox 244 4699 1626 4764; baseline 0.002 -8"><span class='ocrx_word' id='word_1_497' title='bbox 244 4705 271 4756; x_wconf 82' lang='lat' dir='ltr'>iit</span> <span class='ocrx_word' id='word_1_498' title='bbox 291 4710 433 4760; x_wconf 79' lang='lat' dir='ltr'>medicinae</span> <span class='ocrx_word' id='word_1_499' title='bbox 452 4725 549 4760; x_wconf 80' lang='lat' dir='ltr'>cursum</span> <span class='ocrx_word' id='word_1_500' title='bbox 569 4710 715 4757; x_wconf 85' lang='lat' dir='ltr'>continuare</span> <span class='ocrx_word' id='word_1_501' title='bbox 734 4701 815 4756; x_wconf 81' lang='lat' dir='ltr'>soles.</span> <span class='ocrx_word' id='word_1_502' title='bbox 834 4699 902 4749; x_wconf 67' lang='lat' dir='ltr'>lotus</span> <span class='ocrx_word' id='word_1_503' title='bbox 921 4711 983 4745; x_wconf 76' lang='lat'>⁸¹⁰0</span> <span class='ocrx_word' id='word_1_504' title='bbox 1004 4699 1070 4760; x_wconf 63' lang='lat' dir='ltr'>titud</span> <span class='ocrx_word' id='word_1_505' title='bbox 1089 4713 1133 4746; x_wconf 79' lang='lat' dir='ltr'>nos</span> <span class='ocrx_word' id='word_1_506' title='bbox 1151 4706 1229 4751; x_wconf 62' lang='lat' dir='ltr'>essen</span> <span class='ocrx_word' id='word_1_507' title='bbox 1248 4711 1331 4745; x_wconf 79' lang='lat' dir='ltr'>verum</span> <span class='ocrx_word' id='word_1_508' title='bbox 1350 4699 1382 4749; x_wconf 89' lang='lat' dir='ltr'>de</span> <span class='ocrx_word' id='word_1_509' title='bbox 1396 4703 1556 4764; x_wconf 86' lang='lat' dir='ltr'>professione</span> <span class='ocrx_word' id='word_1_510' title='bbox 1571 4723 1626 4764; x_wconf 83' lang='lat' dir='ltr'>aut</span> 
     </span>
     <span class='ocr_line' id='line_1_51' title="bbox 244 4766 1626 4845; baseline -0.007 -18"><span class='ocrx_word' id='word_1_511' title='bbox 244 4779 441 4842; x_wconf 80' lang='lat' dir='ltr'>professiuncula</span> <span class='ocrx_word' id='word_1_512' title='bbox 460 4796 506 4845; x_wconf 68' lang='lat' dir='ltr'>ego</span> <span class='ocrx_word' id='word_1_513' title='bbox 525 4779 634 4842; x_wconf 84' lang='lat' dir='ltr'>profecto</span> <span class='ocrx_word' id='word_1_514' title='bbox 647 4776 706 4825; x_wconf 87' lang='lat' dir='ltr'>nihil</span> <span class='ocrx_word' id='word_1_515' title='bbox 720 4772 828 4837; x_wconf 87' lang='lat' dir='ltr'>polliceri</span> <span class='ocrx_word' id='word_1_516' title='bbox 847 4783 955 4833; x_wconf 82' lang='lat' dir='ltr'>possum.</span> <span class='ocrx_word' id='word_1_517' title='bbox 993 4766 1069 4817; x_wconf 79' lang='lat' dir='ltr'>Nulla</span> <span class='ocrx_word' id='word_1_518' title='bbox 1088 4783 1111 4816; x_wconf 91' lang='lat' dir='ltr'>n.</span> <span class='ocrx_word' id='word_1_519' title='bbox 1123 4768 1189 4831; x_wconf 91' lang='lat' dir='ltr'>apud</span> <span class='ocrx_word' id='word_1_520' title='bbox 1207 4781 1252 4815; x_wconf 88' lang='lat' dir='ltr'>nos</span> <span class='ocrx_word' id='word_1_521' title='bbox 1270 4776 1352 4823; x_wconf 77' lang='lat' dir='ltr'>vacat,</span> <span class='ocrx_word' id='word_1_522' title='bbox 1372 4786 1429 4827; x_wconf 83' lang='lat' dir='ltr'>uec,</span> <span class='ocrx_word' id='word_1_523' title='bbox 1449 4779 1519 4839; x_wconf 73' lang='lat' dir='ltr'>quod</span> <span class='ocrx_word' id='word_1_524' title='bbox 1540 4783 1626 4837; x_wconf 53' lang='grc' dir='ltr'>[κῃ.</span> 
     </span>
     <span class='ocr_line' id='line_1_52' title="bbox 244 4837 1624 4919; baseline -0.005 -20"><span class='ocrx_word' id='word_1_525' title='bbox 244 4850 367 4909; x_wconf 74' lang='lat' dir='ltr'>coniicere</span> <span class='ocrx_word' id='word_1_526' title='bbox 387 4860 468 4914; x_wconf 84' lang='lat' dir='ltr'>potes.</span> <span class='ocrx_word' id='word_1_527' title='bbox 500 4852 629 4915; x_wconf 85' lang='lat' dir='ltr'>quisquam</span> <span class='ocrx_word' id='word_1_528' title='bbox 654 4847 760 4894; x_wconf 88' lang='lat' dir='ltr'>libenter</span> <span class='ocrx_word' id='word_1_529' title='bbox 778 4841 851 4889; x_wconf 84' lang='lat' dir='ltr'>cedit</span> <span class='ocrx_word' id='word_1_530' title='bbox 890 4837 1106 4888; x_wconf 83' lang='lat' dir='ltr'>Estraordiuariee</span> <span class='ocrx_word' id='word_1_531' title='bbox 1125 4838 1190 4901; x_wconf 88' lang='lat' dir='ltr'>apud</span> <span class='ocrx_word' id='word_1_532' title='bbox 1212 4852 1257 4886; x_wconf 87' lang='lat' dir='ltr'>uos</span> <span class='ocrx_word' id='word_1_533' title='bbox 1276 4838 1359 4889; x_wconf 83' lang='lat' dir='ltr'>nullae</span> <span class='ocrx_word' id='word_1_534' title='bbox 1377 4851 1453 4900; x_wconf 87' lang='lat' dir='ltr'>sunt,</span> <span class='ocrx_word' id='word_1_535' title='bbox 1482 4852 1546 4912; x_wconf 64' lang='lat' dir='ltr'>quis</span> <span class='ocrx_word' id='word_1_536' title='bbox 1576 4859 1624 4919; x_wconf 61' lang='lat' dir='ltr'>quq</span> 
     </span>
     <span class='ocr_line' id='line_1_53' title="bbox 243 4906 1624 4986; baseline -0.006 -18"><span class='ocrx_word' id='word_1_537' title='bbox 243 4921 465 4971; x_wconf 79' lang='lat' dir='ltr'>satramdinarium</span> <span class='ocrx_word' id='word_1_538' title='bbox 483 4921 602 4970; x_wconf 85' lang='lat' dir='ltr'>salarium</span> <span class='ocrx_word' id='word_1_539' title='bbox 616 4923 738 4967; x_wconf 80' lang='lat' dir='ltr'>numeret,</span> <span class='ocrx_word' id='word_1_540' title='bbox 757 4927 830 4960; x_wconf 82' lang='lat' dir='ltr'>nemo</span> <span class='ocrx_word' id='word_1_541' title='bbox 848 4919 894 4959; x_wconf 84' lang='lat' dir='ltr'>est.</span> <span class='ocrx_word' id='word_1_542' title='bbox 921 4908 1005 4970; x_wconf 87' lang='lat' dir='ltr'>Quare</span> <span class='ocrx_word' id='word_1_543' title='bbox 1018 4910 1074 4973; x_wconf 86' lang='lat' dir='ltr'>quid</span> <span class='ocrx_word' id='word_1_544' title='bbox 1093 4911 1117 4958; x_wconf 91' lang='lat' dir='ltr'>iu</span> <span class='ocrx_word' id='word_1_545' title='bbox 1136 4908 1173 4957; x_wconf 84' lang='lat' dir='ltr'>bis</span> <span class='ocrx_word' id='word_1_546' title='bbox 1187 4906 1374 4957; x_wconf 86' lang='lat' dir='ltr'>difficultatibus</span> <span class='ocrx_word' id='word_1_547' title='bbox 1394 4917 1538 4975; x_wconf 56' lang='lat' dir='ltr'>consulum,</span> <span class='ocrx_word' id='word_1_548' title='bbox 1558 4939 1624 4986; x_wconf 59' lang='lat' dir='ltr'>m.</span> 
     </span>
    </p>
   </div>
   <div class='ocr_carea' id='block_1_7' title="bbox 243 4979 1626 5049">
    <p class='ocr_par' dir='ltr' id='par_1_22' title="bbox 243 4979 1626 5049">
     <span class='ocr_line' id='line_1_54' title="bbox 243 4979 1626 5049; baseline -0.017 -6"><span class='ocrx_word' id='word_1_549' title='bbox 243 4990 311 5042; x_wconf 67' lang='lat' dir='ltr'>hete</span> <span class='ocrx_word' id='word_1_550' title='bbox 329 5006 378 5042; x_wconf 81' lang='lat' dir='ltr'>aas</span> <span class='ocrx_word' id='word_1_551' title='bbox 396 4991 484 5045; x_wconf 66' lang='lat' dir='ltr'>hbeo</span> <span class='ocrx_word' id='word_1_552' title='bbox 524 4990 607 5042; x_wconf 82' lang='lat' dir='ltr'>Unum</span> <span class='ocrx_word' id='word_1_553' title='bbox 625 4988 686 5041; x_wconf 77' lang='lat' dir='ltr'>boc.</span> <span class='ocrx_word' id='word_1_554' title='bbox 705 4982 770 5049; x_wconf 86' lang='lat' dir='ltr'>quod</span> <span class='ocrx_word' id='word_1_555' title='bbox 789 4984 815 5031; x_wconf 88' lang='lat' dir='ltr'>in</span> <span class='ocrx_word' id='word_1_556' title='bbox 834 4979 1015 5044; x_wconf 57' lang='lat' dir='ltr'>&amp;espistolae</span> <span class='ocrx_word' id='word_1_557' title='bbox 1034 4988 1093 5032; x_wconf 85' lang='lat' dir='ltr'>tuae</span> <span class='ocrx_word' id='word_1_558' title='bbox 1106 4981 1212 5045; x_wconf 87' lang='lat' dir='ltr'>petiaut</span> <span class='ocrx_word' id='word_1_559' title='bbox 1229 4992 1272 5039; x_wconf 84' lang='lat' dir='ltr'>pru</span> <span class='ocrx_word' id='word_1_560' title='bbox 1290 4983 1428 5045; x_wconf 59' lang='lat' dir='ltr'>uenisque</span> <span class='ocrx_word' id='word_1_561' title='bbox 1446 5002 1528 5047; x_wconf 45' lang='lat' dir='ltr'>(m,</span> <span class='ocrx_word' id='word_1_562' title='bbox 1549 4996 1626 5047; x_wconf 58' lang='lat' dir='ltr'>Mo</span> 
     </span>
    </p>
   </div>
   <div class='ocr_carea' id='block_1_8' title="bbox 0 0 1861 5842">
    <p class='ocr_par' dir='ltr' id='par_1_23' title="bbox 0 0 1861 5842">
     <span class='ocr_line' id='line_1_55' title="bbox 0 0 1861 5842; baseline 0 0"><span class='ocrx_word' id='word_1_563' title='bbox 0 0 1861 5842; x_wconf 95' lang='lat' dir='ltr'> </span> 
     </span>
    </p>
   </div>
  </div>
 </body>
</html>
