3692 5842
708 469 741 524 da
757 472 831 525 robae
850 470 953 540 opaea
1050 507 1054 512 ·
1354 522 1356 525 ,
1492 463 1515 537 0

163 667 225 711 eom
247 647 375 728 primum
392 646 480 726 Lana
503 646 617 712 aSolis
641 648 706 711 loco
721 667 793 712 vero
808 649 992 729 digreditur,
1017 656 1088 731 post
1110 648 1252 723 velocius,
1278 658 1411 730 tempore
1435 648 1517 713 inter

163 738 396 815 conjunctionem
430 746 462 799 et
495 738 707 818 quadraturam
737 739 929 813 intermedio,
964 740 1090 818 deniqne
1109 739 1216 801 iterum
1241 740 1341 811 tarde,
1376 740 1462 800 Luna
1485 738 1513 800 ia

163 827 372 905 quadraturam
397 825 591 900 adventante,
617 846 637 889 a
660 846 718 907 quo
740 837 877 908 tempore
892 847 985 908 usque
1010 828 1038 889 in
1063 828 1282 908 oppositionem
1305 845 1406 889 veram
1430 826 1513 890 redi-

163 915 205 977 bit
226 924 369 994 punctum
381 913 467 983 uiam
491 916 616 978 eandem
639 917 802 997 eademque
827 918 892 997 lege
916 916 1031 978 aDin
1056 915 1091 979 C.

246 1005 292 1066 At
314 1004 344 1065 in
367 1003 523 1085 praesenti
537 1004 654 1066 calculo
668 1005 746 1067 viam
762 1006 853 1068 aliam
869 1025 926 1085 ego
947 1013 1069 1068 secutus
1085 1024 1164 1079 sum,
1189 1004 1246 1067 hac
1269 1014 1370 1067 motus
1384 1004 1513 1068 ratione.

247 1093 373 1154 Praeter
406 1100 454 1154 tot
479 1092 544 1172 jam
575 1094 676 1155 dictas
705 1095 809 1156 Lanae
840 1095 1090 1173 inaequalitates,
1123 1092 1230 1174 quibus
1262 1094 1339 1155 alios
1373 1095 1515 1173 planetas

163 1190 297 1261 superat,
327 1182 491 1245 affirmavit
513 1182 618 1263 Tycho
642 1191 674 1243 et
701 1182 792 1245 aliam
822 1184 931 1255 latere,
964 1205 1023 1264 qua
1051 1184 1103 1245 liat
1133 1191 1166 1245 ut
1189 1182 1289 1252 Luna,
1322 1203 1388 1245 curn
1412 1178 1474 1246 115⁰
1496 1202 1516 1243 a

163 1271 231 1332 Sole
256 1272 302 1331 vel
329 1270 393 1350 ejus
412 1271 553 1351 opposito
577 1271 716 1346 recessit,
749 1267 804 1335 46¹
828 1273 896 1352 plus
921 1269 1034 1334 hab'eat
1056 1272 1084 1333 in
1110 1280 1206 1339 rnatu,
1231 1289 1320 1349 quarn
1343 1272 1400 1333 hac
1425 1272 1514 1333 modo

164 1360 241 1420 dicta
275 1358 434 1421 libratione
459 1357 669 1440 Copornicana
700 1361 805 1423 confici
836 1362 943 1440 possit.
993 1360 1068 1423 Cum
1099 1379 1171 1439 ergo
1201 1360 1384 1427 incrementa
1406 1360 1512 1421 statim

164 1458 230 1527 post
253 1448 496 1527 conjunctionem
519 1448 651 1510 debeant
664 1468 732 1511 esse
747 1450 867 1517 celeria,
892 1458 926 1512 ut
949 1450 1036 1512 Luna
1059 1449 1185 1512 ulterius
1200 1457 1420 1528 promoveatur,
1446 1457 1514 1509 sta-

164 1536 304 1598 tuendum
326 1535 420 1616 igitur
443 1536 515 1611 erit,
544 1556 702 1600 ascensum
726 1538 828 1618 puncti
852 1539 1046 1618 aequalitatis
1070 1539 1151 1619 apud
1172 1548 1315 1617 punctum
1339 1536 1364 1601 O
1388 1536 1514 1598 celerri-

164 1645 238 1687 mum
263 1644 346 1700 esse,
366 1645 425 1688 non
450 1626 514 1687 loco
539 1627 656 1688 demum
679 1627 855 1690 intermedio
876 1627 954 1689 inter
969 1627 1035 1690 01).
1073 1625 1175 1698 Quare
1189 1636 1293 1688 centro
1308 1624 1344 1699 C,
1369 1624 1517 1687 distantia

163 1713 226 1788 Cli,
251 1733 289 1774 cr
304 1714 332 1775 D
347 1714 435 1776 eduxi
460 1715 666 1795 quadrantem,
691 1737 710 1776 a
733 1716 817 1794 cujus
841 1717 900 1778 imo
926 1717 954 1777 in
969 1718 998 1778 D
1014 1716 1160 1778 numerati
1184 1716 1295 1795 gradus
1319 1714 1515 1794 digressionis

163 1805 265 1865 Lunae
280 1822 300 1863 a
317 1821 389 1863 vero
413 1803 480 1865 loco
494 1804 575 1865 Solis
590 1823 644 1884 per
667 1804 782 1866 sinuum
807 1805 972 1866 doctrinam
997 1805 1163 1884 portionem
1186 1804 1330 1866 exhibent
1345 1803 1513 1865 addendam

161 1895 196 1953 ad
213 1889 282 1965 Bc,
306 1899 340 1952 ut
358 1892 505 1954 habeatur
520 1893 654 1973 quolibet
667 1901 817 1955 momento
835 1894 920 1972 justa
934 1895 1035 1974 puncti
1051 1893 1246 1974 aequalitatis
1269 1914 1288 1954 a
1307 1900 1409 1955 centro
1434 1891 1515 1955 orbis

161 1982 264 2043 Lnnae
288 1980 314 2040 B
339 1981 496 2042 distantia.

249 2069 315 2132 Hac
338 2089 463 2131 usnam
434 2071 576 2133 methodo
600 2069 849 2132 inveniolunam
874 2080 945 2132 ante
961 2071 1201 2172 conjunctionem
1225 2088 1327 2133 veram
1351 2068 1514 2130 tardiorem

160 2158 236 2220 effici
261 2147 461 2231 sensibilitessr
486 2179 575 2239 quam
598 2168 670 2239 post
692 2159 941 2239 conjunctionem
979 2161 1013 2223 ld
1038 2179 1139 2222 verum
1164 2158 1206 2221 sit
1229 2178 1284 2220 nec
1308 2178 1360 2234 ne,
1386 2157 1515 2236 diligens

159 2248 309 2329 eclipseos
333 2246 506 2310 observatio
530 2248 702 2310 testabitur

249 2335 471 2412 Latitudinem,
496 2338 553 2398 etsi
578 2337 652 2399 hacc
676 2356 897 2417 quaqueusque
922 2338 951 2399 in
967 2337 1166 2417 quadraturas
1183 2334 1236 2400 20¹
1252 2343 1388 2416 augetur,
1413 2334 1513 2397 intac-

158 2438 221 2489 tam
246 2434 346 2487 tamen
370 2425 493 2506 reliqui,
518 2445 553 2487 eo
578 2428 655 2506 qnod
679 2426 768 2488 valde
783 2428 892 2506 exigua
915 2426 1013 2506 portio
1033 2435 1103 2488 ante
1127 2434 1253 2507 etpost
1276 2425 1514 2505 conjunctionem

158 2535 261 2576 ceram
287 2514 396 2576 fuisset
420 2515 569 2578 addenda.
616 2516 720 2595 Neque
744 2536 817 2578 sane
841 2517 916 2578 adeo
937 2526 1051 2579 certam
1075 2517 1170 2578 habeo
1194 2537 1213 2576 a
1228 2515 1370 2596 Tychone
1394 2515 1431 2575 de
1456 2512 1512 2575 hoo

158 2603 365 2665 traditionem.

251 2691 339 2762 Quod
364 2711 436 2755 vero
461 2692 606 2772 imprimis
630 2711 683 2773 per
707 2692 828 2774 eclipsis
853 2695 970 2757 futurae
986 2693 1226 2757 observationem
1251 2693 1409 2772 explorare
1434 2688 1516 2750 desi-

159 2785 253 2855 dero,
279 2791 328 2841 est
352 2781 457 2843 mirum
482 2782 632 2863 Tycbonis
656 2783 836 2844 affirmatum
862 2784 898 2845 de
922 2782 1077 2846 diametris
1102 2782 1300 2843 luminarium.
1348 2780 1427 2842 Nam
1451 2797 1516 2839 rne-

160 2873 295 2933 diocrem
316 2870 419 2931 Lunae
444 2871 622 2934 diametrum
648 2871 720 2933 facit
744 2868 807 2947 34⁴,
832 2873 896 2934 at'
889 2893 917 2935 m
942 2871 1198 2953 conjunctionibus
1222 2871 1325 2952 quinta
1348 2876 1436 2950 parte
1460 2867 1517 2929 mi-

160 2979 265 3022 norem
290 2978 437 3040 apparere
461 2962 594 3023 affirmat
618 2980 705 3042 qnam
728 2961 756 3022 in
777 2961 1031 3040 oppositionibus,
1055 2961 1174 3041 aequali
1188 2961 1336 3060 utrimque
1361 2956 1516 3019 distantia.
1593 2981 1597 2989 ¹

163 3047 298 3111 Causam
322 3048 542 3129 suspicionibus
567 3048 776 3130 quibusdam
767 3070 797 3112 rn
814 3050 1001 3114 diffusionem
1021 3050 1139 3112 luminis
1154 3071 1173 3111 a
1186 3047 1289 3113 Sole
1281 3066 1310 3108 rn
1330 3045 1519 3129 oppositione

162 3136 294 3200 mutuati
316 3137 441 3200 confert.

249 3225 376 3288 Scilicet
390 3227 504 3301 Lunae,
530 3224 685 3307 quominus
709 3225 857 3330 dantlur
880 3226 939 3288 dici
962 3234 1077 3312 posset,
1103 3225 1157 3288 def
1154 3233 1272 3288 uturum
1296 3224 1353 3288 hoc
1377 3231 1456 3294 crat,
1492 3220 1519 3284 si

160 3335 219 3378 noa
244 3322 278 3377 et
301 3333 395 3395 vapor
418 3314 538 3395 quidam
569 3314 676 3377 similis
707 3316 770 3377 aeri
800 3325 905 3378 nostro
935 3316 1234 3388 circumfunderetur,
1269 3315 1297 3376 in
1327 3332 1414 3393 quem
1441 3310 1519 3373 inci·

160 3406 236 3466 dens
252 3402 334 3466 Solia
358 3403 459 3465 radius
483 3404 650 3466 clarissime
673 3405 946 3486 resplendesceret,
972 3414 1005 3468 ut
1028 3423 1136 3485 corpus
1151 3405 1255 3466 Lunae
1280 3424 1299 3464 a
1321 3421 1434 3481 raporc
1458 3401 1519 3461 cir-

122 3570 124 3572 g
160 3494 297 3555 cumfuse
321 3492 397 3554 lucis
421 3491 560 3555 claritate
585 3494 713 3558 discerni
738 3501 878 3574 nequeat.

250 3581 387 3661 Denique
412 3591 448 3643 de
472 3582 540 3663 qaid
565 3583 604 3644 ad
628 3583 775 3663 eclipseos
791 3582 1023 3662 descriptionem
1047 3583 1160 3644 iaciens
1185 3580 1401 3660 inexplicatum
1424 3574 1519 3639 relin-

160 3690 266 3753 quam,
301 3671 459 3732 dicendum
488 3679 589 3733 estet
614 3672 650 3733 de
674 3671 818 3753 temporis
849 3672 1044 3752 aequatione,
1077 3690 1151 3732 sane
1174 3669 1244 3751 quia
1268 3688 1303 3731 ne
1329 3668 1376 3729 hic
1401 3667 1519 3747 quidem

160 3763 250 3823 deest
273 3761 351 3840 quod
377 3759 502 3822 mireris.

253 3847 362 3911 Solent
385 3850 478 3910 ceteri
498 3851 662 3912 astronomi
688 3866 745 3910 non
771 3847 958 3929 experientia
982 3848 1036 3909 sed
1061 3847 1176 3910 ratione
1191 3846 1293 3908 moniti
1310 3844 1425 3927 optima
1440 3852 1520 3907 tem·

161 3958 218 4021 pus
244 3956 374 4018 aequare
398 3946 521 4017 propter
536 3939 611 3999 duas
626 3958 749 4010 causas,
775 3938 871 4018 primo
890 3947 1015 4017 propter
1041 3937 1214 4016 inaequales
1234 3934 1362 4016 partium
1386 3931 1521 4013 signiferi

162 4027 358 4088 ascensiones
393 4035 507 4101 rectas,
542 4028 649 4089 deinde
674 4034 798 4107 propter
828 4036 926 4087 rrrotus
951 4027 1032 4087 Solis
1057 4026 1179 4087 diurnos
1203 4025 1387 4105 inaequales.
1435 4023 1520 4083 llanc

163 4117 364 4219 posteriorem
380 4116 482 4197 Tycho
506 4117 648 4196 negligit,
674 4136 798 4178 causam
823 4118 951 4178 afferens
975 4115 1204 4217 experientiam,
1229 4134 1287 4193 qua
1311 4112 1520 4192 deprehenda-
1595 4145 1602 4152 -

163 4218 211 4268 tnr
240 4206 269 4266 in
301 4205 462 4266 collatione
486 4205 640 4284 eclipsium
664 4204 858 4285 aequalitatis
882 4205 1028 4267 rationem
1054 4204 1119 4265 iniri
1149 4223 1205 4263 non
1237 4222 1344 4282 posse,
1378 4201 1434 4262 nisi
1469 4208 1521 4260 aut

162 4295 240 4356 baec
264 4293 436 4373 negligatur
460 4294 612 4373 aequatio,
647 4303 700 4357 aut
732 4314 848 4356 annuus
871 4294 1008 4355 circellus
1033 4300 1080 4355 tot
1104 4292 1244 4374 epicyclis
1269 4291 1409 4353 Lunae
1401 4306 1523 4367 insuper

164 4383 334 4463 adjiciatur.
374 4382 481 4462 ltaque
504 4383 573 4444 dum
598 4392 717 4446 aestate
741 4392 822 4446 motu
846 4384 951 4445 diurno
975 4383 1012 4443 de
1035 4382 1159 4443 zodiaco
1184 4373 1519 4462 volturrtur360⁰57‘,

164 4467 533 4543 lriemever036101‘,
568 4482 692 4554 utroque
730 4472 872 4554 temporis
897 4472 997 4552 spatio
1027 4470 1207 4552 inaequali
1200 4491 1228 4531 m
1254 4470 1340 4531 Luna
1363 4468 1524 4528 decurrent
1634 4541 1635 4544 Ἴ

167 4558 229 4625 12⁰
254 4558 380 4624 11’27”
404 4561 581 4641 aequaliter.
629 4561 732 4634 Quare
765 4572 817 4623 aut
844 4562 940 4642 primo
969 4561 1071 4623 mobili
1097 4579 1196 4622 annua
1218 4560 1298 4619 inest
1322 4555 1522 4637 inaequalitas

165 4661 197 4713 et
220 4658 379 4731 respectus
403 4648 499 4724 Solis,
531 4662 582 4712 ant
607 4651 710 4713 Lunae
736 4659 834 4713 motus
857 4670 961 4712 omnes
981 4669 1035 4731 pro
1060 4650 1176 4710 ratione
1200 4666 1342 4709 accessus
1365 4656 1397 4707 et
1421 4664 1523 4707 reces-

165 4759 218 4802 ans
244 4740 327 4802 Solis
351 4739 479 4801 aTerra
503 4751 535 4801 et
558 4740 630 4801 orbe
645 4740 748 4801 Lunae
774 4742 819 4801 rel
846 4741 1017 4800 lentescunt
1041 4738 1088 4798 rel
1112 4738 1315 4798 intenduntur.
1351 4736 1522 4816 Argumen-

166 4838 230 4891 tum
247 4830 364 4910 ingens,
390 4837 443 4890 ant
461 4829 565 4890 Lunae
591 4836 689 4890 motus
713 4847 751 4890 ex
765 4828 847 4890 Solis
866 4828 978 4890 virtute
1002 4826 1150 4909 proticisci
1175 4835 1206 4886 et
1229 4825 1353 4907 physice
1375 4826 1522 4905 inaequa-

166 4920 321 4993 lacesse,
356 4918 434 4995 qnod
470 4918 662 4979 nebarnenter
694 4917 836 4979 abhorret
860 4918 983 4995 Tycha:
1017 4925 1071 4977 aut
1100 4915 1226 4995 primunr
1256 4924 1367 4977 motum
1392 4912 1521 4977 Telluris

166 5009 320 5072 volutione
344 5005 471 5069 diversis
499 5006 685 5088 temporibus
717 5004 900 5088 inaequabili
931 5004 1153 5079 administrari,
1188 5015 1278 5086 prout
1299 5004 1353 5068 Sol
1376 5010 1407 5066 et
1426 5003 1524 5063 -Te'rra
