3692 5842
830 495 912 559 ctum
929 493 1016 546 XXI&
1534 490 1597 558 733
1702 571 1704 576 4

248 693 339 757 quam
363 675 389 736 si
412 693 519 736 novam
552 681 666 735 sectam
696 675 865 734 suaderent.
911 672 1053 734 Krabbus
1077 671 1155 733 dixit
1181 672 1286 733 eadem
1316 672 1353 733 de
1381 671 1496 733 oritura
1525 670 1599 733 reli-

248 765 339 845 gione
361 762 477 839 media,
502 762 556 825 sed
580 763 675 824 oculis
697 782 717 823 a
739 762 823 823 coelo
847 762 877 823 in
900 762 1016 840 Regem
1039 761 1167 841 aliquem
1190 761 1330 842 Europae
1353 762 1441 843 inque
1464 779 1599 823 rumores

248 853 411 916 nonnullus
435 853 550 914 aulicos
573 850 707 913 retortis.

337 942 523 1003 Mutationes
546 941 723 1020 contingent
744 958 802 1001 non
827 940 1030 1019 spernendae,
1060 936 1289 1018 magistratibus
1312 938 1360 1000 his
1383 937 1599 1012 intermortuis,

247 1031 312 1094 illis
327 1030 465 1092 diversae
479 1030 680 1111 professionis
702 1028 932 1090 succedentibus
948 1047 1078 1108 suasque
1095 1047 1195 1090 secum
1212 1028 1400 1090 trahentibus
1417 1026 1600 1108 provincias,

247 1128 378 1202 atquae
401 1119 485 1199 prius
508 1119 580 1180 illae
604 1118 772 1180 didicerant
795 1118 1020 1179 deducentibus.
1088 1176 1093 1183 .

276 1281 279 1288 Ι
335 1210 420 1271 Haec
444 1208 543 1269 omnia
566 1210 610 1269 sic
633 1207 710 1282 dieo,
733 1216 767 1268 ut
789 1206 881 1286 isqui
905 1206 1002 1267 sulam
1017 1213 1156 1267 naturam
1172 1206 1313 1269 intuetur.
1338 1206 1462 1268 Interim
1476 1205 1596 1267 divinas

243 1298 455 1380 providentiae
482 1317 543 1359 uon
576 1317 640 1359 sum
668 1287 836 1359 immemor:
871 1314 947 1375 quae
971 1296 997 1356 si
1020 1302 1128 1357 natura
1150 1295 1298 1356 interdum
1321 1291 1432 1370 utitur,
1455 1303 1490 1356 ut
1510 1305 1601 1376 qu'am

246 1388 351 1469 ipsam.
368 1386 518 1467 providit,
542 1397 575 1448 at
598 1394 679 1448 certe
703 1408 722 1446 a
744 1393 852 1448 natura
874 1404 934 1446 nun
958 1384 1069 1465 accipit
1090 1384 1184 1464 leges,
1207 1404 1322 1465 poenas
1340 1384 1600 1448 misericordiam-

247 1497 306 1559 que
331 1495 417 1537 suam
441 1476 518 1537 inter
542 1476 668 1557 eosqui
691 1476 832 1554 placuere
856 1473 1060 1562 dispensandi.

336 1567 505 1627 Turoamm
535 1566 654 1646 quidem
685 1564 840 1644 lmperium
869 1582 969 1624 rerum
999 1562 1206 1642 intelligentes
1236 1562 1362 1626 multum
1393 1564 1430 1624 de
1461 1562 1600 1642 pristinis

246 1653 365 1716 viribus
388 1653 595 1734 deperdidisse
619 1653 811 1727 existimant3
841 1671 897 1714 neu
924 1672 993 1713 esse
1022 1651 1222 1731 impossibile,
1253 1652 1328 1714 illud
1358 1651 1600 1732 conspirantibus

246 1744 318 1805 inde
341 1745 503 1805 Persarum
527 1744 596 1804 hinc
620 1742 861 1806 Christianorum
885 1742 999 1803 ritibus
1022 1741 1128 1814 everti,
1156 1742 1182 1802 si
1205 1741 1320 1804 nostris
1343 1760 1398 1803 nus
1420 1740 1534 1803 viribus
1557 1740 1601 1804 uti

246 1833 498 1912 majestatemque
520 1833 680 1912 pmdentia
702 1840 880 1934 temperare·
893 1849 1062 1911 pergamus.
1110 1831 1214 1913 Itaque
1242 1831 1291 1893 hic
1323 1849 1377 1910 per
1400 1829 1583 1891 accidens'‘
1563 1850 1601 1891 us

247 1921 418 1995 assentior,
452 1920 501 2003 qui
522 1941 570 1981 ex
593 1922 686 1982 astris
708 1921 785 1981 illi
778 1919 902 2000 rmperio
925 1920 1101 1981 minitantur
1125 1919 1286 1982 interitum.
1334 1919 1384 1981 llli
1411 1919 1531 2001 quidem
1561 1919 1601 1980 ad

246 2011 338 2073 inane
362 2010 441 2089 iguis
464 2028 579 2071 numen
596 2009 770 2091 respiciunt,
794 2009 1018 2083 existimantes,
1043 2026 1109 2070 cnm
1132 2009 1240 2089 dogma
1263 2010 1321 2071 huc
1344 2010 1399 2071 sub
1422 2026 1518 2089 aqneu
1532 2007 1600 2070 ‘tri-

246 2118 327 2182 gono
350 2100 495 2180 coeperit,
519 2100 575 2160 sub
599 2100 685 2178 igneo
709 2098 907 2172 interitumm,
931 2117 986 2159 neu
1009 2099 1206 2178 perpendunt,
1227 2099 1291 2179 jam
1316 2098 1408 2159 semel
1433 2096 1488 2159 snb
1511 2097 1599 2175 igneo

245 2189 384 2269 trigono,
415 2188 453 2249 ab
477 2208 524 2249 an.
552 2188 668 2251 Christi
691 2183 766 2251 800.
793 2187 821 2248 iu
849 2185 942 2251 1000.
973 2205 1157 2267 perennasse
1187 2196 1218 2249 et
1240 2187 1450 2249 convaluisse:
1485 2183 1601 2250 Christi

246 2297 320 2339 vero
344 2277 512 2339 doctrinam
540 2277 625 2356 ajunt
655 2277 710 2338 sub
741 2277 830 2355 igneo
859 2277 1012 2356 coepisse,
1042 2276 1092 2356 qui
1123 2277 1228 2356 primis
1259 2274 1324 2340 200
1354 2276 1441 2338 anuis
1471 2275 1601 2350 duravit,

246 2367 434 2448 eandemque
466 2366 520 2427 sub
548 2366 606 2427 hou
636 2366 723 2445 igneo
754 2366 792 2426 ab
823 2384 901 2426 auuu
938 2360 1030 2429 1600.
1063 2364 1092 2425 in
1118 2363 1213 2430 1800.
1245 2366 1337 2428 latius
1359 2365 1600 2447 propagandam:

249 2473 371 2519 rursum
398 2454 494 2529 obliti,
523 2455 602 2536 quod
628 2474 684 2536 per
710 2454 766 2515 hos
797 2450 860 2516 100
887 2473 983 2516 anuos
1016 2451 1070 2515 sub
1104 2474 1197 2535 aquen
1227 2456 1347 2535 trigono
1377 2455 1601 2534 navigationum

245 2544 359 2627 peritia
387 2544 507 2623 longius
539 2563 595 2624 per
624 2545 726 2605 urbem
757 2542 957 2604 disseminata
985 2544 1026 2604 sit
1055 2544 1135 2623 quud
1162 2545 1263 2625 spatia
1289 2546 1450 2606 Terrarum
1482 2542 1602 2619 attinet,

243 2651 340 2716 ¹quam
362 2634 431 2694 inde
455 2654 474 2693 a
495 2633 594 2714 prima
616 2634 681 2714 ejus
706 2632 830 2711 urigine.

337 2723 403 2802 Ego
428 2721 485 2783 etsi
509 2732 541 2784 et
564 2730 635 2802 opto
658 2729 690 2782 et
713 2721 831 2783 omniuo
855 2719 1006 2795 existimo,
1028 2719 1094 2798 jam
1115 2739 1201 2782 ruere
1226 2721 1444 2785 Othumauicae
1467 2720 1601 2783 familias

243 2811 433 2894 potentiam:
465 2811 620 2873 naturales
650 2820 750 2872 tamen
774 2811 883 2871 causas
914 2829 951 2869 ex
973 2808 1093 2888 trigono
1120 2810 1209 2889 igneo
1239 2812 1338 2874 nullas
1361 2811 1467 2885 video,
1495 2810 1602 2892 quibus

243 2901 283 2976 ii,
308 2900 359 2982 qui
383 2901 616 2962 Mahometicam
646 2901 814 2961 doctrinam
844 2899 1081 2980 amplectuutur,
1110 2899 1212 2978 potius
1243 2900 1484 2965 Christianorum
1513 2918 1602 2981 quam

243 2992 410 3054 Persarum
434 2990 599 3050 dominatui
624 2988 775 3050 accessuri
797 2989 971 3068 probentur.
1017 2989 1125 3050 Utrum
1154 2997 1253 3051 autem
1281 2990 1396 3071 aliquid
1425 2988 1532 3051 melius
1561 2989 1603 3050 sit

247 3080 501 3159 exspectandum,
529 3087 689 3160 postquam
708 3078 773 3158 jam
797 3078 886 3139 stella
908 3093 987 3137 nova
1010 3077 1137 3151 effulsit,
1168 3079 1272 3140 differo
1301 3080 1329 3141 in
1355 3099 1482 3161 sequens
1513 3085 1603 3159 caput

244 3168 409 3229 disserere.
449 3167 548 3247 Saepe
559 3169 623 3249 jam
639 3168 760 3229 secundi
777 3185 911 3229 rumores
934 3166 1029 3228 auditi
1053 3174 1123 3228 suut
1142 3168 1179 3228 de
1194 3168 1290 3229 Persa
1307 3168 1480 3231 Christiano
1504 3169 1601 3244 factu,
1593 3188 1601 3204 ·

245 3255 349 3320 sed‘'
330 3276 352 3319 ιι
373 3265 460 3319 tanta
484 3257 646 3319 oscitantia
670 3258 791 3337 scripti,
820 3262 905 3326 tanta
872 3254 1200 3317 tver'isimilitudinis
1224 3259 1425 3338 negligentia,
1457 3266 1491 3319 ut
1512 3258 1602 3319 facile

244 3354 411 3449 appareat,
441 3355 514 3409 vota
541 3356 595 3428 put
596 3348 643 3409 ius
674 3365 741 3407 esse
766 3343 946 3424 simplicium
969 3363 1057 3426 quam
1079 3346 1269 3408 narrationes
1293 3356 1492 3428 experturum.
1537 3349 1603 3410 Nec

244 3436 331 3499 euim
363 3436 505 3510 interest,
538 3456 626 3537 quam
657 3434 760 3495 multis
799 3433 911 3495 nostris
943 3452 996 3495 seu
1028 3433 1179 3513 religiosis
1212 3455 1264 3496 seu
1297 3436 1517 3498 secularibus
1509 3437 1548 3499 ris
1571 3437 1602 3497 iu

244 3523 424 3606 regionibus
448 3523 621 3587 conversari
645 3524 751 3596 liceat,
776 3523 830 3584 sed
853 3540 942 3604 quam
964 3521 1068 3584 multis
1087 3542 1124 3583 err
1139 3523 1374 3603 provincialibus
1392 3525 1506 3589 Christi
1529 3527 1603 3587 tides

244 3614 480 3698 persuadeatur.
525 3613 629 3693 Atque
651 3611 766 3673 utinam
789 3614 852 3688 fiat,
871 3612 954 3692 quud
979 3612 1109 3673 omnium
1132 3612 1213 3674 votis
1236 3615 1403 3695 expetitur:
1432 3623 1503 3676 tuuc
1523 3633 1604 3675 nova

244 3701 327 3766 mihi
350 3699 515 3783 disputatio
539 3702 597 3764 erit
620 3720 686 3763 cum
710 3701 884 3781 astrologis,
908 3700 1014 3781 quibus
1037 3701 1095 3763 hoe
1118 3709 1219 3764 tamen
1243 3723 1308 3766 sum
1330 3711 1509 3784 negatums,
1532 3710 1602 3764 tan-

245 3801 315 3857 tam
337 3791 469 3871 gratiam
490 3792 550 3853 Dei
574 3810 663 3871 super
694 3790 822 3852 miseras
850 3798 956 3869 gentes
985 3790 1185 3871 significatam
1213 3811 1280 3854 esse
1309 3814 1328 3855 a
1356 3794 1474 3874 trigono
1505 3793 1604 3872 igneo,

244 3881 338 3961 eujus
360 3899 467 3943 numen
492 3899 618 3954 vanum,
649 3898 789 3941 recursus
819 3899 891 3942 veru
915 3887 1014 3942 status
1038 3887 1086 3941 est
1109 3887 1140 3941 et
1161 3882 1310 3945 naturalis
1332 3902 1392 3946 nun
1415 3881 1602 3957 arbitrarius,

243 3989 310 4034 nun
332 3970 431 4032 aDeu
446 3978 624 4051 procuratus
642 3976 729 4031 extra
743 3968 886 4031 ordinem.
926 3969 1007 4041 Quin
1020 3969 1176 4050 potius-id
1197 3971 1235 4031 ad
1258 3972 1320 4035 alia
1342 3973 1429 4052 signa
1451 3973 1623 4036 nostram-'

247 4078 309 4142 que
334 4057 455 4120 stellam
479 4078 544 4120 sum
567 4058 727 4133 relaturus,
751 4066 785 4120 ut
807 4059 897 4140 paulu
921 4066 992 4139 post
1014 4059 1138 4120 dicetur.
1459 4081 1464 4088 ·

296 4171 298 4176 ·
343 4146 612 4228 Quantumligitur
641 4149 680 4210 ad
711 4147 880 4228 singulares
910 4147 1049 4227 regiones
1082 4147 1206 4222 attinet,
1239 4167 1328 4228 super
1360 4169 1435 4230 quas
1466 4148 1603 4228 trigonus

243 4240 359 4320 igneus
382 4235 551 4317 significare
575 4237 698 4300 dieitur:
722 4237 781 4299 etsi
798 4246 869 4299 sunt
890 4237 993 4300 tenuia
1007 4236 1109 4318 aliqua
1128 4236 1317 4311 adminicula,
1341 4238 1480 4318 regiones
1504 4245 1602 4301 eertm

244 4324 429 4412 subjiciendi
462 4326 554 4388 certis
585 4326 680 4406 signis
712 4326 911 4402 coelestibus,
941 4334 1084 4420 quantum
1115 4327 1204 4406 hrqins
1233 4344 1361 4405 geneses
1394 4327 1603 4408 imperantium

244 4415 394 4502 illisque.
405 4416 630 4477 consentientes
662 4415 846 4477 subditorum
879 4413 1036 4496 praestare
1069 4424 1214 4497 possunt,
1247 4423 1347 4478 tamen
1379 4424 1411 4479 et
1441 4435 1479 4478 ex
1512 4416 1603 4479 dietis

245 4522 399 4588 apparere
412 4512 494 4586 putu
517 4511 549 4565 et
571 4512 641 4565 ante
664 4503 823 4566 triennium
846 4504 1009 4579 inculcavi,
1039 4505 1082 4566 nil
1106 4525 1173 4568 esse
1197 4503 1283 4566 uubis
1305 4522 1381 4608 opus
1404 4504 1487 4567 adire
1512 4513 1598 4567 cata-

241 4595 351 4675 lugus
361 4593 478 4658 urbium
501 4600 532 4655 et
554 4593 717 4672 regionum,
741 4611 816 4695 quae
840 4593 965 4656 subesse
989 4594 1150 4657 creduntur
1167 4594 1311 4674 trigunu'
1303 4612 1400 4674 rgueo,
1426 4593 1601 4658 nominatim

241 4701 325 4747 varo
339 4681 544 4761 Sagittario.
555 4683 689 4745 Primum
704 4682 792 4756 enim,
811 4683 861 4744 ubi
876 4683 941 4745 alta
956 4703 1026 4764 pax,
1047 4684 1087 4745 ibi
1101 4684 1215 4746 frustra
1230 4684 1417 4763 suspicamur
1438 4684 1602 4746 instantem

232 4773 287 4836 de
310 4771 477 4854 propinquo
505 4772 702 4834 mutationem
730 4770 884 4850 insignem.
932 4774 997 4834 Nec
1026 4773 1103 4834 euim
1133 4773 1203 4834 novi
1231 4772 1389 4855 quicquam
1418 4774 1475 4835 huc
1507 4789 1600 4854 usque

242 4855 374 4926 obvenit
395 4860 591 4942 Stutgardiae
620 4870 673 4923 aut
694 4860 824 4922 Misuiae
854 4870 907 4925 aut
935 4861 1011 4942 ipsis
1033 4861 1206 4942 Hispaniis,
1237 4862 1295 4924 etsi
1323 4863 1378 4925 suh
1402 4862 1601 4944 Sagittarium

244 4949 430 5016 referuntur.
479 4950 594 5014 Contra
617 4970 688 5012 veru
717 4950 747 5010 iu
776 4970 808 5012 se
838 4953 962 5034 quisque
991 4953 1155 5013 descendat
1183 4970 1274 5033 seque
1305 4971 1448 5034 suamque
1470 4952 1600 5032 patriam

245 5039 411 5122 exploret,
432 5059 471 5102 au
494 5059 513 5102 a
534 5041 629 5102 multu
652 5047 784 5120 tempore
805 5049 990 5120 compertum
1014 5040 1070 5115 sit,
1101 5039 1230 5120 gliscere
1253 5040 1381 5104 dissidia
1404 5042 1598 5124 fraudemque
