3692 5842
351 475 416 544 362
840 480 1014 530 nuouomias
1030 479 1092 532 rara
1111 478 1208 545 Opts'ee

435 652 511 718 (lum
541 672 614 735 ergo
647 653 722 716 hora
747 652 797 718 12.
832 655 1016 734 superfuerit
1044 656 1196 719 semihora
1218 655 1257 718 ad
1289 654 1438 732 medinm,
1468 663 1575 718 centro
1599 653 1704 716 Lunae

352 743 389 807 15
403 744 526 806 minutis
548 751 757 806 antevertente
777 752 911 806 centrum
927 746 1060 822 umbrae,
1086 765 1161 828 quae
1185 745 1301 808 faciunt
1318 746 1350 806 in
1368 745 1500 808 transitu
1518 744 1557 821 1⁴,
1582 743 1707 826 pulchre

348 832 458 908 evenit,
482 840 517 896 nt
539 834 614 895 bora
639 829 690 895 12.
718 833 747 894 l‘
771 843 906 895 centrum
929 833 1034 897 Lunae
1058 836 1087 898 in
1110 835 1276 897 meridiano
1299 842 1466 897 notaretur.

436 922 470 984 In
489 920 640 1004 Tycbonis
656 921 759 983 Brahe
782 922 1046 985 observationibus
1070 924 1200 986 omnium
1222 923 1467 986 commodissima
1491 922 1560 984 hnic
1585 919 1709 1001 negotio

347 1020 380 1073 et
401 1011 557 1073 meridiani
581 1012 806 1091 opportunitate
830 1020 862 1072 et
885 1012 1066 1074 observandi
1095 1012 1255 1092 diligentia
1282 1023 1332 1074 est
1360 1012 1483 1093 eclipsis
1506 1012 1615 1074 Lunae
1638 1009 1709 1070 anni

352 1097 445 1164 1588.
469 1096 500 1162 3.
525 1100 639 1161 Martii.
685 1100 764 1161 Nam
786 1108 852 1162 toto
876 1101 1044 1163 durationis
1068 1110 1217 1183 tempore,
1241 1101 1422 1182 praesertim
1444 1101 1475 1163 in
1499 1098 1708 1179 nonagesimo,

349 1188 498 1251 distantia
521 1188 676 1250 limborum
700 1209 719 1249 a
742 1189 831 1250 corde
856 1189 969 1251 Leonis
992 1198 1024 1252 et
1048 1189 1140 1271 Spica
1159 1191 1297 1270 Virginis
1320 1189 1500 1252 creberrime
1523 1197 1620 1269 ospta
1642 1186 1709 1247 fnit

351 1278 411 1340 llla
434 1295 505 1339 vero
528 1275 711 1339 commodius
734 1276 864 1339 refertur
881 1278 910 1340 in
930 1288 1047 1358 partem
1071 1280 1208 1355 alteram,
1233 1298 1309 1360 quae
1334 1278 1612 1341 demonstrationes
1635 1295 1708 1337 oon·

350 1366 427 1428 tinet
450 1366 673 1428 restitutionum
698 1366 861 1429 Lunarium
885 1386 923 1428 ex
947 1362 1174 1447 eclipsibus.⁹²)

438 1454 636 1517 Problema
670 1454 775 1516 XXII.
840 1456 1094 1518 Instrumento
1134 1454 1315 1535 ecliptico
1357 1462 1531 1535 tempora
1576 1460 1710 1515 notare

352 1544 541 1624 expedite.
587 1543 670 1606 Nihil
693 1543 778 1619 novi,
811 1544 868 1606 nisi
899 1545 978 1626 qnod
1011 1563 1096 1607 usum
1127 1543 1321 1609 instrumenti
1352 1544 1470 1624 explico
1500 1552 1533 1606 et
1561 1541 1710 1623 quomodo

351 1632 451 1695 omnia
480 1632 519 1693 ab
551 1650 608 1694 uno
642 1632 837 1695 observatore
868 1634 1076 1715 perficiantur,
1114 1652 1307 1715 quaecunque
1335 1633 1483 1697 hactenns
1521 1629 1712 1696 observanda

254 1744 256 1748 ’
351 1720 559 1797 occurrebant,
582 1721 817 1784 demonstretur.

440 1807 630 1873 Observator
652 1809 747 1890 igitur
768 1829 892 1873 mensae
924 1810 1044 1886 adstat,
1077 1818 1243 1873 transtrum
1275 1809 1400 1873 brachio
1424 1810 1463 1873 ad
1491 1816 1609 1872 motum
1632 1805 1710 1871 Solis

351 1900 555 1974 transferens,
589 1899 723 1979 regulam
748 1917 819 1961 vero
843 1899 890 1961 vel
915 1900 1060 1961 attollens
1083 1900 1132 1962 vel
1155 1898 1335 1979 deprimens,
1367 1910 1458 1980 atque
1481 1899 1532 1963 ubi
1566 1896 1709 1979 placuerit

357 1988 479 2068 aliquod
502 1995 682 2051 momentum
705 1987 841 2051 omnibns
864 1988 1099 2050 circumstantiis
1129 1996 1234 2050 notare
1258 1997 1290 2050 et
1312 1988 1403 2050 index
1426 1990 1544 2051 rotulae
1570 1997 1653 2050 recte
1675 1986 1709 2046 ad

353 2078 470 2141 radium
494 2077 648 2149 habuerit,
677 2076 794 2157 signum
823 2077 897 2139 facit
919 2086 952 2139 et
973 2077 1002 2139 in
1036 2077 1185 2157 quadrato
1217 2077 1391 2140 azimuthali
1414 2084 1446 2139 et
1471 2078 1499 2139 in
1525 2085 1661 2139 transtro
1683 2087 1711 2136 et

356 2167 387 2229 in
411 2166 526 2247 regola,
551 2185 662 2246 quase
681 2172 784 2227 mutuo
808 2174 922 2241 secant,
947 2165 1053 2246 hisque
1068 2166 1164 2228 tribus
1187 2165 1282 2246 signis
1305 2166 1430 2228 eandem
1450 2176 1555 2228 notam
1579 2165 1709 2247 apponit,

356 2262 466 2336 postea
488 2255 612 2318 immoto
635 2255 834 2317 instrumento
864 2271 1018 2317 numerum
1042 2275 1094 2317 sen
1118 2264 1221 2316 notam
1245 2254 1396 2334 signorum
1419 2256 1567 2317 exscribit
1591 2252 1711 2336 etquid

356 2345 446 2407 index
469 2344 692 2418 monstraverit,
717 2342 787 2424 quid
810 2345 1025 2418 transversale,
1050 2344 1119 2423 quid
1143 2344 1248 2405 umbra
1267 2344 1296 2406 in
1316 2344 1415 2406 divisa
1438 2345 1598 2420 diametro,
1623 2343 1710 2406 addit.

356 2432 403 2496 Eo
428 2433 509 2494 facto
534 2451 650 2494 rursum
674 2453 708 2495 se
731 2432 770 2493 ad
794 2433 875 2495 aliud
907 2440 1090 2495 momentum
1123 2433 1329 2513 aucupandum
1363 2435 1490 2497 confert.
1538 2434 1592 2495 Ita
1618 2433 1712 2496 omnia

358 2521 463 2584 eodem
486 2521 552 2584 loco
576 2522 682 2584 iisdem
715 2521 852 2584 manibus
878 2530 908 2584 et
936 2522 1001 2584 sine
1033 2520 1214 2583 titubatione
1246 2522 1436 2585 efficiuntur:
1468 2523 1549 2605 qnod
1578 2523 1608 2584 in
1638 2523 1711 2586 lucro

357 2610 536 2692 ponendum,
560 2612 610 2673 ubi
633 2611 789 2692 adjutores
812 2611 903 2691 periti
927 2610 1085 2673 defuerint.
1132 2611 1212 2673 Nam
1236 2610 1346 2673 insueti
1375 2612 1444 2692 plus
1467 2612 1606 2688 turbant,
1630 2629 1711 2691 qnam

359 2700 516 2780 adjuvant.

448 2790 482 2851 In
505 2786 679 2850 azimuthali
701 2786 792 2868 igitur
811 2788 959 2868 quadrato
983 2786 1200 2850 azimuthorum
1215 2794 1388 2866 tangentes,
1411 2788 1440 2849 in
1456 2788 1565 2869 regula
1579 2795 1711 2851 meante

359 2878 523 2940 distantiae
547 2876 701 2940 luminaris
716 2876 872 2952 avertice,
896 2876 926 2938 in
942 2885 1076 2939 transtro
1100 2884 1261 2956 tangentes
1290 2876 1426 2956 ejusdem
1449 2896 1538 2940 arcus
1563 2877 1709 2941 invenien-

361 2973 419 3041 tur,
446 2966 582 3047 legitima
605 2965 791 3027 dimensione
814 2965 1028 3045 particularum
1047 2965 1203 3028 adhibita:
1227 2966 1354 3029 ethaeo
1373 2966 1433 3029 tria
1455 2966 1605 3047 probandi
1629 2987 1711 3030 osum

361 3056 399 3118 ad
423 3055 501 3117 idem
528 3054 674 3135 temporis
708 3062 890 3117 momentum
923 3055 1100 3117 eliciendum
1132 3054 1322 3117 adhibentur.
1369 3056 1548 3136 Exemplum
1580 3067 1711 3137 sequetur

360 3146 390 3207 in
414 3145 470 3206 fine
494 3144 615 3224 capitis.

449 3233 718 3297 Protheorema
741 3231 786 3293 ad
809 3250 964 3312 sequens
995 3232 1191 3312 problema.
1239 3229 1342 3302 Quod
1366 3232 1425 3294 via
1453 3233 1607 3314 ellipsis
1631 3234 1709 3313 ejus,

362 3342 430 3404 qua
461 3322 524 3386 Sol
558 3322 814 3402 pavimentum
851 3321 971 3401 pingit
1004 3339 1068 3399 per
1112 3321 1235 3382 rimam
1273 3321 1476 3395 admissus,
1517 3324 1571 3385 sit
1604 3322 1708 3385 sectio

361 3413 504 3476 conica.
551 3411 631 3475 Nam
654 3411 705 3472 via
727 3408 809 3472 Solis
833 3409 862 3472 in
886 3410 970 3471 coelo
995 3420 1043 3470 est
1065 3411 1203 3484 circulus,
1228 3410 1257 3471 in
1282 3410 1481 3491 aequinoctiis
1505 3413 1664 3485 maximus,
1686 3421 1708 3470 et

361 3501 574 3583 propemodum
600 3500 727 3561 circulus
752 3500 845 3571 (alter
864 3499 942 3559 enim
959 3499 997 3560 ab
1017 3500 1113 3560 altero
1138 3518 1232 3560 nexus
1248 3500 1382 3561 nonnihil
1406 3500 1600 3582 interrumpit
1622 3501 1708 3563 omni·

361 3593 481 3653 modam
505 3588 770 3663 circularitatem),
799 3589 829 3649 in
854 3587 994 3649 solstitiis
1019 3588 1200 3667 tropicorum
1225 3588 1431 3667 magnitudine
1455 3590 1615 3664 minimus,
1646 3589 1708 3652 loeis

361 3679 546 3742 intermediis
570 3677 777 3740 intermedius.
822 3677 892 3739 Jam
916 3695 987 3738 uero
1011 3686 1042 3737 et
1065 3678 1226 3739 fenestella
1249 3686 1354 3739 nostra
1373 3687 1405 3739 et
1428 3680 1587 3743 universus
1611 3679 1712 3741 Terrae

362 3769 469 3848 globus
492 3769 531 3829 ad
562 3788 683 3829 sensum
708 3774 756 3828 est
779 3765 807 3827 in
840 3785 897 3827 are
926 3765 965 3826 ad
996 3785 1100 3827 omnes
1133 3766 1201 3827 illos
1234 3766 1362 3828 circulos
1395 3768 1511 3831 dierum
1542 3770 1715 3831 staturaliurn

363 3866 456 3919 recto.
502 3858 585 3936 Ergo
610 3857 706 3917 lineae
739 3861 953 3918 connectentes
987 3856 1177 3916 fenestellam
1201 3874 1267 3916 cum
1291 3856 1427 3919 omnibus
1455 3859 1578 3937 punctis
1610 3856 1722 3921 circuli.

364 3963 450 4024 quem
475 3964 590 4025 quoque
616 3944 662 4004 die
686 3942 740 4005 Sol
763 3943 967 4023 perambulat,
1002 3944 1057 4005 hoc
1082 3953 1130 4007 est
1157 3943 1233 4004 radii
1257 3942 1340 4006 Solis
1364 3964 1421 4007 nno
1454 3947 1575 4024 integro
1599 3949 1725 4027 disper

365 4033 442 4094 idem
467 4034 599 4095 foramen
625 4032 766 4112 ingressi,
792 4033 891 4111 juncti
914 4033 1047 4094 universi
1071 4052 1108 4093 ex
1131 4033 1267 4094 omnibus
1291 4032 1373 4095 Solis
1397 4035 1530 4110 situbns,
1565 4038 1737 4099 edorman‘

363 4140 469 4183 conum
501 4133 615 4183 rectum
640 4120 758 4199 (Apoll.
784 4120 858 4182 Con.
885 4122 908 4192 l,
932 4121 992 4182 def.
1022 4122 1049 4183 1.
1074 4117 1105 4184 d.
1129 4118 1188 4194 8.).
1236 4120 1298 4183 Sed
1328 4122 1418 4184 iidem
1451 4127 1527 4186 radii
1552 4125 1637 4188 Solis
1661 4127 1739 4188 tore

363 4220 448 4272 mant
471 4210 562 4272 etiam
586 4210 666 4270 intra
689 4227 840 4270 cameram
863 4228 916 4271 seu
941 4209 1105 4272 fenestram
1135 4229 1241 4271 conum
1270 4211 1397 4273 alterum
1428 4214 1573 4276 exteriori
1597 4215 1754 4278 similest!

363 4300 451 4372 (ibid.
467 4299 491 4373 1,
508 4300 567 4360 def.
587 4299 629 4371 1),
646 4317 712 4358 cum
727 4319 801 4358 sara
816 4319 945 4376 κορυφηι
964 4299 1065 4377 anguli
1080 4300 1142 4359 sint
1157 4300 1254 4378 aequi.
1289 4300 1500 4364 Parimentnm
1516 4322 1590 4364 vero
1604 4303 1760 4384 ponitus

364 4389 453 4467 plano
478 4387 643 4448 horizontis
671 4386 848 4465 parallelon.
896 4387 937 4447 Et
960 4388 1037 4448 radii
1061 4388 1142 4449 Solis
1167 4388 1195 4448 in
1225 4407 1400 4471 quocunqne
1424 4391 1485 4453 situ
1510 4410 1566 4471 per
1591 4395 1758 4455 toramen

365 4476 493 4554 ingressi
516 4475 729 4537 continuantur
744 4475 773 4535 in
798 4476 1011 4554 pavimentum.
1049 4477 1217 4556 fingantur
1234 4495 1288 4556 por
1303 4487 1400 4541 totum
1419 4479 1558 4542 diurnum
1582 4484 1761 4545 circulum,

365 4565 460 4624 multa
483 4573 515 4624 et
538 4564 714 4624 continuata
728 4561 809 4625 Solis
833 4582 967 4643 corpora,
993 4584 1064 4643 ergo
1084 4566 1159 4626 radii
1175 4565 1213 4627 ab
1234 4568 1370 4628 omnibus
1394 4570 1483 4631 simul
1508 4569 1751 4648 ingredientur·

365 4653 422 4714 hoc
446 4661 494 4712 est
517 4653 688 4730 superficies
713 4653 816 4713 conica
841 4652 1024 4731 ingredietur
1043 4672 1096 4732 per
1120 4655 1265 4716 foramen.
1304 4655 1346 4716 Et
1369 4657 1422 4718 illa
1446 4671 1570 4721 secatur
1594 4663 1751 4742 apiano

365 4740 541 4821 pavimenti.
587 4740 669 4819 Ergo
693 4741 856 4802 communis
881 4743 992 4809 sectio,
1018 4743 1073 4802 hoc
1098 4753 1145 4803 est
1169 4744 1233 4815 via,
1259 4762 1348 4822 quarn
1373 4748 1489 4825 ellipsis
1515 4747 1638 4811 Solaria
1663 4760 1749 4811 toto

367 4830 415 4890 die
440 4828 592 4900 describit,
619 4838 666 4889 est
691 4831 786 4890 sectio
810 4830 923 4890 conica.
964 4830 1038 4891 Cum
1056 4850 1127 4908 ergo
1147 4830 1200 4892 Sol
1222 4851 1278 4892 nou
1304 4834 1433 4908 occidit,
1459 4839 1513 4897 sed
1540 4838 1741 4901 horizontem

368 4918 545 4978 fenestellae
568 4916 698 4995 stringit,
723 4918 844 4997 planum
868 4919 1030 4979 horizontis
1055 4929 1102 4980 ost
1126 4921 1202 4980 imae
1226 4922 1293 4982 coni
1317 4923 1398 4984 illius
1423 4924 1522 4987 lineae
1547 4929 1740 5007 paralleloe,

367 5024 459 5085 quare
479 5005 574 5067 sectio
594 5005 641 5067 hic
661 5014 709 5067 est
727 5007 869 5086 parabole
886 5009 1003 5086 (Apoll.
1020 5008 1044 5079 l,
1064 5007 1128 5082 ll).
1169 5009 1215 5070 hc
1232 5009 1281 5071 ubi
1296 5009 1351 5073 Sol
1370 5013 1461 5091 plane
1483 5034 1544 5079 non
1565 5018 1681 5080 oceidit
1697 5021 1735 5076 et
