3692 5842
1503 469 1666 538 Caput
1700 469 1766 525 lr:
2596 469 2615 490 ⁸
2862 464 2988 531 1⁵9

288 653 423 729 quot
464 646 721 709 lucentis
768 645 1081 708 diametris
1129 649 1305 711 abest
1349 669 1387 710 a
1434 650 1699 722 lucente,
1749 654 2182 710 connectantur

288 736 458 800 etiam
503 733 614 797 EF
660 742 724 796 et
771 733 907 808 ΡΟ,
972 736 1060 797 sic
1116 736 1234 800 EG
1283 746 1346 799 et
1388 737 1546 813 ΝΟ,
1613 746 1677 799 et
1742 738 2179 806 continuentur,

286 825 462 886 donec
524 833 884 887 concurrant
930 825 989 886 in
1035 826 1112 901 K,
1162 827 1235 889 L.

451 911 605 974 Dico
672 914 725 975 si
793 913 905 975 hoc
969 914 1088 975 situ
1163 917 1465 977 fenestrae
1532 923 1592 976 et
1659 914 1912 975 lucentis
1978 911 2183 973 radius

284 1009 514 1064 creetur
558 1002 616 1062 in
665 1002 724 1076 1,
787 1002 1119 1083 aequaliter
1164 1023 1230 1066 se
1296 1003 1635 1065 habiturum
1683 1012 1746 1064 et
1792 1004 1868 1064 ad
1935 1002 2181 1080 figuram

282 1090 325 1152 Ε
372 1090 663 1165 lucentis,
732 1099 795 1152 et
841 1092 918 1153 ad
977 1091 1225 1171 figuram
1275 1091 1330 1154 O
1379 1093 1698 1154 fenestrae.
1793 1090 1902 1152 Sin
1951 1098 2187 1151 creetur

283 1186 335 1241 et
379 1179 570 1241 cadat
615 1178 703 1241 cis
755 1180 807 1254 1,
859 1199 1068 1242 versus
1116 1179 1204 1257 Ο,
1274 1201 1387 1262 quo
1434 1181 1676 1261 propior
1723 1182 1804 1242 sit
1852 1187 2058 1240 centro
2108 1176 2186 1249 O,

281 1269 384 1329 hoc
451 1268 698 1347 propius
772 1288 1151 1331 accessurum
1217 1272 1295 1332 ad
1379 1271 1628 1350 figuram
1696 1269 1787 1344 Ο,
1867 1268 2189 1329 obliterata

280 1359 464 1436 ligura
508 1355 585 1417 E.
681 1353 914 1419 Contra
959 1357 1012 1419 si
1077 1359 1256 1420 cadat
1322 1359 1483 1420 ultra
1529 1360 1587 1432 I,
1653 1378 1765 1438 quo
1830 1357 2063 1435 longius
2112 1355 2187 1415 ab

281 1443 327 1506 Ο
375 1445 590 1520 distet,
638 1445 749 1506 hoc
792 1447 1147 1526 exquisitius
1209 1457 1795 1528 repraesentaturum
1845 1448 2093 1523 figuram
2141 1443 2192 1504 Ε

281 1532 557 1608 lucentis,
607 1533 933 1596 obliterata
975 1536 1269 1615 paulatim
1314 1537 1505 1616 figura
1552 1534 1627 1597 Ο.
1722 1537 1821 1597 Ad
1869 1536 1979 1596 hoc
2028 1533 2192 1595 obti-

283 1623 538 1685 nendum
571 1630 718 1685 nota
754 1624 1027 1702 primum,
1080 1626 1234 1704 quod
1263 1634 1489 1704 puncta
1536 1643 1924 1687 concursuum
1955 1623 2030 1696 K,
2064 1623 2111 1696 1,
2143 1620 2197 1681 L

279 1730 385 1792 per
431 1711 659 1773 lemma
702 1711 953 1791 primum
1010 1714 1405 1792 praemissum
1463 1725 1604 1776 sunt
1649 1714 1708 1774 in
1758 1713 1970 1774 eadem
2019 1712 2196 1783 linea,

277 1819 430 1881 quae
498 1801 871 1881 aequidistat
936 1802 1049 1863 M]
1125 1803 1365 1865 lucenti.
1472 1802 1731 1865 Proinde
1807 1800 2010 1861 omnia
2080 1800 2202 1860 tria

277 1895 417 1952 sunt
480 1890 545 1950 in
614 1890 925 1968 superficie
988 1891 1370 1954 illustranda.
1463 1890 1696 1953 Deinde
1763 1890 1915 1951 radii
1972 1889 2083 1951 ΓΚ
2141 1895 2203 1948 et

283 1975 404 2040 GL
455 1996 532 2039 ex
579 1977 633 2037 E
682 1988 888 2040 centro
939 1980 1192 2042 lucentis
1237 2000 1347 2060 per
1394 1980 1681 2042 terminos
1741 1981 2042 2041 fenestrae
2089 1973 2198 2037 FG

283 2066 540 2128 demissi
603 2068 881 2128 deferunt
939 2069 1075 2148 (per
1138 2069 1192 2131 1.
1262 2071 1436 2149 hujus
1483 2069 1895 2142 corollarium)
1956 2068 2205 2145 figuram

279 2157 593 2218 fenestrae
654 2156 710 2216 in
776 2157 1019 2236 planum
1079 2160 1108 2219 I
1189 2178 1438 2238 eamque
1509 2157 1800 2229 mediam,
1873 2172 2011 2216 nam
2070 2173 2201 2214 eam

275 2245 542 2324 undique
582 2245 838 2306 totidem
880 2246 1035 2306 aliae
1078 2248 1303 2326 figurae
1344 2248 1756 2320 circumstant,
1807 2253 1952 2325 quot
1979 2253 2205 2324 puncta

273 2334 329 2396 E
374 2340 656 2396 centrum
702 2333 1117 2397 circumstant.
1208 2335 1439 2397 Eodem
1486 2336 1662 2397 modo
1712 2334 1865 2396 radii
1913 2335 2040 2402 PK,
2089 2333 2203 2395 NL

276 2444 317 2485 a
360 2422 646 2486 terminis
712 2423 966 2485 lucentis
1021 2426 1110 2500 N,
1170 2425 1219 2486 P
1275 2444 1384 2506 per
1438 2423 1494 2487 O
1561 2433 1830 2485 centrum
1899 2425 2199 2485 fenestrae

276 2511 526 2574 demissi
607 2511 886 2574 deferunt
934 2516 1071 2593 (per
1131 2513 1194 2576 3.
1255 2514 1427 2593 hujus
1486 2513 1732 2593 ejusque
1790 2512 2198 2583 corollarium)

275 2603 533 2682 figuram
603 2601 859 2662 lucentis
933 2602 1236 2664 inversam
1310 2622 1559 2684 eamque
1633 2602 1841 2663 itidem
1915 2600 2193 2673 mediam,

274 2709 412 2751 nam
459 2699 528 2751 et
573 2690 730 2750 hanc
796 2691 1047 2753 totidem
1105 2693 1264 2753 aliae
1331 2692 1558 2754 similes
1607 2700 1670 2752 et
1727 2691 1850 2752 fere
1912 2691 2196 2770 aequales

275 2780 708 2854 circumstant,
777 2789 921 2859 quot
975 2790 1201 2860 puncta
1256 2781 1561 2843 fenestrae
1618 2787 1888 2841 centrum
1937 2778 2193 2840 circum-

277 2876 468 2941 stant,
520 2868 663 2947 quia
707 2868 764 2928 in
814 2869 1064 2947 singulis
1123 2871 1265 2932 talis
1324 2871 1514 2931 sectio
1564 2870 1647 2930 fit.
1745 2868 1896 2930 Cum
1945 2886 2086 2946 ergo
2133 2867 2193 2928 hi

276 2966 543 3037 quatuor
601 2957 755 3018 radii
819 2976 883 3017 se
951 2968 1155 3020 mutuo
1220 2969 1430 3021 secent
1485 2960 1540 3018 iu
1605 2958 1695 3033 K,
1762 2957 1815 3018 L
1878 2958 2115 3037 punctis
2162 2956 2191 3016 I

279 3044 640 3126 superficiei,
678 3046 791 3106 erit
811 3046 926 3106 KL
956 3049 1283 3110 communis
1313 3068 1592 3110 mensura
1613 3046 1917 3125 utriusque
1947 3047 2189 3125 figurae,

280 3145 343 3196 et
388 3135 654 3197 lucentis
702 3135 977 3196 inversae
1026 3147 1090 3198 et
1151 3140 1452 3200 fenestrae
1520 3136 1800 3197 directae.
1913 3134 2193 3213 Eligatur

269 3226 396 3303 jam
462 3231 754 3306 punctum
816 3243 922 3303 per
986 3227 1299 3306 problema
1362 3225 1756 3305 praecedenS‚
1819 3224 1976 3303 quod
2034 3243 2187 3303 pau-

279 3313 546 3375 cioribus
612 3313 921 3374 diametris
967 3314 1076 3376 FG
1148 3317 1310 3377 absit
1360 3316 1436 3375 ab
1494 3313 1585 3389 Ο,
1656 3333 1833 3393 quam
1881 3313 2190 3374 diametris
2353 3315 2389 3459 ..Σ
2593 3291 2621 3388 Ι,

279 3402 392 3464 ΝΡ
440 3402 621 3462 abest
667 3402 745 3463 ab
791 3402 879 3476 E,
932 3405 1128 3485 sitque
1186 3407 1281 3478 X,
1342 3424 1450 3485 per
1498 3404 1652 3483 quod
1711 3412 1928 3482 agatur
1977 3402 2189 3482 aequi·
2357 3376 2373 3499 Ι,
2573 3388 2593 3527 s

2345 3642 2353 3719 Ιι

2333 3720 2345 3827 Ι.

283 3492 522 3553 distans
571 3490 880 3552 diametris
930 3494 1126 3567 dictis,
1179 3514 1330 3574 quae
1378 3494 1612 3555 secabit
1648 3493 1850 3555 radios
1896 3491 1956 3553 in
1992 3493 2068 3565 H,
2101 3492 2186 3565 M,
2353 3499 2391 3617 ί

284 3582 368 3655 Τ,
440 3581 519 3641 V.
634 3579 1151 3660 Repraesentabit
1223 3602 1367 3662 ergo
1434 3602 1575 3662 pars
1641 3582 1760 3642 MT
1834 3581 2191 3642 diametrum
2241 3611 2285 3659 A
2353 3547 2650 3671 ,Εέ-Ᾰῖ-
2838 3623 2862 3667 t
2942 3619 2978 3659 fl

285 3672 509 3749 figurae
560 3670 816 3731 lucentis
883 3671 1193 3748 inversae,
1262 3682 1487 3752 quanta
1532 3671 1699 3732 cadit
1760 3690 1942 3750 super
2000 3672 2191 3732 locum
2549 3658 2561 3735 :¹
2614 3644 2618 3711 Ι
3086 3681 3095 3688 “

288 3758 362 3834 Χ,
400 3758 526 3821 HV
577 3777 718 3820 vero
762 3768 857 3820 est
887 3761 1178 3825 diameter
1214 3763 1437 3841 figurae
1469 3780 1644 3841 quam
1685 3761 1948 3821 fenestra
1984 3760 2190 3821 habet.
2337 3769 2341 3783 '
2539 3756 2549 3834 ξ’
2609 3758 2618 3811 >⁴
2678 3764 2686 3823 ¹.
2959 3803 2962 3806 -

287 3848 384 3910 Ita
431 3849 626 3928 major
671 3848 825 3910 haec
855 3852 971 3912 erit
1007 3872 1183 3932 quam
1215 3853 1338 3912 illa.
1410 3851 1554 3912 Plus
1584 3850 1764 3928 igitur
1800 3849 1976 3928 hujus
2015 3868 2190 3928 quam

293 3938 451 3999 illius
497 3936 738 3998 termini
787 3939 1088 4001 incurrent
1126 3943 1185 4002 in
1234 3943 1458 4003 oculos,
1537 3938 1769 4001 Contra
1814 3939 2071 4017 eligatur
2097 3958 2205 4018 per
2244 3937 2398 4000 idem
2446 3942 2757 4020 problema
2801 3966 2993 4027 punc-

291 4035 433 4098 tum,
482 4026 643 4106 quod
689 4025 959 4104 pluribus
1007 4029 1084 4090 ab
1125 4028 1179 4090 Ο
1229 4028 1535 4091 diametris
1586 4029 1887 4090 fenestrae
1934 4027 2115 4100 absit,
2165 4046 2344 4107 quam
2387 4030 2696 4095 diametris
2746 4035 2999 4098 lucentis

289 4116 361 4176 ab
427 4114 503 4176 E.
599 4114 671 4175 Id
738 4115 821 4176 sit
875 4116 968 4189 Y,
1030 4137 1138 4197 per
1199 4122 1351 4197 qnod
1413 4127 1553 4181 acta
1612 4127 1679 4178 ut
1741 4118 1906 4195 prius
1972 4117 2383 4196 aequidistans
2447 4122 2698 4196 ceteriS,
2767 4125 3000 4186 secabit

287 4204 489 4266 radios
539 4204 596 4265 iu
645 4205 731 4279 A,
780 4205 867 4276 B,
917 4204 986 4281 C,
1036 4208 1111 4268 D.
1208 4209 1329 4269 b'ed
1380 4209 1518 4288 quia
1583 4207 1881 4268 radiorum
1949 4206 2139 4266 sectio
2203 4210 2538 4285 praecessit
2604 4211 2661 4271 in
2710 4211 2765 4271 K
2814 4213 2994 4288 et-L,

279 4294 402 4371 jam
453 4293 553 4374 qui
603 4293 765 4354 intus
814 4306 988 4357 erant
1035 4305 1209 4358 extra
1264 4306 1421 4372 sunt,
1472 4297 1701 4375 eritque
1741 4296 1880 4370 AD,
1931 4302 2397 4374 repraesentans
2444 4298 2695 4377 figuram
2744 4301 2997 4363 lucentis

289 4384 605 4457 inversam,
669 4384 861 4462 major
916 4405 1093 4465 quam
1141 4383 1249 4447 BC
1299 4386 1612 4447 dimetiens
1660 4386 1903 4463 figurae,
1954 4404 2132 4465 quam
2183 4385 2447 4447 fenestra
2492 4387 2696 4448 habet.
2792 4386 2998 4459 Quare

289 4471 376 4533 hic
450 4472 644 4552 figura
722 4473 974 4535 lucentis
1043 4476 1239 4554 magis
1315 4476 1370 4535 in
1430 4475 1635 4537 oculos
1684 4474 1950 4535 incurrit.
2046 4474 2130 4535 Ut
2205 4474 2264 4534 hi
2332 4482 2458 4535 tres
2521 4493 2697 4537 casus
2774 4478 2998 4539 rectius

288 4561 623 4642 capiantur,
677 4560 1055 4625 describatur
1101 4564 1356 4644 primum
1401 4566 1590 4643 figura
1639 4564 1958 4637 fenestrae,
2010 4564 2095 4624 uti
2138 4563 2242 4625 illa
2281 4564 2336 4626 in
2378 4564 2607 4642 pariete
2657 4585 2693 4625 a
2734 4565 2999 4645 quolibet

285 4658 503 4732 puncto
535 4649 793 4712 lucentis
823 4652 1175 4731 exprimitur
1205 4662 1267 4713 et
1295 4654 1376 4714 sit
1404 4655 1550 4730 αβγδ
1576 4659 1708 4726 (Fig.
1747 4658 1864 4725 49),
1894 4653 2089 4732 sitque
2121 4653 2308 4730 figura
2348 4653 2599 4713 lucentis
2638 4653 2876 4717 inversa
2904 4651 3003 4731 εζη

286 4751 460 4803 tanta
495 4748 567 4801 ut
604 4739 815 4800 eodem
853 4743 1072 4803 circulo
1103 4743 1395 4821 capiatur.
1473 4743 1792 4802 Moveatur
1811 4742 1940 4819 jam
1977 4750 2244 4802 centrum
2272 4743 2494 4819 figurae
2525 4738 2622 4819 εζη
2656 4761 2762 4821 per
2792 4761 2998 4804 omnes

287 4831 590 4910 margines
639 4852 709 4901 α,
755 4829 828 4906 β,
871 4854 926 4911 y,
978 4836 1042 4901 ὅ,
1089 4832 1206 4892 erit
1253 4833 1383 4911 ejus
1442 4831 1594 4892 situs
1657 4831 1816 4890 circa
1863 4854 1903 4890 α
1961 4830 2322 4907 triangulum
2370 4833 2513 4898 θιπ,
2561 4831 2723 4891 circa
2766 4833 2807 4907 β
2854 4849 2996 4893 vero

285 4923 414 4996 κλμ,
465 4919 670 5002 itaque
719 4922 937 5001 angulo
984 4945 1006 4981 ι
1050 4920 1375 5000 descripsit
1432 4920 1650 4981 lineam
1696 4921 1750 4980 ιλ
1795 4919 2304 4998 aequidistantem
2359 4919 2456 4994 αβ.
2553 4916 2735 4981 Circa
2778 4942 2811 4999 y
2853 4937 2999 4982 vero

285 5010 400 5072 erit
447 5007 584 5086 ηε,
633 5019 700 5072 et
743 5010 1067 5091 descripsit
1129 5011 1348 5089 angulo
1397 5034 1440 5086 μ
1486 5007 1702 5070 lineam
1757 5004 1854 5081 με.
1948 5006 2220 5089 Denique
2269 5008 2430 5069 circa
2475 5013 2510 5068 ὅ
2554 5006 2673 5069 erit
2727 5027 2870 5092 σρο,
2937 5017 3018 5078 etx
