3692 5842
330 456 373 524 90
524 453 532 471 ⁹
754 461 854 513 Literee
870 463 971 527 Kepleri
991 464 1142 529 aliorumque
1157 471 1259 514 mutuae

330 639 439 719 pedum
468 635 655 702 21500000.
696 642 755 700 Ὧι
786 641 914 704 hominis
948 643 1126 722 longitudini
1159 643 1251 721 pedes
1284 640 1320 715 7,
1355 658 1426 720 ergo
1458 638 1563 700 tricies
1597 637 1690 698 semel

331 743 459 790 centena
484 728 633 789 hominurn
658 730 901 808 rrrilliadeni·1ue
927 753 945 790 a
969 732 1125 811 superficie
1150 732 1261 792 Terrae
1285 733 1323 792 ad
1352 739 1487 791 centrum
1511 725 1692 789 continuata

333 818 410 878 serie
434 816 617 895 pertingent.
656 817 733 878 Esto
749 819 807 891 ita,
827 814 891 881 600
906 819 1057 900 myriades
1077 820 1227 881 hominum
1251 819 1412 880 metiantur
1430 817 1550 895 globum
1566 814 1690 887 Terrae,

331 904 442 986 myrias
476 925 534 965 una
559 907 605 976 (et
635 908 724 984 paulo
758 908 839 985 plus)
870 909 1026 986 globorum
1054 908 1165 970 Terrae
1195 909 1336 969 metiatur
1369 906 1529 985 sphaeram
1556 902 1691 981 regionis

335 993 499 1064 mobilium,
524 1013 646 1072 quorum
671 995 813 1056 extimum
830 995 998 1058 Saturnus:
1024 997 1208 1059 millenarius
1222 1015 1298 1057 nnus
1312 994 1430 1056 mobilis
1449 992 1551 1055 mnndi
1574 991 1690 1071 spbee-

332 1101 430 1143 rarum
471 1082 612 1144 metiatur
651 1084 810 1162 sphaeram
849 1087 973 1147 lixarum
1007 1106 1061 1145 seu
1094 1086 1319 1165 quiescentium.
1378 1083 1434 1144 Dic
1464 1080 1554 1153 mihi,
1592 1090 1691 1141 utrum

332 1170 528 1232 credibilius?
553 1171 780 1251 Propertionem
805 1173 934 1234 hominis
955 1175 993 1234 ad
1013 1175 1133 1253 globum
1153 1173 1282 1234 Telluris
1298 1174 1444 1259 latentur,
1468 1168 1693 1248 proportionem

334 1259 452 1319 mobilis
486 1260 584 1320 rmrndi
620 1263 658 1321 ad
692 1265 767 1322 lixas
800 1273 928 1340 negant,
963 1282 1040 1343 quae
1075 1264 1153 1325 illius
1193 1261 1394 1342 proportionis
1425 1258 1475 1318 vix
1508 1267 1558 1319 est
1591 1257 1694 1318 sexies

334 1346 492 1408 millesima
516 1350 674 1427 particula.
722 1352 766 1411 alt
788 1351 892 1412 rideas
916 1352 1106 1429 analogiam,
1141 1350 1190 1412 ubi
1214 1358 1337 1429 superat
1360 1347 1556 1427 magnitudo,
1592 1345 1694 1407 delicit

332 1434 485 1508 divinitas,
511 1435 539 1496 in
563 1436 650 1497 molis
674 1438 898 1500 diminutionem
923 1442 1056 1502 succedit
1086 1439 1238 1501 nobilitas.
1277 1437 1475 1517 Arnplissinra
1495 1445 1544 1496 est
1566 1435 1693 1497 lixarum

335 1524 474 1602 sphaera,
502 1533 583 1585 motu
608 1524 700 1601 nullo,
725 1528 815 1589 iners.
846 1527 1128 1606 Sequiturmnndus
1152 1526 1280 1599 mobilis,
1305 1526 1352 1587 hic
1367 1525 1433 1603 jam
1457 1533 1571 1604 quanto
1587 1524 1692 1596 minor,

336 1621 422 1672 tanto
447 1612 584 1682 divinior,
609 1614 686 1692 quod
711 1624 823 1677 motum
847 1617 965 1694 accepit
989 1626 1050 1677 tam
1076 1615 1300 1685 admirabilem,
1331 1625 1393 1674 tam
1419 1613 1602 1674 ordinatum.
1650 1611 1695 1673 Aa

336 1719 393 1761 non
419 1699 558 1761 discurrit
580 1701 662 1763 locus
678 1703 746 1773 iste,
771 1724 827 1764 nnn
852 1706 1057 1778 ratiocinatur,
1083 1713 1203 1765 nonest
1226 1704 1380 1782 praeditus
1405 1701 1552 1763 facultate
1567 1700 1693 1761 animali

337 1797 507 1867 vegetante,
533 1790 610 1868 quod
627 1790 689 1864 agit
710 1811 766 1852 non
792 1792 905 1865 didicit,
931 1794 984 1853 sed
1009 1794 1184 1870 impressum
1200 1793 1321 1862 retinet,
1346 1791 1423 1870 quod
1440 1809 1496 1851 non
1513 1798 1571 1862 est,
1598 1809 1695 1870 neque

332 1876 401 1948 erit,
430 1897 489 1938 neo
508 1879 584 1956 ephod
609 1891 667 1953 est,
692 1904 708 1939 a
733 1901 765 1939 se
792 1886 901 1942 lacrum
926 1893 983 1942 est.
1027 1882 1108 1942 ldem
1134 1890 1244 1952 manet,
1268 1881 1317 1959 qui
1341 1879 1481 1940 conditus
1505 1888 1563 1939 est.
1613 1877 1695 1940 Suc·

334 1965 417 2026 cedit
445 1984 516 2043 ergo
544 1966 637 2046 pilula
669 1968 744 2030 haec
778 1986 897 2043 nostra,
933 1971 1110 2049 tuguriolum
1141 1982 1294 2042 nostrum,
1328 1968 1438 2029 matrix
1467 1965 1695 2045 vegetabilium.

334 2054 400 2133 ipsa
432 2054 510 2114 intus
542 2056 704 2117 informata
738 2079 795 2118 rma
829 2059 947 2132 anima,
989 2058 1165 2120 mirabilium
1206 2076 1326 2136 operum
1365 2055 1631 2129 architectatrice,
1664 2069 1695 2115 et

333 2143 502 2204 accendens
526 2144 563 2203 de
591 2164 624 2204 se
648 2145 714 2224 ipsa
739 2158 784 2207 tot
818 2147 968 2225 stirpium,
1003 2157 1049 2208 tot
1071 2147 1215 2225 piscium,
1251 2155 1297 2207 tot
1330 2145 1510 2205 insectorum
1545 2142 1695 2204 animulae

333 2230 486 2310 numidia:
521 2239 554 2292 ut
592 2234 679 2295 facile
712 2236 818 2296 ruolem
853 2235 998 2315 reliquam
1035 2255 1088 2315 pro
1126 2235 1182 2296 hac
1220 2255 1276 2296 sna
1312 2234 1469 2295 nobilitate
1506 2241 1694 2293 contemnat.

331 2320 468 2399 Denique
501 2319 570 2380 ride
601 2321 671 2382 mihi
702 2324 901 2384 animalcula!
953 2324 997 2385 llt
1026 2325 1066 2385 ibi
1096 2324 1161 2401 jam
1185 2343 1291 2384 sensus
1325 2332 1356 2383 et
1388 2320 1551 2382 voluntarii
1584 2329 1695 2392 motos,

334 2408 538 2469 architectura
571 2428 727 2489 corporum
758 2412 892 2474 infinita:
928 2412 994 2473 vide
1018 2412 1089 2473 mihi
1113 2413 1192 2473 inter
1216 2408 1269 2471 illa
1298 2410 1481 2490 pulvisculos
1514 2409 1586 2483 hos,
1621 2428 1697 2490 quos

335 2497 469 2558 homines
495 2496 607 2568 dicunt,
632 2499 661 2559 in
686 2500 792 2579 quibus
815 2500 872 2561 Dei
897 2501 1006 2580 imago,
1026 2501 1075 2581 qni
1095 2500 1214 2561 llomini
1229 2509 1299 2561 snut
1314 2499 1407 2561 totius
1430 2497 1525 2559 rnolie.
1563 2497 1605 2558 Et
1629 2494 1696 2576 quis

335 2593 384 2646 eet
408 2595 561 2659 nostrum,
588 2588 637 2665 qui
666 2599 751 2668 optet
773 2589 830 2650 sibi
862 2609 969 2669 corpus
1002 2590 1101 2650 muudi
1136 2588 1350 2667 amplitudine,
1386 2596 1419 2648 ut
1443 2606 1497 2665 pro
1521 2605 1558 2647 eo
1591 2595 1697 2647 careat

332 2673 453 2735 anima?
500 2675 660 2736 Discamus
702 2679 792 2757 igitur
837 2678 982 2739 creatoris
1022 2677 1187 2756 iugeninrrr,
1228 2696 1284 2737 riou
1329 2675 1487 2755 gloriantis
1524 2674 1604 2736 mole
1641 2673 1696 2735 sed

332 2763 521 2824 attenuantis
546 2783 596 2836 ea,
627 2784 701 2843 «puae
725 2768 790 2828 vult
815 2766 936 2828 nobilia.
989 2768 1056 2828 non
1081 2775 1127 2826 est
1153 2766 1278 2826 mundus
1304 2766 1369 2826 Deo
1393 2783 1537 2842 magnus,
1562 2764 1618 2825 ned
1641 2782 1697 2824 nos

331 2870 433 2912 sumus
468 2851 577 2912 rrrrrudo
608 2855 702 2930 prorui.
751 2856 886 2932 Denique
919 2874 972 2933 per
1005 2857 1078 2915 haec
1112 2873 1203 2933 sopra
1232 2854 1314 2914 dicta
1348 2852 1507 2914 intervalla
1541 2853 1696 2915 discamus

330 2940 533 3000 conscendere
553 2940 591 3000 ad
612 2943 831 3003 aestimandam
847 2943 965 3004 divinae
990 2944 1143 3023 potentiae
1167 2942 1403 3022 arnplitndinem.

425 3026 564 3089 Remotis
588 3028 680 3107 igitur
703 3032 941 3108 obiectionibus,
976 3052 1050 3111 quae
1074 3040 1216 3112 poterant
1235 3051 1301 3092 esse
1326 3030 1501 3097 obstaculo,
1527 3027 1595 3105 jam
1620 3047 1696 3088 con-

334 3115 506 3176 siderentur
535 3117 679 3180 rationes.
726 3121 827 3182 Prima
851 3135 898 3180 est
923 3121 951 3182 in
977 3118 1096 3201 Opticis
1120 3139 1185 3198 cap.
1216 3121 1236 3179 l.
1282 3119 1409 3180 Ducitur
1432 3139 1451 3177 a
1481 3125 1591 3176 nutrire
1622 3117 1716 3178 lucis·

334 3205 361 3264 io
387 3224 502 3267 ornnem
536 3207 637 3268 orbem
668 3228 701 3269 se
734 3209 916 3289 spargentis.
962 3208 1015 3270 Sol
1040 3219 1088 3269 est
1112 3210 1177 3268 lenis
1203 3207 1286 3267 lucis.
1335 3208 1415 3284 Ergo
1450 3207 1477 3266 in
1512 3214 1630 3278 centro,
1664 3217 1699 3266 ut

333 3301 461 3373 spargat
484 3305 515 3354 et
540 3296 737 3375 dispertiatur
762 3300 855 3359 lucem
882 3297 968 3360 lineis
993 3297 1178 3377 aequalibus.

425 3383 524 3443 Italici
559 3385 728 3465 philosophi
766 3388 843 3465 apud
869 3388 966 3449 Arist.
994 3388 1027 3446 L.
1054 3387 1093 3446 ll.
1127 3386 1163 3445 de
1197 3384 1297 3454 coelo,
1331 3403 1357 3441 c.
1386 3379 1435 3444 13.
1461 3382 1550 3460 paulo
1585 3381 1696 3442 aliter:

334 3473 442 3545 μαλιςα
466 3495 622 3549 apocham
646 3477 850 3547 ᾳυλιιιιισθιιι
875 3499 908 3535 eo
929 3497 1107 3553 avpeoreaeoe
1133 3495 1187 3534 eoo
1214 3492 1332 3541 annoc-
1371 3471 1447 3531 Esse
1472 3481 1574 3530 autern
1600 3472 1699 3532 locum

334 3561 626 3639 praestantissimum
651 3587 683 3623 eo
716 3587 827 3637 precor,
861 3566 931 3643 quia
966 3566 1130 3635 internum,
1166 3563 1265 3639 itaque
1298 3581 1333 3620 eo
1372 3580 1465 3634 ,iasone
1502 3560 1700 3637 appellarunt

334 3652 407 3719 droa
431 3653 569 3727 pulaine.
610 3653 661 3712 Sic
686 3654 773 3731 ignis,
799 3654 862 3725 sol,
888 3654 916 3713 in
943 3661 1056 3726 centro,
1081 3651 1235 3712 custodiae
1259 3669 1360 3709 causa.
1399 3649 1432 3708 s'i
1457 3669 1490 3707 eo
1514 3669 1610 3720 μισοῖ
1626 3652 1699 3718 ,Ιιος

332 3742 456 3813 eulaeo,
481 3759 551 3818 ergo
576 3762 611 3799 ro
629 3764 686 3819 nvp
709 3746 779 3810 hog
804 3741 975 3816 ὀφθιιλμος,
1000 3751 1032 3800 ut
1051 3739 1103 3801 Sol
1129 3753 1177 3800 est
1203 3743 1274 3808 :hoe
1298 3737 1469 3814 dodaipoe,
1494 3745 1598 3797 custos
1624 3736 1698 3816 vigil

334 3837 364 3886 et
389 3829 560 3905 speculator
579 3831 690 3890 rrruodi.
729 3830 809 3904 llrgo
831 3852 865 3888 ro
883 3852 941 3907 πιιρ
966 3830 1177 3891 intellexerunt
1198 3829 1311 3889 Solem.
1351 3825 1497 3894 Quamvis
1522 3825 1578 3885 hoc
1602 3845 1698 3902 argn-

334 3929 466 3975 merrtum
497 3915 572 3976 inha
596 3920 663 3997 plus·
688 3919 844 3979 eorrrerriat
870 3938 936 3979 curu
961 3919 1021 3978 alio
1045 3926 1230 3992 argurrrento,
1255 3916 1348 3975 Arist.
1375 3914 1456 3991 ipsos
1486 3913 1577 3983 ridet,
1609 3912 1700 3976 oidee

336 4001 446 4073 airon:
461 4009 503 4064 dee
526 4010 729 4083 θορνβιισθαι
750 4029 813 4083 nego
832 4029 866 4066 eo
885 4030 950 4080 rrae,
972 4007 1040 4067 οὐδε
1059 4006 1182 4083 eiooyere
1200 4007 1328 4080 opinare
1346 4001 1390 4064 im
1411 4023 1445 4061 eo
1461 4023 1590 4080 aenpoe,
1611 4003 1700 4082 quael

334 4110 388 4172 pro
414 4113 510 4153 rerum
536 4096 733 4156 urrirersitate
759 4096 907 4176 trepident
931 4106 961 4156 et
985 4093 1169 4174 praesidium
1189 4094 1227 4153 ad
1249 4102 1382 4153 centrum
1407 4092 1576 4153 collocent:
1602 4112 1699 4172 qnare

334 4200 439 4260 nempe
469 4183 571 4243 ridet?
603 4185 684 4253 (luia
708 4184 765 4243 etsi
799 4186 913 4244 medius·
942 4197 973 4244 et
1001 4182 1281 4262 praestantissimus
1311 4181 1393 4240 locus
1427 4180 1488 4258 igni
1522 4180 1697 4252 deberetur,

333 4270 463 4331 medium
488 4283 518 4331 et
543 4273 735 4350 praestantia
760 4282 859 4333 tanuen
886 4282 935 4333 est
959 4271 1127 4349 rrrultiplen.

425 4360 487 4420 lure
512 4385 528 4416 o
545 4361 722 4432 Aristotele,
748 4362 825 4439 qrrod
848 4381 904 4420 mm
927 4371 974 4420 est
991 4361 1017 4419 iu
1039 4360 1138 4438 spatio
1164 4355 1303 4427 medium,
1329 4355 1356 4415 id
1377 4356 1539 4435 improprie
1565 4357 1699 4420 medium

333 4458 381 4507 est
405 4459 434 4508 et
460 4468 512 4527 per
536 4450 623 4527 hujus
647 4450 828 4527 analogiam.
866 4450 943 4510 Nam
968 4459 1153 4526 :igrioreruht
1174 4445 1374 4525 l‘ythagoraei
1401 4445 1591 4506 reris-simam
1617 4447 1698 4508 banc

334 4538 525 4611 seutentiam,
552 4539 579 4596 in
605 4539 771 4616 geometria
795 4556 863 4597 csse
888 4537 1083 4615 archetypum
1109 4536 1202 4595 tertius
1235 4533 1346 4593 numdi.
1395 4536 1469 4594 Cum
1495 4552 1569 4613 ergo
1595 4537 1700 4597 ruundi

333 4625 521 4705 sphaericum
546 4627 667 4686 sitnon
693 4635 809 4687 tautum
844 4625 939 4686 locale
968 4626 1020 4684 sed
1053 4625 1189 4684 iratorale.
1222 4622 1432 4699 sphaericum,
1464 4623 1535 4703 quia
1568 4626 1702 4686 rnnndue

335 4714 411 4773 hanc
436 4717 558 4788 liguram
594 4715 746 4792 suscepit,
781 4735 851 4789 crgo
882 4726 912 4773 et
945 4714 1032 4791 lmjus
1064 4711 1211 4790 sphaerici
1245 4710 1373 4771 medium
1405 4712 1623 4787 geometricum
1649 4725 1702 4776 est

334 4802 425 4862 etiam
457 4825 490 4862 eo
513 4824 563 4878 της
597 4825 716 4878 horream
747 4825 848 4876 precor.
896 4803 929 4862 si
955 4802 1115 4870 animalia,
1149 4820 1224 4878 «puae
1249 4799 1435 4860 Aristoteles
1468 4819 1522 4879 pro
1556 4804 1700 4883 exemplu

335 4890 468 4962 adducit,
494 4893 622 4954 rotunda
647 4911 715 4951 esse
739 4892 917 4970 potuissem,
945 4911 995 4950 cor
1020 4890 1119 4970 utiqrre
1145 4890 1172 4948 in
1198 4897 1299 4949 centro
1325 4887 1512 4951 habuissent.
