3692 5842
695 489 698 498 ·
734 470 766 523 n·
782 471 851 523 rma
870 471 1025 528 murena·
1043 472 1088 529 aa
1135 504 1137 508 -
1526 473 1594 542 aru

241 648 414 714 dstantiam
443 646 588 711 vitrorum
625 658 755 729 augeat,
793 670 850 731 qno
879 653 999 714 nomine
1032 654 1115 715 nulla
1144 674 1273 736 unquam
1304 654 1475 735 longitudo,
1512 655 1596 718 nulla

238 740 380 803 vitrorum
409 737 557 801 distantia
587 738 722 801 omnibus
749 739 869 802 omnino
902 761 999 803 rerum
1028 742 1366 823 appropinquationibus
1399 742 1518 806 sufficit.
1550 780 1596 791 -

237 830 272 892 In
303 827 431 890 lentium
460 827 599 890 crassitie
634 828 708 890 nihil
742 836 791 890 est
828 830 937 903 situm,
977 832 1135 893 dummodo
1176 833 1272 912 ligura
1302 832 1340 894 ad
1372 833 1450 893 hanc
1481 839 1595 895 atteru-

235 923 376 999 peretnr;
413 915 471 978 hoc
505 914 606 997 potins
644 917 822 979 incommodi
854 919 967 981 habent
995 939 1118 982 crassae
1146 939 1265 995 omnes,
1297 922 1373 1000 quod
1397 940 1450 1000 pro
1479 923 1593 983 crassi-

236 1006 351 1070 tudinis
373 1005 502 1068 modulis
526 1005 618 1067 etiarn
643 1006 739 1067 lucem
763 1006 909 1070 imbibunt
928 1028 1000 1069 suae
1020 1009 1208 1071 substantiae
1233 1009 1381 1072 coloribus
1401 1020 1433 1070 et
1450 1011 1594 1071 tenebro-

235 1095 341 1158 sitate.
389 1092 532 1158 Ceterum
555 1095 592 1156 de
615 1094 764 1175 politurae
788 1097 895 1157 effectu
917 1106 991 1177 puto
1016 1107 1046 1159 te
1069 1107 1150 1159 recte
1175 1098 1362 1173 ratiocinari,
1397 1099 1475 1178 qnod
1505 1106 1594 1161 ante·

237 1204 332 1266 quam
354 1182 509 1265 poliantur
531 1184 593 1245 sint
616 1184 747 1264 ejusdem
771 1186 932 1247 crassitiei.
967 1217 1009 1227 —
1046 1187 1210 1248 Bracteola
1241 1196 1370 1249 stannea
1401 1187 1476 1249 duos
1504 1188 1596 1250 habet

235 1294 330 1338 naus:
369 1292 461 1335 unum
490 1273 520 1334 in
546 1274 693 1345 materia,
732 1293 808 1353 quae
836 1274 939 1353 spissa
967 1275 1054 1337 simul
1083 1284 1131 1337 est
1159 1284 1318 1337 ettamen
1347 1276 1464 1350 mollis,
1503 1296 1595 1356 qnare

236 1364 351 1426 vitrum
384 1362 558 1423 incumbens
585 1369 684 1423 tntum
716 1371 907 1441 praestatur;
941 1364 1069 1427 alterum
1093 1365 1121 1426 in
1146 1364 1258 1444 figura,
1282 1365 1360 1444 quod
1384 1364 1462 1444 tegit
1484 1366 1596 1428 vitrum

237 1469 334 1532 usqne
368 1451 408 1511 ad
440 1461 600 1529 angustum
634 1452 768 1512 toramen
801 1462 907 1514 contra
937 1453 1054 1532 cupiam
1086 1453 1162 1515 lucis
1192 1453 1328 1515 diurnae.
1374 1453 1420 1515 At
1443 1454 1480 1515 ds
1504 1460 1592 1515 nocte

235 1539 423 1604 removenda
446 1546 502 1613 est,
529 1547 562 1601 ut
584 1538 694 1601 vitmm
717 1540 809 1601 latius
831 1541 899 1620 plus
923 1542 1000 1603 lucis
1024 1540 1315 1621 aquolibetpuucto
1331 1542 1449 1604 lucente
1468 1561 1594 1622 sparsae

235 1628 423 1691 admetiatur
445 1628 540 1690 oculo.
584 1628 651 1689 Hoc
674 1629 754 1690 idem
778 1630 902 1691 eandem
926 1630 964 1692 ob
988 1631 1203 1692 necessitatem
1221 1632 1286 1711 jam
1309 1651 1329 1692 a
1351 1650 1448 1693 rerum
1463 1631 1593 1711 primor-

235 1718 287 1781 dio
311 1724 345 1779 et
366 1725 478 1778 natura
500 1724 548 1779 est
571 1718 711 1796 amplexa
743 1716 773 1779 in
806 1719 1040 1781 conformatione
1063 1719 1196 1799 pupillae
1225 1719 1321 1796 oculi,
1356 1739 1432 1799 quae
1465 1720 1595 1782 naturali

236 1814 321 1870 motu
345 1806 486 1868 connivet
504 1813 536 1866 et
554 1806 615 1867 coit
633 1806 671 1866 ad
692 1806 816 1868 multam
834 1807 939 1882 lucem,
965 1808 1065 1870 subito
1089 1807 1222 1888 patescit
1245 1808 1284 1870 ad
1303 1807 1454 1883 tenebras,
1475 1808 1505 1869 id
1526 1809 1598 1871 licet

235 1895 417 1980 experiaris,
441 1902 533 1974 caput
552 1896 735 1957 alenestrae
759 1904 922 1976 conspectu
941 1897 980 1958 ad
999 1897 1169 1976 penetralia
1187 1896 1315 1959 obscura
1334 1896 1433 1976 aliquo
1448 1906 1594 1972 vertente,

237 1986 265 2047 si
288 1985 356 2065 ejus
380 1984 511 2063 pupillas
535 1984 564 2044 in
589 1993 714 2062 utroque
738 1985 798 2046 situ
831 1986 868 2046 de
899 1985 1036 2065 proximo
1065 1985 1242 2066 inspexeris.
1287 1984 1389 2065 Atque
1421 2007 1458 2047 en
1489 2005 1592 2047 vemm

237 2082 333 2136 antea
354 2073 486 2146 dictum,
522 2072 612 2134 tubae
645 2074 771 2135 formam
801 2074 872 2136 nihil
896 2075 983 2136 vitris
1008 2082 1062 2136 aut
1090 2074 1200 2136 visioni
1227 2075 1373 2137 conferre.
1419 2075 1497 2136 Nam
1522 2075 1592 2155 quid

238 2182 274 2226 os
298 2163 402 2225 luxum
426 2161 562 2223 conserat
584 2162 700 2224 canalis
724 2164 819 2243 hujus,
845 2164 871 2224 si
894 2163 1027 2225 vicissim
1051 2164 1203 2243 obtegitur
1226 2163 1351 2225 bractea
1374 2164 1526 2225 stannea?

327 2251 379 2314 Ad
416 2252 498 2311 vitra
535 2251 658 2312 transis.
713 2250 838 2331 Spirant
869 2261 924 2313 tua
961 2252 1093 2332 vestigia
1124 2253 1222 2314 violas
1258 2271 1433 2333 quacunque
1470 2253 1594 2316 incedis.

237 2344 343 2421 Atque
367 2358 423 2418 ego
447 2346 495 2400 tot
517 2340 578 2400 tuis
601 2340 732 2414 artibus,
757 2349 804 2401 tot
827 2342 1065 2416 festivitatibus,
1090 2341 1197 2421 quibus
1221 2349 1302 2403 tuam
1326 2360 1502 2420 personam,
1536 2342 1595 2403 imo

242 2448 316 2492 vern
341 2428 448 2509 quibus
472 2435 553 2489 tuum
577 2447 684 2489 nomen
708 2437 849 2510 tuumque
873 2432 988 2493 vultum
1012 2431 1067 2493 sub
1090 2449 1221 2509 persona
1250 2430 1395 2491 latentem
1423 2430 1594 2510 depinxisti,

238 2520 268 2581 iu
294 2517 427 2599 epistola
449 2515 526 2578 bunc
550 2518 769 2597 superscribam
793 2519 933 2581 titulum:
958 2520 1029 2581 Hic
1053 2518 1277 2581 Gratiarum
1301 2520 1468 2592 soboles,
1492 2519 1595 2598 lepus

237 2616 305 2669 est.
353 2606 527 2670 Naturae
558 2606 672 2668 simia.
727 2608 891 2687 Pegasus
929 2607 1212 2688 Philosophiae.
1272 2608 1368 2690 Lyra
1404 2607 1593 2688 Eloquen-

237 2697 330 2759 tiae.
366 2730 412 2741 -
449 2692 638 2773 Coujecturis
676 2704 775 2758 tamen
807 2717 878 2758 usus
912 2717 968 2777 ego
1001 2717 1059 2758 non
1092 2716 1157 2758 snnr
1191 2697 1243 2759 sed
1278 2696 1593 2759 demonstrationibus.

237 2784 351 2849 Omnia
373 2783 435 2845 ista
457 2791 600 2845 constant
622 2785 718 2863 figura
742 2785 809 2847 binc
832 2787 1044 2869 hyperbolica,
1074 2785 1142 2846 inde
1166 2805 1311 2848 convexa.
1358 2786 1438 2861 Adi,
1471 2786 1498 2846 si
1530 2786 1592 2847 fors

239 2873 402 2947 affulserit,
426 2892 524 2934 meam
547 2874 731 2953 Dioptricen,
758 2894 832 2954 qnae
856 2883 994 2936 versatur
1017 2876 1047 2936 in
1071 2874 1207 2937 manibus
1231 2873 1299 2937 Ser.
1323 2873 1474 2936 Electoris
1498 2872 1594 2936 Colo-

236 2962 361 3038 nieusis,
387 2970 420 3023 et
442 2963 480 3023 ab
504 2981 539 3023 eo
564 2963 606 3023 uti
630 2982 718 3042 spero
743 2971 815 3044 typo
838 2965 958 3043 publico
983 2964 1186 3026 exornabitur.
1234 2963 1295 3025 Cur
1319 2963 1410 3043 igitur
1434 2971 1466 3024 tu
1490 2964 1593 3024 diver-

236 3071 303 3115 sum
331 3050 559 3130 deprehendisti
589 3052 619 3112 in
652 3053 849 3114 instrumento
875 3052 1031 3115 Galilaei?
1078 3052 1159 3123 Quia
1191 3053 1464 3114 demonstrationes
1496 3071 1595 3113 rerum

237 3142 343 3222 apices
365 3147 587 3220 consequuntur
605 3139 821 3215 subtilissime;
845 3143 1088 3204 machinamenta
1106 3151 1235 3221 possunt
1258 3161 1375 3203 rursum
1399 3160 1593 3220 prorsumque

235 3231 355 3310 νομοί.
402 3229 507 3309 ltaque
532 3248 619 3308 quam
643 3250 699 3309 ego
722 3230 872 3291 internam
895 3231 1082 3310 superficiem
1105 3231 1185 3292 volui
1208 3250 1275 3291 esse
1299 3230 1532 3312 hyperbolicam,
1557 3250 1595 3292 ea

239 3318 376 3383 Galilaei
400 3318 596 3380 instrumento
621 3319 677 3380 fnit
699 3321 830 3381 exterior
853 3320 1047 3394 convexitas;
1071 3318 1205 3381 vicissim
1220 3339 1310 3399 quam
1333 3338 1389 3397 ego
1414 3319 1594 3380 exteriorem

238 3409 331 3491 posui
355 3407 588 3479 convexitatem,
612 3427 650 3469 ea
674 3408 731 3470 fnit
750 3407 890 3470 Galilaea
915 3408 1039 3470 interior
1055 3408 1207 3487 planities.
1246 3405 1363 3469 Causas
1388 3407 1596 3469 diversitatum

236 3498 366 3562 reddam
388 3514 502 3558 omnes.
548 3496 678 3558 Primum
702 3498 878 3576 ignorabam
900 3504 990 3571 tunc,
1025 3498 1102 3577 quod
1131 3497 1197 3575 jam
1230 3504 1278 3557 est
1302 3496 1539 3557 demonstratum
1563 3497 1592 3557 in

236 3585 409 3668 Dioptrice,
438 3585 515 3646 situs
539 3586 757 3665 aequipollere,
794 3607 848 3647 nec
876 3587 1025 3647 interesse
1050 3594 1118 3647 utra
1141 3583 1313 3665 superficies
1336 3584 1498 3645 introrsum
1522 3602 1593 3645 ver-

237 3685 322 3739 tatur
345 3683 563 3735 extrcrsumve.
602 3675 718 3736 Deinde
742 3676 929 3753 ignorabam,
954 3675 1151 3736 retractiones
1174 3674 1246 3735 vitri
1268 3674 1317 3733 vel
1340 3672 1478 3754 crystalli
1502 3692 1594 3752 nsque

239 3765 277 3827 ad
302 3763 489 3826 tricesimum
512 3764 637 3843 gradum
660 3764 861 3825 inclinationis
892 3765 933 3825 ad
966 3784 1085 3825 sensum
1110 3763 1311 3843 aequipollere
1335 3761 1594 3836 inclinationibus3

238 3854 297 3916 boc
321 3851 472 3932 posterius
496 3852 535 3912 ab
558 3852 744 3931 experientia
768 3854 824 3914 suit
848 3854 1051 3915 mutuandum.
1098 3854 1163 3914 Hoc
1196 3871 1267 3913 vero
1299 3852 1422 3913 obtento
1451 3851 1594 3931 seqnitur,
1697 3863 1699 3870 '

243 3941 443 4024 hyperbolem
462 3940 501 4001 ad
521 3960 641 4003 sensum
660 3942 733 4003 nihil
752 3943 871 4004 differre
887 3964 905 4003 a
924 3961 1056 4003 convexo
1080 3941 1237 4022 sphaerico
1261 3941 1394 4003 intanta
1416 3940 1595 4002 subtilitate.

240 4030 322 4104 Quid
345 4030 437 4109 igitur
459 4029 626 4109 planities?
673 4029 766 4106 Quia,
791 4032 869 4110 quod
894 4040 1052 4109 cognatum
1076 4041 1126 4092 est
1153 4030 1262 4111 primo,
1294 4031 1489 4110 ignorabam,
1522 4050 1596 4091 con·

239 4120 394 4181 veritates
417 4118 573 4198 utriusque
596 4120 763 4198 superficiei
795 4139 885 4199 posse
919 4121 1099 4181 accumulari
1124 4120 1286 4191 inunum,
1318 4120 1434 4198 reliqna
1457 4127 1596 4179 manente

238 4210 344 4291 plana.
389 4204 525 4277 Quarto:
549 4208 579 4268 in
604 4208 774 4270 institutam
798 4210 877 4270 hanc
901 4209 1117 4283 subtilitatem,
1143 4217 1177 4269 nt
1208 4209 1316 4269 vitrum
1348 4207 1481 4268 exterius
1514 4214 1598 4267 esset

238 4297 368 4361 circuitu
391 4293 445 4359 30⁴
475 4314 640 4357 convexum
669 4306 746 4373 etc,
780 4318 827 4359 me
850 4299 907 4360 hoc
931 4297 1066 4372 induxit,
1097 4299 1173 4378 quod
1198 4298 1323 4371 scirem,
1358 4296 1466 4356 vitrum
1490 4313 1596 4355 cavum

238 4386 410 4468 ponendum
434 4404 578 4446 essenon
603 4386 690 4463 longe
711 4408 729 4446 a
747 4406 893 4449 concursu
918 4387 1086 4461 radiorum
1112 4406 1180 4447 nam
1200 4386 1244 4448 sic
1268 4384 1407 4447 instituta
1432 4383 1595 4455 subtilitas,

239 4494 278 4537 ac
300 4474 328 4536 si
352 4476 382 4537 in
406 4473 557 4552 ipsissimo
587 4484 697 4553 puncto
728 4496 890 4537 concursus
921 4476 1126 4537 collocandum
1157 4483 1239 4535 esset
1266 4474 1394 4546 vitrum,
1427 4473 1506 4553 quod
1535 4472 1597 4533 lieri

239 4583 300 4632 nun
324 4569 439 4642 potest.
486 4561 562 4623 Cum
587 4582 657 4639 ergo
682 4565 796 4625 distare
826 4565 936 4625 debeat
964 4583 1070 4625 cavum
1104 4564 1142 4623 ab
1175 4564 1231 4624 boc
1260 4563 1409 4624 radiorum
1442 4580 1596 4633 concursu,

235 4653 304 4732 jam
329 4652 422 4730 igitur
445 4653 540 4712 omnis
564 4652 618 4712 illa
643 4652 774 4713 fabricae
799 4672 884 4713 meae
909 4653 1080 4727 subtilitas,
1112 4674 1131 4712 a
1154 4671 1199 4711 me
1225 4651 1400 4712 meticulose
1424 4652 1596 4722 observata,

239 4739 328 4802 irrita
351 4738 497 4813 efficit-un
522 4741 579 4801 etsi
604 4740 628 4800 si
654 4741 866 4802 observaretur
889 4761 947 4802 non
972 4742 1131 4821 impediret
1155 4743 1312 4815 effectum,
1340 4740 1463 4819 juvaret
1486 4738 1596 4818 potius.

238 4831 327 4892 Hanc
351 4830 452 4908 itaque
477 4828 599 4907 plagam
624 4848 681 4889 riou
708 4831 883 4903 declinab03
909 4838 991 4891 recte
1015 4831 1120 4892 sentis.
1167 4831 1235 4891 Non
1260 4838 1378 4889 tanturn
1403 4838 1435 4889 tu
1460 4829 1488 4889 iu
1505 4825 1596 4889 Gali·

239 4919 300 4981 laei
325 4919 523 4979 instrumento
547 4920 660 4978 frustra
684 4919 903 4980 consectareris
927 4920 1038 4997 gradus
1063 4928 1095 4980 et
1118 4918 1252 4992 minuta,
1283 4916 1353 4996 quia
1377 4915 1534 4979 Galilaeus
1558 4916 1598 4976 ad

240 5026 395 5086 nnmerum
420 5025 479 5069 non
503 5007 651 5086 respexit,
686 5009 739 5068 sed
770 5008 975 5069 mechanicam
1009 5006 1244 5087 explorationem
1274 5006 1451 5085 magistram
1484 5005 1597 5078 habuit,
