3692 5842
362 473 425 543 124
888 479 1001 545 Epistola
1019 479 1201 529 Dedicatorla..

363 654 482 717 tissime
505 654 696 734 probauerit,
729 662 778 714 sat
809 674 864 733 ego
889 674 936 717 me
961 656 1078 718 felicem
1107 656 1303 723 existimabo,
1334 655 1510 728 feliciorem,
1544 654 1593 716 ubi
1628 652 1718 713 etiarn

360 743 509 805 invenerit
531 744 561 804 in
586 744 642 804 hoc
667 761 773 821 opere,
807 744 885 823 quod
909 744 1009 806 divino
1034 747 1098 825 ejus
1124 746 1159 807 de
1184 746 1318 806 omnibus
1344 745 1459 806 artibus
1483 743 1598 823 judicio
1624 742 1717 802 satis·

360 832 467 906 faciat,
500 833 637 911 quodque
661 832 794 905 animus,
829 835 1100 913 praestantissimis
1125 834 1345 896 inventionibus
1369 832 1485 912 pridem
1510 840 1716 902 exsaturatus,

359 920 428 982 hinc
453 921 616 981 etiamnum
641 920 849 999 concupiscat:
876 923 964 1001 longe
979 942 1050 984 vero
1076 923 1293 997 felicissimum,
1319 923 1358 995 si,
1385 940 1473 1001 quarn
1490 922 1640 981 hactenns
1664 938 1718 979 ex·

357 1018 462 1089 pertus
490 1029 571 1082 sum,
606 1010 713 1071 eadem
744 1029 790 1071 me
815 1012 975 1072 clementia
997 1013 1138 1092 prosequi
1162 1021 1280 1091 pergat.
1328 1010 1379 1072 Sic
1410 1010 1489 1070 enim
1524 1010 1718 1070 metuendum

357 1097 429 1159 mihi
453 1116 641 1177 nequaqnam
665 1098 737 1171 erit,
767 1119 803 1160 ne
832 1101 870 1161 ab
895 1100 951 1161 hoc
975 1119 1041 1162 meo
1066 1120 1185 1162 munere
1210 1120 1264 1161 cen
1289 1100 1326 1160 ab
1351 1118 1420 1160 arce
1444 1117 1529 1158 meae
1555 1097 1623 1158 fidei
1650 1117 1717 1157 cre-

359 1186 423 1248 dita
446 1186 689 1265 perniciossimns
714 1188 823 1250 artium
847 1189 959 1258 hostis,
984 1190 1218 1268 indigentia,
1244 1208 1290 1249 me
1315 1188 1394 1248 fame
1409 1196 1615 1265 expugnatum
1640 1185 1717 1263 deji-

358 1276 435 1346 ciat,
460 1294 555 1355 neque
581 1275 796 1350 dubitandum,
823 1278 890 1357 quin
907 1279 1059 1356 Majestas
1074 1278 1138 1338 Tua
1162 1298 1214 1338 eas
1230 1277 1301 1337 mihi
1327 1277 1484 1356 suppetias
1508 1284 1541 1336 et
1565 1294 1718 1335 commea·

359 1376 424 1425 tnm
451 1363 582 1425 missura
605 1365 646 1426 sit
676 1364 705 1425 in
734 1375 884 1446 tempore,
919 1385 976 1445 quo
1006 1374 1127 1446 recepto
1165 1366 1350 1427 obsidionem
1382 1365 1513 1425 tolerare
1536 1364 1718 1442 tandemque

359 1452 496 1514 omnibus
520 1453 673 1533 superatis
697 1454 925 1518 difficultatibus
949 1456 1064 1535 reliqna
1096 1474 1163 1515 mea
1192 1453 1306 1525 studia,
1339 1454 1378 1514 ad
1411 1454 1536 1532 gloriam
1570 1452 1645 1524 Dei,
1681 1451 1717 1510 ad

358 1541 592 1603 celebrationem
607 1543 783 1622 Majestatis
809 1551 896 1617 tuae,
920 1553 953 1605 et
976 1545 1096 1605 hnmani
1120 1544 1238 1623 generis
1263 1543 1426 1604 utilitatem
1451 1541 1634 1621 spectantia,
1662 1540 1717 1599 ab·

315 1678 320 1687 .
357 1630 476 1691 solvere
501 1630 630 1692 feliciter
653 1631 776 1709 possim.

447 1718 549 1779 Deus
575 1717 716 1797 Optimus
731 1720 884 1780 Maximus
899 1720 994 1780 Tuam
1009 1722 1085 1802 Imp.
1103 1722 1299 1799 Majestatem
1324 1738 1412 1797 quam
1432 1718 1604 1778 diutissime
1629 1725 1716 1776 tuea-

357 1815 408 1867 tur
431 1807 625 1880 incolnmem,
659 1809 781 1887 ejusque
806 1808 982 1870 uictricibus
1007 1811 1097 1871 armis
1123 1808 1362 1870 Othomannicac
1387 1808 1491 1867 domus
1516 1804 1717 1888 tyrannidem,

357 1896 445 1958 annis
470 1905 636 1968 maturam,
670 1897 828 1958 barbarica
859 1897 986 1959 inrisam
1016 1899 1168 1978 superbia,
1208 1897 1404 1976 blasphemiis
1430 1894 1666 1961 intolerabilem.
1700 1913 1719 1953 a

358 1982 599 2047 Christianorum
624 1986 791 2046 cervicibus
815 2005 903 2065 porro
923 2004 1039 2066 quoqne
1055 2007 1143 2066 quarn
1160 1986 1333 2064 longissime
1349 1985 1510 2064 propellat.
1544 1984 1665 2060 Pragae
1677 1982 1716 2041 V.

358 2072 485 2136 Calend.
509 2072 658 2152 Augusti,
684 2074 733 2153 qui
757 2075 822 2135 dies
847 2074 883 2136 S:
898 2073 987 2136 Caes.
1004 2075 1163 2155 Majestati
1182 2075 1264 2135 Tuae
1291 2072 1570 2154 quinquagesimum
1595 2072 1716 2131 tertium

356 2161 500 2224 Natalem
516 2162 639 2235 extulit,
665 2164 826 2225 Persarum
841 2163 922 2242 regis
939 2165 1089 2245 legatione
1105 2162 1409 2226 honorificentissima
1432 2162 1592 2223 illustrem.
1628 2160 1716 2220 Anno

355 2248 473 2313 Salutis
496 2252 644 2313 hnmanae
669 2244 819 2315 MDClV.

901 2428 933 2489 S.
960 2426 995 2489 C.
1021 2428 1063 2490 M.
1089 2428 1171 2488 Tuae

1018 2604 1264 2683 Subjectissimus

1178 2726 1416 2788 Mathematicus

1270 2851 1413 2914 Ioannes
1435 2850 1607 2932 Keplcms.
