3692 5842
1672 465 1838 531 caput
1871 466 1961 519 π
2004 465 2056 518 5.
2769 514 2790 521 ,
3102 469 3232 536 277

502 656 658 710 lonae
705 657 981 724 quaedam
1023 671 1123 709 ceu
1166 655 1338 709 rimae
1369 660 1470 709 aut
1508 657 1740 709 fissurae
1782 656 2099 710 decurrant.
2212 647 2280 707 Id
2347 646 2670 708 Reinholdi
2744 647 2909 709 visus
2977 650 3232 712 acumini

503 734 865 796 credendum
913 742 1036 806 est,
1097 752 1270 812 quem
1319 735 1683 795 Plutarchus
1743 734 1946 796 libello
1997 736 2069 795 de
2135 735 2289 796 facie
2339 737 2546 796 Lunae
2595 737 2944 798 confirmare
2991 738 3230 801 videtur

502 822 593 883 his
641 822 884 883 verbis:
931 835 1108 886 Atrae
1153 832 1209 886 in
1252 835 1414 886 Luna.
1454 841 1795 902 apparentes
1838 834 2091 886 maculae
2135 833 2295 902 quasi
2338 832 2552 886 isthmia
2596 835 2925 903 quibusdam
2965 852 3002 889 a
3042 838 3226 906 splen·

501 915 629 967 dore
671 913 936 966 umbrosa
990 912 1266 966 dividente
1311 914 1392 966 ita
1447 914 1893 983 distinguuntur,
1952 922 2017 965 ut
2059 915 2260 966 avulsa
2302 930 2337 966 a
2378 930 2438 966 se
2482 922 2540 966 et
2591 915 2703 968 suis
2759 915 2959 969 finibus
3004 917 3229 971 circum-

502 993 712 1062 scripta
751 992 866 1046 sint
907 999 966 1045 et
1004 993 1305 1046 lucidorum
1348 993 1404 1046 in
1438 996 1700 1048 umbrosa
1738 993 2057 1063 penetratio
2102 999 2365 1047 texturae
2410 994 2693 1063 cujusdam
2722 997 2957 1069 figuram
3001 997 3227 1053 efficiat.

613 1137 676 1204 5.
773 1141 875 1202 De
925 1148 1189 1202 aetate
1239 1143 1490 1204 Lunae
1549 1142 2070 1221 cognoscenda
2118 1161 2202 1202 ex
2255 1142 2589 1220 phaseos
2648 1143 3109 1224 quantitate.

673 1265 819 1327 Jam
867 1266 1022 1345 quod
1069 1266 1147 1326 ad
1197 1267 1363 1346 ipsas
1413 1266 1620 1326 Lunae
1666 1266 1893 1344 phases
1960 1265 2208 1340 attinet,
2269 1265 2644 1327 Reinholdus
2702 1286 2934 1330 rursum
2990 1279 3218 1344 monet,

499 1362 885 1433 augmentum
933 1354 1171 1416 luminis
1218 1354 1648 1434 propemodum
1708 1355 2069 1434 respondere
2134 1354 2429 1433 digressui
2475 1355 2685 1416 Lunae
2733 1376 2771 1416 a
2818 1355 2990 1432 Sole,
3062 1360 3218 1438 quod
3247 1396 3267 1417 x

500 1462 570 1503 ex
616 1442 803 1504 Plinii
850 1444 1104 1504 obscuro
1153 1444 1411 1523 quodam
1458 1443 1590 1504 loco
1637 1451 1973 1517 mutuatur,
2024 1444 2266 1523 ejusque
2315 1462 2519 1505 verum
2568 1463 2807 1507 sensum
2858 1447 3222 1526 conjecturis

498 1540 771 1594 venatur.
863 1532 1017 1592 Mihi
1062 1534 1243 1611 paulo
1293 1532 1454 1593 aliud
1503 1550 1681 1611 quam
1730 1532 2070 1594 Reinholdo
2119 1532 2349 1594 Plinius
2399 1533 2597 1594 dicere
2644 1534 2921 1608 videtum
2985 1556 3216 1599 summa

496 1630 699 1683 tamen
749 1621 1089 1682 sententiae
1137 1621 1196 1683 in
1238 1622 1350 1683 hoc
1398 1622 1591 1699 ipsum
1639 1622 1881 1682 axioma
1928 1623 2235 1683 tendente.
2330 1622 2509 1683 Plinii
2556 1623 2757 1703 itaque
2808 1625 2999 1685 locum
3048 1627 3214 1705 prius

496 1709 836 1789 explicabo.
942 1720 1120 1783 Luna,
1171 1711 1383 1790 inquit,
1433 1723 1599 1785 lucet,
1646 1718 1959 1785 dodrantes,
2022 1721 2326 1776 semuncias
2368 1721 2628 1774 horarum
2670 1721 2934 1790 adjiciens
2997 1715 3211 1785 (aceu-

494 1800 730 1861 mulans
779 1817 925 1859 suae
971 1800 1132 1876 parti
1182 1801 1432 1872 lucenti)
1477 1812 1549 1863 ab
1592 1813 1835 1864 secunda
1879 1802 2102 1862 aetatis
2150 1819 2297 1861 suae
2347 1799 2479 1859 die:
2538 1818 2678 1859 nam
2725 1811 2866 1861 ante
2917 1802 3073 1864 latet
3117 1805 3212 1864 vel

491 1889 654 1961 silet,
707 1915 878 1967 usque
921 1899 990 1950 ad
1032 1899 1255 1967 plenum
1299 1901 1501 1962 orbem,
1547 1901 1957 1970 detrahensque
2004 1890 2182 1970 pleno
2220 1887 2350 1948 orbi
2397 1898 2452 1951 in
2494 1897 2921 1963 diminutionem,
2976 1899 3040 1952 et
3076 1900 3219 1952 tan-

490 1977 627 2038 dem
676 1975 737 2038 in
784 1975 1115 2054 plenariam
1164 1977 1613 2039 extinctionem.
1689 1979 1764 2039 Id
1811 1986 1942 2040 est:
1994 1979 2135 2058 quia
2163 1980 2338 2041 Luna
2368 1977 2425 2037 in
2473 1976 2854 2054 oppositione
2903 1978 3219 2042 duodecim

489 2066 657 2127 horis
704 2072 846 2144 post
887 2063 1095 2127 Solem
1141 2065 1200 2126 in
1249 2067 1509 2127 medium
1576 2067 1727 2127 coeli
1794 2067 1993 2140 venit,
2061 2075 2123 2128 et
2179 2086 2322 2127 vero
2371 2073 2436 2126 ut
2483 2085 2553 2125 as
2609 2064 2700 2125 ita
2763 2073 2959 2127 totum
3006 2069 3215 2129 Lunae

489 2173 709 2232 corpus
757 2154 950 2233 ipsum
1013 2172 1244 2234 quoque
1293 2155 1351 2215 in
1402 2156 1714 2217 duodecim
1779 2164 1989 2235 partes
2038 2176 2141 2217 seu
2190 2155 2415 2234 digitos
2483 2153 2810 2216 dividitur:
2875 2155 3009 2215 ideo
3068 2165 3213 2237 quot

489 2244 657 2305 horis
706 2242 882 2304 Luna
925 2262 962 2303 a
992 2241 1135 2304 Sole
1185 2244 1393 2316 distat,
1443 2253 1536 2305 tot
1583 2245 1773 2305 unciis
1804 2264 1910 2305 seu
1960 2244 2168 2323 digitis
2215 2245 2416 2316 lucet;
2467 2261 2537 2303 ac
2568 2261 2699 2303 cum
2732 2262 2849 2305 non
2899 2245 3209 2307 duodecim

487 2332 597 2393 sed
645 2331 986 2411 quindecim
1030 2331 1240 2392 diebus
1288 2334 1610 2412 impleatur
1655 2354 1694 2394 a
1738 2334 1929 2411 primo
1980 2343 2224 2405 exortu,
2275 2333 2459 2412 igitur
2506 2350 2622 2392 non
2674 2332 2943 2413 quolibet
2991 2335 3216 2397 aetatis

488 2421 587 2482 die
633 2419 880 2498 integra
926 2420 1077 2481 hora
1123 2420 1316 2482 distat
1362 2422 1595 2500 longius
1629 2443 1668 2483 a
1705 2420 1851 2484 Sole
1899 2443 2008 2484 nec
2058 2423 2356 2500 integrum
2668 2462 2775 2526 Fig.
2817 2460 2903 2511 88.

487 2509 746 2587 digitum
824 2509 1035 2589 adjicit
1108 2511 1266 2588 parti
1342 2510 1602 2572 lucenti:
1686 2512 1794 2572 sed
1872 2513 2226 2573 dodrantem
2292 2519 2356 2571 et
2742 2553 2774 2594 ι

489 2597 880 2673 semunciam,
932 2598 1043 2659 hoc
1082 2608 1179 2660 est
1213 2595 1324 2662 45¹
1355 2609 1414 2659 et
1445 2593 1618 2680 272¹,
1669 2600 1727 2660 in
1774 2600 2115 2663 universum
2152 2597 2236 2663 47
2259 2596 2354 2683 ¹s2‘

489 2688 665 2749 unius
732 2687 946 2767 digiti,
1013 2706 1083 2749 eo
1130 2689 1287 2767 quod
1344 2683 1509 2770 4772
1581 2690 1762 2751 horae
1830 2690 2075 2751 minutis
2122 2710 2159 2750 a
2207 2688 2350 2752 Sole

488 2775 827 2854 digreditur
887 2775 1135 2837 dietim:
1206 2777 1546 2839 distributis
1610 2779 1767 2838 enim
1822 2776 1900 2839 12
1950 2779 2111 2840 horis
2158 2778 2214 2838 in
2274 2776 2349 2841 ‘15

488 2866 649 2933 dies,
717 2863 967 2926 veniunt
1012 2866 1111 2926 uni
1168 2866 1285 2926 diei
1333 2862 1419 2928 48
1485 2866 1732 2927 minuta.
1767 2862 1853 2939 ⁶⁰)
1949 2867 2141 2928 Plinio
2208 2887 2350 2928 vero

486 2953 823 3033 praecisior
851 2953 1256 3014 denominatio
1281 2974 1394 3015 non
1420 2957 1801 3033 suppetebat,
1838 2975 2014 3035 quam
2037 2956 2349 3018 dodrantis

486 3042 854 3104 semunciae.
948 3044 1160 3122 Itaque
1210 3051 1273 3103 et
1318 3043 1549 3104 Plinius
1611 3045 1895 3123 agricolis
1952 3053 2015 3105 et
2073 3046 2350 3124 patribus

492 3132 755 3192 familias
801 3131 1070 3209 regulam
1119 3131 1324 3205 tradit,
1377 3151 1452 3191 ex
1501 3132 1814 3194 latitudine
1866 3135 2120 3195 lucentis
2168 3154 2353 3196 cornu

488 3221 722 3281 discere
788 3229 1054 3281 aetatem
1103 3221 1341 3294 Lunae,
1409 3220 1521 3282 hoc
1569 3229 1666 3281 est
1721 3222 2154 3299 digressionem
2220 3225 2349 3302 ejus

488 3330 524 3369 a
591 3309 742 3371 Sole
806 3317 971 3370 motu
1041 3310 1256 3370 medio.
1368 3311 1543 3370 Hanc
1625 3311 1896 3388 regulam
1958 3312 2009 3371 si
2075 3312 2207 3391 quis
2275 3314 2349 3373 ad

487 3397 778 3459 amussim
825 3398 994 3478 sequi
1042 3398 1208 3472 velit,
1247 3397 1620 3460 Reinholdus
1667 3408 1888 3473 monet,
1942 3402 2149 3462 fallere
2197 3420 2347 3461 non·-

486 3487 656 3549 nibil.
753 3487 883 3548 Nos
932 3495 995 3548 et
1054 3487 1181 3549 veri
1244 3488 1754 3567 propinquitatem
1802 3497 1866 3548 et
1912 3488 2351 3551 aberrationem

491 3575 806 3637 leviculam
856 3575 1399 3637 demonstrabimus
1447 3577 1559 3638 hoc
1606 3578 1937 3640 schemate.

665 3667 726 3726 A
775 3673 984 3725 centro
1046 3663 1343 3725 scribatur
1409 3665 1665 3726 circulus
1731 3667 2022 3728 maximus
2084 3667 2350 3745 corporis

487 3753 699 3815 Lunae
741 3751 929 3828 BCD,
975 3754 1036 3815 in
1087 3772 1156 3814 eo
1185 3752 1357 3815 BAC
1409 3753 1756 3831 diametros,
1806 3756 1978 3835 eique
2028 3755 2103 3817 ad
2152 3764 2352 3818 rectos

488 3842 672 3904 EAT.
771 3840 985 3923 Sitque
1031 3841 1085 3902 E
1136 3849 1404 3904 centrum
1453 3842 1643 3918 Solis,
1704 3863 1847 3923 ergo
1909 3837 2161 3907 circulus
2209 3846 2353 3906 illu-

490 3930 837 3993 minationis
878 3932 991 3992 erit
1035 3931 1360 4010 parallelus
1400 3934 1474 3993 ad
1508 3930 1696 4007 BAC,
1747 3934 1980 3995 scilicet
2011 3931 2144 3995 FG.
2212 3933 2354 3996 Jam

487 4029 761 4083 sumatur
789 4021 848 4080 H
894 4028 1178 4099 punctum
1222 4029 1396 4081 extra
1443 4021 1662 4082 lineam
1692 4021 1827 4096 EA,
1878 4024 2032 4103 quod
2073 4023 2355 4102 designet

488 4110 685 4171 locum
734 4109 792 4169 in
837 4109 1152 4189 superficie
1190 4108 1413 4170 Terrae
1454 4110 1510 4170 in
1563 4129 1677 4190 quo
1726 4112 1892 4172 visus
1939 4113 2240 4185 consistit,
2288 4123 2353 4175 et

487 4199 742 4260 ducatur
789 4197 911 4258 ΔΗ
957 4198 1117 4259 linea
1162 4198 1295 4258 axis
1325 4199 1530 4259 circuli
1579 4199 1823 4260 visionis
1854 4201 2084 4274 Lunae,
2134 4202 2230 4282 qui
2270 4203 2354 4264 sit

486 4287 618 4362 KL,
652 4295 720 4346 et
748 4294 1140 4348 connectatur
1174 4285 1308 4347 ΕΗ.
1379 4285 1530 4349 Cum
1573 4307 1714 4366 ergo
1748 4288 1802 4348 iu
1847 4289 2147 4367 triangulo
2177 4291 2352 4353 ΔΕΗ

486 4375 806 4454 vigecuplo
846 4375 973 4437 fere
1020 4375 1258 4453 longius
1294 4376 1378 4436 sit
1422 4377 1581 4437 latus
1615 4377 1726 4437 ΑΕ
1771 4395 1948 4457 quam
1975 4378 2113 4454 ΑΗ,
2164 4380 2350 4442 multo
2423 4402 2426 4405 ¹

488 4462 673 4544 igitur
721 4462 917 4543 major
955 4463 1072 4525 erit
1118 4464 1372 4542 angulus
1411 4464 1603 4541 ΑΗΕ,
1654 4466 2061 4528 determinans
2111 4467 2350 4546 digres-

487 4551 720 4614 sionem
765 4552 977 4615 Lunae
1025 4572 1063 4612 a
1100 4550 1263 4625 Sole,
1313 4571 1487 4632 quam
1537 4555 1791 4634 angulus
1837 4555 2031 4629 ΑΕΗ,
2083 4556 2349 4637 utrisque

487 4658 630 4705 vero
667 4639 905 4720 junctis
952 4641 1223 4722 aequalis
1266 4649 1363 4702 est
1400 4643 1663 4704 exterior
1706 4651 1769 4705 et
1814 4643 2129 4724 oppositus
2160 4646 2348 4708 TAH.

486 4729 650 4811 Ergo
699 4727 877 4792 TAH
931 4730 1126 4810 major
1184 4729 1425 4809 quidem
1486 4740 1582 4793 est-
1635 4731 1810 4794 ΑΗΕ
1872 4733 2247 4813 digressione
2290 4736 2344 4806 32

487 4838 527 4879 a
567 4814 753 4890 Sole,
812 4819 922 4881 sed
969 4819 1185 4897 exiguo
1233 4819 1442 4898 major.
1537 4818 1662 4881 Sed
1710 4821 1883 4884 TAH
1928 4831 2028 4884 est
2073 4822 2348 4902 angulus,

487 4924 602 4987 qno
648 4907 1016 4970 inclinantur
1059 4909 1182 4969 ΑΗ
1241 4908 1373 4968 axis
1437 4907 1687 4970 visionis
1735 4917 1798 4970 et
1843 4909 1960 4972 ΔΕ
2007 4911 2140 4972 axis
2204 4910 2346 4974 illu-

487 4993 857 5070 minationis,
906 4997 986 5058 nd
1023 5014 1200 5076 quem
1245 4998 1528 5076 angulum
1574 4997 1836 5060 latitudo
1865 4999 2121 5063 lucentis
2166 5018 2349 5063 cornu
