3692 5842
349 462 414 529 2!ss
824 470 1012 536 Paralipomona
1030 473 1056 520 in
1075 471 1242 524 Vitellionem.

349 643 497 725 repercuti
528 644 620 705 etiam
649 653 776 725 possunt
806 647 833 706 in
864 653 934 707 aere
963 648 1001 708 ab
1033 648 1095 726 ejus
1122 666 1262 727 suprema
1292 648 1465 727 superficie,
1499 657 1534 710 ut
1556 668 1613 729 pro
1637 647 1707 710 Sole

351 733 463 794 idolum
487 732 552 811 ejus
575 732 604 794 in
629 734 717 795 Nora
742 736 866 795 Zembla
890 756 909 795 a
931 735 1058 797 Batauis
1083 736 1177 797 videri
1201 736 1342 815 potuerit.
1390 737 1527 798 Videant
1549 735 1647 810 docti,
1671 757 1708 798 aa

349 820 405 883 hoc
428 821 516 882 inodo
541 831 572 882 et
595 823 770 900 crepuscula
794 823 912 886 defendi
938 825 1064 903 possint,
1090 833 1203 887 utnon
1227 843 1352 886 necesse
1375 827 1426 898 sit,
1451 827 1612 890 materiam
1638 825 1707 887 illn-

348 910 518 972 minandam
554 911 592 972 ad
630 909 668 972 te
702 912 841 973 milliaria
876 913 1060 987 ascendere;
1098 913 1249 987 sufficiat,
1290 922 1324 975 nt
1356 911 1439 976 Solis
1476 915 1580 978 radius
1614 913 1708 976 mmel

348 997 501 1079 ingressus
526 1000 711 1079 superficiem
735 1002 824 1074 atris,
851 1022 910 1081 qna
927 1020 1043 1064 rursum
1065 1002 1225 1082 egreditur,
1251 1003 1470 1081 repercutiatur
1490 1003 1612 1084 angulis
1627 1004 1707 1067 intus

347 1086 533 1167 aequalibus,
560 1089 647 1169 idque
672 1089 728 1163 bis,
754 1097 800 1151 ter
823 1091 869 1151 vel
885 1098 992 1169 quater
1016 1092 1076 1165 liat,
1102 1092 1197 1152 donec
1220 1091 1383 1153 illustratio
1407 1091 1497 1168 aeris,
1523 1091 1707 1174 repercussis

349 1176 442 1237 radiis
468 1178 559 1250 faeta,
585 1178 703 1257 penitus
728 1179 904 1240 obliteratur
928 1199 982 1241 nec
1006 1180 1034 1240 in
1059 1181 1161 1242 oculos
1186 1179 1313 1259 amplius
1337 1180 1480 1242 incurrat.

510 1316 560 1380 lO.
598 1317 848 1399 Conjeetnrae
873 1339 914 1380 ex
944 1328 1138 1383 vetustate
1163 1320 1204 1381 de
1233 1319 1546 1383 retractionibus.

439 1442 550 1522 Magno
576 1445 778 1506 astronomiae
802 1446 909 1505 damno
934 1444 962 1504 in
991 1443 1225 1523 investigatione
1254 1453 1352 1506 motus
1377 1442 1459 1508 Solis
1483 1454 1515 1505 et
1543 1442 1706 1522 aequinoc-

348 1530 458 1592 tiorum
483 1531 595 1594 laetum
619 1543 680 1607 est,
712 1543 745 1594 ut
768 1533 965 1595 retractiones
990 1555 1009 1594 a
1031 1534 1184 1595 veteribus
1215 1533 1326 1594 fuerint
1355 1533 1521 1613 neglectae.
1568 1529 1659 1602 Quod
1682 1532 1707 1594 si

349 1618 443 1681 certis
467 1622 652 1699 argumentis
676 1622 795 1701 probari
815 1622 923 1702 possit,
947 1622 1079 1685 siderum
1094 1622 1195 1683 radios
1220 1621 1355 1682 omnibus
1376 1621 1450 1683 locis
1466 1630 1497 1682 et
1522 1619 1707 1700 temporibus

347 1707 485 1787 refringi,
515 1710 655 1770 damnum
679 1710 706 1772 id
731 1720 878 1790 exparte
908 1711 1012 1772 sarciri
1037 1711 1164 1773 anobis
1193 1719 1306 1789 posset.
1354 1711 1419 1790 Ego
1451 1718 1598 1790 qnantum
1621 1707 1708 1790 hnjns

348 1807 503 1877 praestare
527 1799 650 1878 possim,
676 1801 810 1861 tentabo.
849 1799 980 1861 Primum
1005 1801 1202 1862 retractiones
1226 1798 1353 1860 dirersis
1368 1799 1443 1861 locis
1464 1800 1605 1861 diversas
1629 1817 1706 1870 esse,

343 1887 409 1964 jam
432 1887 519 1948 modo
544 1888 620 1949 satis
645 1889 799 1950 evidenter
827 1888 1027 1968 probavimus.
1076 1889 1210 1949 Indidem
1235 1896 1267 1948 ot
1290 1888 1345 1950 boc
1370 1887 1482 1968 patuit,
1513 1886 1706 1950 retractionis

347 1974 437 2037 aliam
462 1984 492 2037 et
516 1976 606 2037 aliam
630 1978 865 2056 inaguitudinem
893 1978 1012 2055 prodire
1037 1997 1075 2039 ex
1097 1985 1241 2057 suscepta
1264 1976 1325 2037 alia
1353 1986 1443 2057 atque
1468 1975 1530 2037 alia
1554 1975 1707 2038 densitate

347 2063 426 2127 aeris
450 2074 482 2125 et
506 2065 664 2127 altitudine
689 2067 754 2145 ejus
779 2067 926 2147 sphaerae
951 2086 1043 2145 snpra
1066 2068 1200 2128 Terram.
1248 2065 1364 2127 Deinde
1396 2076 1466 2127 sunt
1490 2065 1655 2146 Aegyptus
1677 2075 1708 2126 et

347 2152 488 2227 Rhodus,
523 2154 577 2215 illa
600 2154 783 2229 Ptolemaei,
818 2157 892 2216 haec
916 2154 1081 2235 Hipparchi
1111 2155 1225 2234 patria,
1260 2153 1412 2216 maritima
1439 2155 1527 2227 loca3
1562 2173 1656 2235 quare
1680 2152 1708 2214 in

347 2242 526 2321 profundum
550 2244 629 2305 aeris
654 2245 803 2306 iinmersn.
852 2243 998 2305 Vicissim
1022 2262 1088 2305 cnm
1113 2244 1207 2323 frigus
1240 2243 1419 2314 condenset,
1450 2243 1533 2304 calor
1564 2251 1708 2306 extenuet

347 2341 380 2392 et
402 2330 444 2392 sit
466 2331 495 2393 in
520 2331 582 2392 illis
607 2333 777 2394 climatibus
801 2333 884 2394 calor
903 2333 1006 2413 major,
1032 2332 1149 2393 tenuior
1172 2331 1264 2393 etiam
1286 2332 1344 2393 erit
1362 2338 1425 2407 abr,
1443 2331 1500 2412 ‘qui
1524 2330 1707 2394 succedente

347 2439 384 2481 ex
408 2421 546 2500 aquilone
571 2420 708 2483 densiore
730 2430 761 2482 et
784 2422 921 2500 graviore
945 2422 1068 2501 pellitur
1082 2422 1111 2483 in
1134 2421 1238 2492 altum,
1263 2428 1295 2482 et
1315 2440 1416 2500 supra,
1440 2440 1500 2501 qua
1520 2419 1707 2500 fastigiatur,

349 2529 417 2570 sese
441 2509 518 2570 didit
541 2510 732 2590 vicissimque
763 2510 884 2573 boream
908 2512 1002 2589 petit,
1037 2510 1066 2571 in
1090 2509 1280 2572 decliviorem
1312 2510 1390 2572 aeris
1424 2508 1615 2588 superficiem
1640 2527 1707 2570 sese

347 2597 525 2660 infundens:
560 2598 617 2660 nisi
649 2599 675 2659 ri
711 2600 832 2660 fortiore
866 2599 1022 2679 repulsus,
1059 2607 1131 2679 puta
1165 2607 1230 2659 toto
1264 2598 1344 2660 aeris
1377 2617 1506 2679 aequore
1541 2617 1578 2658 es
1613 2597 1708 2678 primo

346 2686 475 2767 impulsu
499 2687 527 2748 in
552 2696 664 2749 motum
689 2689 868 2761 constituto,
895 2688 1058 2766 repellatur
1082 2697 1112 2748 et
1136 2687 1222 2767 quasi
1246 2695 1411 2766 restagnet.
1464 2701 1520 2761 (Aa
1551 2697 1624 2750 hsce
1648 2703 1708 2750 ete·

346 2786 448 2841 siarum
469 2782 582 2857 eriget)
620 2777 662 2838 Et
681 2777 710 2837 in
734 2796 858 2849 suruma,
884 2777 965 2855 qnod
982 2777 1163 2838 densitatem
1184 2775 1304 2847 attinet,
1328 2782 1474 2855 perpetua
1493 2775 1601 2836 existit
1624 2793 1707 2836 com·

348 2864 451 2926 mixtio
476 2864 556 2924 aeris
585 2864 678 2925 nostri
703 2885 768 2926 cum
798 2864 1002 2936 meridionali,
1035 2873 1066 2927 et
1094 2865 1226 2925 vicissim
1256 2864 1335 2925 illius
1364 2883 1430 2925 cnm
1463 2871 1586 2938 nostro,
1619 2861 1707 2944 idque

345 2961 468 3033 propter
491 2962 645 3013 uentorum
670 2953 827 3014 continuos
851 2955 952 3015 tlatus.
1000 2954 1106 3032 ltaque
1131 2953 1291 3014 densitatis
1320 2962 1459 3032 respectu
1484 2972 1543 3013 non
1567 2952 1628 3014 erit
1651 2951 1706 3012 ad-

348 3041 466 3102 modum
494 3061 604 3121 magua
638 3043 808 3103 differentia
832 3062 885 3103 rios
909 3041 1085 3121 Europaeos
1118 3042 1196 3102 inter
1220 3048 1251 3102 et
1275 3043 1449 3121 Aegyptum
1473 3041 1519 3100 rel
1545 3040 1706 3103 Rhodum:

346 3130 399 3190 sed
424 3149 478 3189 nos
503 3129 532 3189 in
556 3132 749 3210 sequentibus
774 3131 898 3192 liberum
922 3130 1140 3209 usurpabimus,
1165 3130 1312 3209 inquirere
1337 3130 1481 3209 amplius,
1507 3150 1545 3191 an
1571 3129 1708 3191 omnibns

348 3218 422 3279 locis
447 3219 551 3279 eadem
576 3219 618 3280 sit
641 3220 768 3281 altitudo
792 3220 872 3281 atris
896 3220 1060 3298 eademque
1081 3219 1227 3292 densitas,
1253 3218 1352 3297 eapite
1369 3219 1442 3279 ΠΙ.
1482 3219 1587 3280 Causa
1607 3219 1708 3298 itaque

346 3307 462 3388 posita,
491 3310 630 3369 effectrrm
659 3309 742 3387 sequi
774 3329 898 3369 necesse
927 3316 993 3369 est:
1029 3318 1060 3368 et
1087 3328 1153 3368 cum
1178 3327 1236 3369 non
1265 3306 1352 3368 hodie
1382 3308 1499 3368 demum
1530 3313 1583 3367 adr
1607 3307 1709 3369 Terris

347 3396 457 3458 circulo
486 3396 752 3470 circumfundatur,
783 3398 836 3457 sed
867 3398 913 3458 lex
940 3397 999 3458 ista
1032 3404 1155 3457 naturae
1181 3405 1213 3457 ut
1243 3406 1476 3457 consentaneum
1510 3405 1560 3455 est
1593 3395 1662 3457 inde
1691 3419 1710 3456 a

347 3504 444 3547 rerum
474 3486 596 3546 conditu
630 3487 668 3548 ad
699 3506 752 3547 nos
787 3506 878 3564 usqne
907 3494 1069 3564 perennet:
1100 3505 1248 3565 nunquam
1272 3485 1364 3563 igitur
1389 3504 1447 3545 non
1472 3483 1567 3546 luisse
1592 3485 1708 3546 refrac-

347 3574 460 3647 tiones,
491 3594 546 3653 par
575 3575 711 3654 equidem
736 3583 768 3634 et
791 3584 1025 3634 consentaneum
1049 3574 1213 3634 existimari
1238 3573 1338 3634 debet.
1388 3574 1471 3634 llaec
1495 3594 1514 3633 a
1538 3573 1708 3635 ratiocina-

346 3663 427 3725 tione
456 3664 586 3725 deducta
615 3665 815 3734 lirummenta,
847 3662 1029 3724 testimoniis
1058 3671 1088 3722 et
1117 3662 1295 3741 conjecturis
1325 3681 1362 3723 ex
1391 3661 1574 3741 antiquitate
1604 3661 1711 3741 petitis

307 3749 312 3756 “
349 3753 500 3814 inicienda
524 3762 603 3823 snut,
628 3753 794 3831 exquibus
820 3760 976 3829 appareat,
1001 3753 1141 3812 continua
1166 3751 1355 3812 successione
1375 3751 1544 3812 seculorum
1564 3761 1619 3812 ant
1641 3751 1710 3812 ani-

346 3843 532 3912 madversas,
557 3849 610 3902 ant
633 3840 783 3902 urinimum
809 3860 899 3900 sensu
923 3850 1085 3919 perceptas
1110 3840 1308 3902 retractiones
1332 3840 1362 3901 in
1387 3846 1458 3900 aire
1481 3839 1627 3901 siderum.

435 3927 557 3991 Clarum
579 3930 704 4009 praebet
726 3930 928 3990 testimouium
953 3928 1067 3990 Plinius
1089 3929 1137 3989 lib.
1155 3930 1193 3990 ll.
1219 3928 1363 3990 historiae
1388 3928 1546 4001 naturalis,
1569 3947 1639 4008 cap.
1659 3925 1711 3991 13.

346 4018 430 4096 cujus
455 4018 547 4078 verba
571 4019 614 4079 sic
639 4018 771 4078 habent:
804 4028 929 4089 Quanam
961 4028 1084 4089 ratione,
1116 4046 1175 4081 cum
1198 4028 1271 4081 Solis
1297 4041 1398 4081 exortu
1429 4029 1528 4082 umbra
1551 4028 1603 4082 itta
1624 4029 1711 4084 bebe-

347 4109 433 4163 latrix
458 4110 508 4162 sub
531 4110 617 4163 Terra
638 4127 699 4161 esse
726 4109 841 4170 debeat,
871 4109 956 4161 semel
980 4107 1040 4176 jum
1067 4108 1210 4171 acciderit,
1237 4119 1269 4161 nt
1290 4108 1317 4161 in
1343 4124 1442 4161 nccarm
1464 4109 1545 4162 Ituna
1567 4109 1710 4170 deiiceret,

346 4198 463 4259 utroque
485 4207 569 4258 snper
590 4190 701 4241 Terram
724 4188 870 4255 conspicuo
892 4189 990 4241 sidere.
1036 4186 1114 4246 Ecce
1149 4185 1252 4247 Solent
1285 4187 1373 4247 siritul
1408 4196 1439 4246 et
1468 4187 1607 4256 Lunam,
1642 4207 1710 4249 curu

345 4287 448 4338 essent
474 4278 501 4337 in
527 4277 600 4337 locis
625 4274 787 4355 oppositis,
813 4275 1000 4336 seruicirculo
1025 4275 1191 4348 distantes,
1216 4294 1360 4355 apparere
1386 4285 1487 4336 tarnen
1511 4294 1566 4355 per
1590 4277 1709 4338 refrac-

345 4366 456 4427 tionem
485 4385 577 4445 supra
610 4364 795 4425 horizontem
819 4372 851 4424 et
876 4364 903 4426 iu
934 4364 1046 4425 minore
1080 4364 1245 4437 distantia,
1280 4384 1368 4443 quam
1398 4373 1447 4425 est
1479 4364 1709 4428 semicirculus:

346 4455 423 4533 quod
449 4464 498 4515 est
521 4454 678 4516 doctrinae
703 4451 916 4513 refractionem
940 4453 1086 4514 hactenns
1111 4453 1241 4514 traditae
1266 4462 1511 4516 consentaneum.

436 4548 615 4613 Cleomedes
638 4550 744 4610 libii.
770 4551 870 4621 refert,
896 4550 1081 4629 antiquiores
1108 4550 1224 4628 aliquos
1249 4551 1480 4613 raratheuraticos
1502 4553 1581 4614 liuere
1596 4551 1708 4614 nodum

346 4640 391 4700 ita
414 4639 557 4710 solvisse,
593 4650 627 4700 ut
659 4639 807 4707 dicerent,
841 4638 965 4699 Terram
991 4640 1028 4700 ob
1057 4640 1271 4701 rotunditatem
1306 4640 1402 4701 instar
1432 4641 1544 4702 montis
1578 4639 1710 4720 alicujus

346 4727 475 4798 babere,
508 4746 544 4788 ex
574 4746 630 4805 qno
665 4736 820 4807 spectator
853 4726 951 4800 idem,
986 4748 1061 4806 quae
1085 4728 1113 4788 in
1148 4737 1275 4808 utraque
1308 4730 1387 4789 ralle
1420 4737 1585 4806 parantur,
1617 4730 1709 4792 facile

345 4814 477 4893 inspicit.
535 4815 676 4877 Ceterum
708 4813 886 4876 Cleomedes
916 4815 984 4876 illos
1013 4817 1127 4877 refutat
1155 4826 1279 4878 ostensa
1309 4817 1566 4880 dissimilitudine.
1627 4817 1706 4880 Nam

346 4902 371 4962 si
397 4921 453 4980 quo
478 4924 515 4964 ea
540 4904 648 4965 momis
674 4905 739 4964 loco
764 4914 889 4981 utraque
914 4904 1002 4966 vallis
1033 4905 1191 4985 aspicitur,
1217 4905 1243 4965 is
1269 4907 1351 4968 locus
1380 4907 1542 4968 admodum
1567 4908 1707 4969 elevatas

347 4999 380 5050 et
412 5008 497 5052 mons
531 4991 559 5051 in
591 4991 717 5053 turbinis
749 4991 866 5054 modum
899 4993 1027 5073 nudique
1060 5003 1239 5075 praeruptus
1271 4995 1313 5056 sit
1345 4987 1475 5078 oportet.
1523 4995 1568 5058 At
1597 5013 1653 5058 nos
1676 4997 1706 5058 in
