3692 5842
736 461 818 528 ceput
835 462 880 513 lv.
900 459 924 512 3.
1447 461 1508 528 185

156 637 357 702 densioribus.
403 640 437 701 ln
461 638 604 701 convexis
627 639 746 720 quidem
769 648 872 719 partes
895 639 1011 702 mediae
1039 639 1178 719 imaginis
1203 640 1456 722 appropinquant,
1480 641 1510 702 iu

157 728 298 789 concavis
321 728 465 790 recedunt
489 728 615 808 longius,
641 748 729 808 quarn
754 729 1002 790 circumstantes:
1028 729 1105 790 idem
1129 730 1163 790 tit
1186 728 1214 789 in
1238 729 1343 791 mediis
1367 729 1510 791 differen-

156 816 253 890 tibus,
284 816 362 878 adeo
393 823 427 878 nt
459 817 488 878 in
521 836 599 898 aqna
627 818 735 879 fundus
767 819 941 896 depressus,
975 818 1204 880 circumstantes
1236 826 1339 898 partes
1373 819 1510 879 elevatae

157 912 336 989 appareant.
372 906 451 968 Hinc
470 906 637 985 apparebat
656 916 807 968 concavae
826 905 991 985 superficiei
1012 906 1161 986 speculari
1185 908 1365 986 respondere
1380 908 1524 969 medium·

155 992 296 1068 densius,
326 1012 478 1056 convexae
504 994 619 1058 rarius:
649 995 737 1057 simul
764 995 876 1075 patuit,
905 996 1027 1073 planam
1056 1014 1152 1076 aquae
1181 995 1366 1075 superficiem
1389 996 1511 1058 iuduere

156 1082 308 1163 quandam
331 1082 490 1146 curvitatis
514 1084 681 1146 rationem:
707 1103 798 1162 quare
823 1084 983 1146 decausis
1014 1084 1206 1163 cogitandum
1231 1092 1310 1158 erat,
1336 1103 1412 1165 qnae
1436 1102 1510 1146 cun·

155 1170 297 1233 ciliarent
320 1171 364 1233 illi
387 1172 464 1234 hunc
497 1172 654 1234 curvitatis
686 1173 838 1243 ellectum,
871 1180 905 1234 ut
927 1173 952 1233 si
982 1193 1075 1235 causa
1107 1174 1295 1248 redderetur,
1329 1191 1382 1234 cnr
1408 1181 1511 1252 partes

155 1278 253 1341 equae
286 1258 516 1322 circumstantes
547 1261 727 1323 incidentem
762 1261 1040 1341 perpendicularem
1072 1262 1215 1340 majorem
1248 1270 1513 1341 repraesentarent

156 1348 350 1423 densitatem,
375 1367 464 1427 quam
488 1359 571 1411 esset
594 1349 687 1430 ipsius
712 1369 806 1429 aquae
827 1352 882 1412 sub
905 1351 1128 1430 perpendiculo.
1167 1351 1215 1411 lta
1229 1369 1277 1411 res
1301 1350 1512 1412 revolvebatur

157 1437 195 1499 ad
218 1437 390 1517 superiores
423 1437 611 1500 molitiones:
645 1458 809 1518 quaecum
838 1439 900 1500 sint
933 1441 1049 1502 ratione
1073 1449 1105 1500 et
1134 1439 1320 1518 experientia
1348 1440 1511 1514 refutatae,
1598 1501 1604 1508 ,

155 1524 410 1605 supersedendum
435 1526 492 1587 luit
515 1546 534 1587 a
556 1546 665 1589 causae
690 1527 783 1610 ipsius
808 1528 1008 1606 inquisitione.
1056 1528 1222 1607 Pergebam
1245 1528 1337 1607 igitur
1361 1528 1400 1589 ad
1423 1547 1509 1588 men-

108 1617 116 1633 ’
158 1632 271 1677 suram.
330 1612 405 1676 Cum
438 1614 529 1694 igitur
560 1616 623 1677 siut
654 1615 765 1677 multae
799 1617 960 1678 mediorum
994 1617 1112 1696 species
1145 1616 1294 1678 densitate
1328 1616 1510 1689 differentes,

157 1702 291 1782 oportuit
313 1700 381 1764 hnic
404 1703 586 1765 multitudini
610 1723 727 1785 quoqne
746 1711 879 1766 statuere
900 1706 969 1785 quid
994 1708 1141 1785 sualogon
1158 1705 1186 1766 in
1207 1699 1336 1784 speculis
1361 1703 1511 1767 concavis.

157 1791 255 1871 Igitur
277 1798 312 1852 ut
334 1791 364 1852 iu
387 1810 518 1853 concavo
542 1793 639 1873 major
661 1794 714 1854 fiat
737 1793 849 1872 imago,
878 1802 999 1873 oportet
1026 1795 1142 1856 oculum
1166 1793 1245 1856 intra
1268 1802 1401 1856 centrum
1425 1812 1510 1855 esse:

157 1880 206 1959 qui
240 1897 299 1959 qno
327 1879 449 1959 propior
473 1888 521 1942 est
549 1889 666 1950 centro,
699 1883 841 1944 remotior
864 1903 883 1942 a
906 1883 1079 1962 superficie,
1113 1883 1169 1943 hoc
1202 1883 1298 1962 major
1320 1883 1379 1944 erit
1401 1882 1511 1962 imago.

161 1969 269 2049 ltaque
303 1986 369 2029 cum
402 1969 544 2031 densiora
582 1971 681 2031 media
723 1972 865 2049 majorem
903 1972 1006 2033 itidem
1039 1970 1152 2033 faciant
1183 1970 1362 2049 imaginem,
1395 1971 1515 2032 diversa

160 2057 261 2120 media
284 2056 412 2118 diversis
435 2058 465 2118 in
490 2058 635 2121 diametro
660 2060 808 2138 speculari
832 2060 940 2123 sitibus
964 2060 1041 2122 oculi
1064 2059 1295 2139 respondebant.

246 2146 491 2208 Accomodabam
516 2146 607 2226 igitur
635 2156 786 2221 extrema3
815 2148 844 2209 in
869 2168 1000 2210 concavo
1025 2149 1145 2229 speculo
1175 2148 1257 2209 lucus
1282 2147 1374 2219 oculi,
1405 2165 1513 2226 super-

156 2232 240 2296 ficies
264 2242 298 2295 et
320 2243 475 2296 centmm:
500 2236 529 2296 in
545 2235 651 2297 mediis
674 2237 801 2297 medinm
824 2238 1043 2311 densissimum,
1065 2247 1096 2299 et
1114 2236 1254 2308 medinm,
1277 2238 1365 2315 plane
1390 2235 1514 2315 aequale

156 2322 201 2384 illi
224 2322 334 2398 medio,
360 2323 388 2383 in
413 2343 470 2403 quo
493 2334 542 2384 est
565 2324 677 2386 oculus.
725 2324 758 2386 Si
782 2327 981 2387 collocaretur
1009 2328 1112 2387 oculus
1134 2325 1164 2386 in
1189 2335 1306 2399 centro,
1330 2325 1394 2386 lieri
1422 2342 1513 2403 opor·

156 2411 244 2474 tebet
267 2412 384 2482 eadem,
409 2431 484 2491 quae
508 2413 686 2492 contingunt
709 2431 741 2474 re
765 2413 793 2473 in
818 2415 914 2475 medio
938 2415 1072 2476 infinitae
1097 2414 1257 2476 densitatis
1281 2414 1428 2491 inspecta.

246 2500 306 2561 Hic
329 2501 430 2580 itaque
454 2519 533 2562 nova
556 2501 728 2563 existebant
746 2502 834 2565 bivia.
871 2504 951 2564 Nam
966 2503 991 2563 si
1017 2505 1194 2584 perpendas,
1220 2502 1289 2583 quid
1305 2503 1369 2563 fieri
1392 2502 1513 2574 debeat,

156 2589 257 2650 medio
282 2588 433 2650 existente
456 2590 544 2668 plane
569 2590 749 2651 densissimo
774 2594 842 2662 (sen
873 2592 1007 2653 infinitae
1035 2593 1222 2665 densitatis),
1247 2590 1453 2670 deprehendes
1477 2610 1514 2651 ex

156 2676 299 2754 arralogia
321 2678 485 2739 mediorum
510 2687 685 2752 ceterorum,
710 2688 859 2758 oportere,
885 2682 909 2740 si
930 2683 1008 2761 qnod
1028 2690 1119 2752 esset,
1143 2701 1246 2742 omnes
1270 2680 1388 2740 omnino
1413 2680 1513 2740 radios

157 2766 196 2826 ab
219 2784 279 2826 uno
303 2775 414 2844 puncto
438 2766 466 2826 iu
491 2766 676 2845 superficiem
710 2768 878 2847 hujusmodi
906 2770 1031 2849 illapsos
1054 2770 1175 2848 refringi
1206 2768 1356 2848 plenarie,
1387 2769 1443 2830 lroc
1467 2775 1514 2827 est

157 2853 328 2915 coincidere
351 2863 423 2933 post
445 2855 658 2917 refractionem
682 2875 747 2918 cum
772 2856 845 2936 ipsis
868 2859 1182 2938 perpendicularibns:
1208 2867 1239 2919 et
1258 2857 1302 2918 sic
1321 2857 1383 2918 fieri
1408 2858 1513 2935 paral-
1603 2891 1613 2908 ·

157 2943 245 3006 lelos.
282 2943 316 3003 ln
342 2944 451 3005 ceteris
476 2944 554 3005 enim
578 2944 694 3018 mediis,
721 2964 778 3024 quo
803 2947 924 3007 densius
944 2956 992 3008 est
1011 2947 1174 3027 quodlibet,
1199 2948 1254 3008 hoc
1278 2946 1399 3026 propius
1424 2965 1513 3006 acce-

157 3032 233 3093 dunt
255 3031 377 3093 refracti
402 3031 442 3093 ad
464 3033 727 3111 perpendiculares
750 3053 830 3095 suos.
1485 3083 1494 3092 ,

247 3120 343 3199 Atqui
371 3121 400 3182 in
429 3121 587 3201 sphaerica
618 3140 751 3204 concava
783 3123 938 3201 superlicio
968 3123 1042 3184 radii
1072 3143 1109 3185 ex
1139 3129 1241 3184 centro
1271 3122 1299 3182 iu
1328 3123 1513 3202 superficiem
1593 3161 1599 3172 ι

157 3207 288 3288 undique
317 3209 419 3288 illapsi
446 3219 518 3290 post
544 3228 753 3289 repercussum
781 3231 838 3273 non
866 3213 942 3273 fiunt
968 3213 1121 3292 paralleli,
1150 3212 1203 3273 sed
1232 3212 1445 3290 recolliguntur
1475 3211 1513 3272 ad

157 3316 243 3359 suam
267 3296 424 3376 originem.
472 3296 776 3377 Circumspiciendum
804 3300 894 3379 igitur
922 3301 977 3363 suu
1003 3302 1039 3361 de
1063 3302 1117 3363 tali
1147 3320 1278 3361 concavo
1308 3300 1420 3379 talique
1450 3301 1515 3379 ejus

157 3393 268 3466 puncto
293 3385 444 3461 diametri,
469 3407 559 3468 aquo
575 3388 603 3448 in
621 3389 807 3467 superficiem
827 3390 942 3468 egressi
958 3409 1060 3450 omnes
1085 3398 1345 3468 repercuterentur
1361 3389 1391 3449 in
1416 3408 1513 3449 meros

156 3473 332 3553 parallelos.
379 3472 548 3546 Quodnisi
571 3476 637 3554 jam
668 3477 890 3557 praecepissem
918 3488 1037 3555 gustum
1067 3478 1194 3558 aliquem
1223 3476 1404 3549 conicornm,
1436 3496 1512 3537 nnn-

157 3582 245 3643 quam
269 3563 535 3642 supervenissem
559 3583 616 3645 quo
646 3565 874 3627 contendebam.
921 3566 1037 3627 Memor
1066 3575 1165 3627 antem
1189 3585 1269 3626 eram
1298 3583 1412 3632 eorum,
1438 3583 1513 3643 quae

158 3651 286 3714 Vitellio
315 3653 352 3712 de
377 3653 500 3732 speculo
523 3652 696 3731 parabolice
721 3654 865 3716 adurente
890 3655 1071 3732 scripserat,
1096 3655 1148 3716 lib.
1172 3655 1229 3714 IX.
1258 3671 1343 3733 prop.
1368 3648 1511 3715 39-44.

157 3739 278 3802 Etenim
298 3759 375 3819 quae
395 3741 538 3820 Apellen.
564 3741 615 3802 lib.
632 3742 690 3803 ΙΙΙ.
710 3762 795 3822 prop.
812 3741 864 3807 48.
881 3754 913 3804 et
927 3743 1042 3822 aliquot
1066 3742 1328 3805 circumstantibus
1349 3742 1384 3802 de
1404 3742 1515 3823 lryper-

158 3828 227 3891 bole
250 3836 284 3891 et
310 3828 410 3907 ellipsi
442 3830 723 3904 demonstraverat,
756 3851 793 3892 ea
823 3832 905 3893 circa
936 3831 1101 3911 parabolen
1134 3832 1247 3892 omissa
1271 3832 1396 3893 Vitellio
1427 3831 1517 3892 dictis

159 3916 231 3980 locis
256 3937 296 3979 ex
318 3926 409 3997 parte
431 3919 552 3997 supplet
574 3918 820 3999 demonstratque
844 3922 872 3981 in
898 3941 935 3981 ea
957 3927 1099 4000 punctum
1123 3921 1254 4000 aliquod,
1279 3939 1374 4002 aquo
1394 3919 1423 3980 in
1448 3939 1516 3983 sec-

159 4007 267 4068 tionem
296 4025 350 4067 seu
378 4026 499 4069 curvam
530 4006 638 4068 lineam
668 4027 810 4086 egressae
841 4018 1028 4089 quotcunque
1057 4010 1198 4089 aequales
1229 4029 1295 4071 cnm
1324 4010 1517 4089 contingente

160 4096 286 4174 angulos
316 4094 453 4157 facerent
479 4095 517 4157 iis
546 4095 680 4174 angulis,
712 4116 786 4177 quos
815 4116 880 4159 cum
910 4098 1017 4159 eadem
1047 4101 1239 4177 contingente
1268 4098 1457 4159 constituunt
1480 4117 1517 4158 ex

160 4182 264 4246 iisdem
292 4184 413 4263 punctis
441 4183 570 4246 eductae
598 4185 647 4245 axi
675 4186 850 4264 parallelae.
900 4187 1002 4265 Atque
1033 4187 1149 4262 idest,
1185 4188 1262 4267 qnod
1287 4187 1516 4266 quaerebamus.

161 4269 302 4335 Ceterum
331 4271 402 4352 quia
430 4271 563 4334 difficilis
594 4283 642 4333 est
673 4274 873 4336 consideratio
902 4275 1085 4347 sectionum,
1114 4285 1276 4355 propterea
1306 4275 1384 4354 quod
1412 4294 1516 4354 parum

160 4361 280 4437 teritur,
315 4359 392 4423 libet
420 4360 522 4442 aliqua
552 4362 742 4438 mechanice,
775 4364 933 4443 analogice
957 4372 988 4425 et
1010 4364 1197 4443 populariter
1221 4365 1258 4424 de
1283 4364 1318 4425 iis
1347 4361 1514 4424 disserere:

161 4449 228 4512 date
252 4449 372 4512 veniam
395 4459 581 4531 geometrae.

582 4586 613 4652 4.
649 4592 700 4652 De
729 4590 809 4653 coni
841 4593 1091 4656 sectionibus.

244 4711 323 4776 (loni
351 4713 427 4775 varii
455 4721 539 4789 sunt,
572 4715 757 4794 rectanguli,
790 4719 975 4797 acutanguli,
1009 4715 1221 4795 obtusauguli:
1256 4715 1328 4778 item
1352 4716 1418 4778 coni
1441 4716 1517 4778 recti

160 4819 207 4863 seu
237 4801 407 4881 regulares,
438 4812 471 4866 et
500 4805 613 4866 scaleni
642 4824 695 4865 seu
727 4805 908 4884 irregulares
938 4816 992 4866 aut
1024 4804 1208 4884 compressi:
1240 4805 1276 4865 de
1312 4806 1417 4885 quibus
1447 4806 1516 4868 vide

160 4890 351 4971 Apollonium
375 4902 407 4954 et
428 4893 587 4955 Entocinm
610 4894 638 4954 in
663 4894 896 4956 commentariis.
945 4894 1085 4956 Omnium
1114 4892 1282 4973 promiscue
1311 4894 1462 4956 sectiones
1487 4895 1515 4956 in

161 4979 286 5061 quinque
309 4979 424 5043 cadunt
446 4982 572 5063 species.
611 4981 731 5043 Etenim
758 4983 837 5044 linea
856 4983 884 5044 in
909 4982 1066 5062 superficie
1090 4983 1156 5045 coni
1175 5000 1229 5062 per
1253 4984 1418 5046 sectionem
1442 5004 1515 5046 con·
