3692 5842
829 493 998 545 arx-nan.
1529 495 1594 563 539

236 666 426 730 retiformem
450 668 586 747 allapsae
611 668 650 729 ad
674 669 797 748 spiritus
821 669 849 729 in
873 670 1021 732 retiformi
1045 670 1272 731 subtilissimam
1296 672 1492 745 tenuitatem,
1518 693 1594 753 quae

234 764 285 818 est
310 756 384 818 foris
409 758 438 818 in
462 762 532 817 aere
549 758 745 818 densissimae
770 758 844 818 lncis
868 758 1000 820 ustoriae
1025 759 1063 819 ad
1087 778 1221 819 crassam
1245 760 1463 838 corpulentiam
1481 781 1593 834 eornm,

234 865 315 926 quae
340 855 473 919 umntur,
498 854 569 907 tnnc
592 865 652 907 non
676 847 772 908 minus
796 847 825 908 in
849 848 996 908 retiformi
1021 857 1163 927 sequetur
1186 848 1265 908 actio
1291 850 1407 910 luculae
1431 859 1594 928 penetrans

234 943 267 996 et
290 935 396 1012 passio
421 934 583 996 retiformis
607 934 802 1015 spiritusque,
838 957 924 1015 quam
957 937 1029 998 foris
1054 937 1188 1015 sequitur
1220 938 1299 997 ustio
1325 938 1435 1011 (actio)
1463 940 1539 1001 lucis
1564 951 1595 1000 et

234 1023 404 1084 destructio
430 1025 562 1102 (passio)
586 1025 746 1098 materiae,
772 1045 847 1105 quae
872 1026 978 1088 uritur.
1026 1026 1122 1086 Probo
1156 1028 1287 1086 secundo
1320 1028 1358 1086 ab
1395 1029 1592 1107 experientia.

234 1110 326 1173 Oculi
350 1111 458 1174 intenti
484 1112 512 1172 in
537 1114 633 1174 lucem
656 1115 764 1175 fortem
788 1115 862 1176 adeo
887 1115 1071 1187 alliciuntur,
1097 1122 1132 1174 ut
1155 1114 1247 1175 etiarn
1271 1115 1420 1177 subtracti
1446 1138 1464 1176 a
1488 1118 1593 1195 splen-

234 1199 308 1263 dore
334 1200 399 1262 viso
429 1209 528 1262 tamen
562 1202 721 1280 imaginem
751 1204 815 1282 ejus
846 1204 998 1265 retineant
1030 1212 1061 1264 et
1092 1203 1302 1264 circumferant
1334 1205 1411 1264 satis
1445 1206 1593 1266 interdum

233 1288 298 1352 diu.
345 1290 469 1351 Pictura
492 1291 581 1369 igitur
603 1292 658 1352 illa
681 1293 843 1353 retiformis
870 1303 918 1352 est
941 1294 1043 1373 passio
1073 1301 1245 1370 penetrans.
1285 1293 1338 1354 .At
1371 1294 1445 1355 baec
1476 1295 1595 1373 pictura

234 1378 369 1440 noudum
392 1379 524 1440 absolvit
554 1379 699 1441 visionem
731 1381 897 1460 integram,
933 1382 990 1441 nisi
1024 1382 1140 1459 species
1174 1382 1337 1442 retiformis
1370 1383 1413 1443 sic
1448 1384 1595 1461 patientis

235 1468 463 1530 continuatione
494 1468 651 1547 spirituum
684 1479 823 1531 transeat
845 1471 873 1531 in
899 1471 1052 1531 cerebrum
1083 1470 1182 1549 ibique
1206 1471 1333 1532 sistatur
1367 1473 1406 1531 ad
1439 1472 1595 1533 facultatis

236 1555 359 1618 animae
384 1557 501 1617 limina:
526 1559 604 1636 quod
628 1557 671 1618 sic
695 1559 737 1618 fit.

328 1643 586 1716 Quemadmodum
619 1648 714 1708 onmis
748 1665 854 1707 sensus
879 1655 1020 1708 externus
1041 1647 1192 1724 perficitur
1215 1648 1385 1727 receptione
1410 1656 1442 1710 et
1465 1649 1594 1727 impres-

235 1734 333 1807 sione,
358 1734 499 1813 passione
524 1735 648 1809 scilicet,
675 1756 741 1797 cum
764 1735 942 1814 imprimitur
966 1737 992 1796 ei
1017 1736 1094 1815 quod
1119 1737 1214 1796 sentit
1229 1738 1344 1814 species
1369 1737 1411 1798 rei
1427 1747 1590 1798 externae:

236 1823 371 1884 ethaeo
394 1824 497 1903 passio
521 1825 621 1885 sensio
646 1826 772 1898 dicitur;
801 1825 844 1885 sic
869 1825 961 1887 etiarn
985 1827 1064 1886 intus
1089 1824 1117 1883 in
1142 1825 1264 1885 cerebro
1289 1835 1336 1886 cst
1360 1827 1483 1906 aliquid,
1509 1828 1594 1906 quic-

235 1912 310 1992 quid
334 1911 385 1986 sit,
410 1914 488 1991 quod
512 1914 675 1975 communis
698 1934 805 1975 sensus
830 1914 954 1988 dicitur,
980 1916 1026 1975 cui
1051 1912 1227 1992 imprimitur
1256 1916 1372 1993 species
1402 1916 1592 1976 instrumenti

234 1999 344 2062 visorii
368 2002 478 2074 affecti,
503 2003 560 2062 hoc
585 2012 631 2063 est
654 2004 726 2082 picti
752 2025 770 2063 a
795 2005 858 2063 luce
883 2005 924 2063 rei
950 2003 1087 2065 visibilis.
1135 2001 1220 2072 (luae
1256 2004 1345 2081 igitur
1378 2005 1519 2064 accidunt
1542 2004 1590 2064 in-

234 2096 405 2152 strumento
430 2099 516 2151 extra
548 2094 651 2152 sedem
683 2112 788 2154 sensns
824 2093 1006 2165 communis,
1040 2113 1076 2152 ea
1109 2110 1162 2169 per
1194 2092 1324 2170 speciem
1359 2093 1592 2153 immateriatam

236 2179 396 2257 delapsam
421 2180 459 2239 ab
483 2180 682 2240 instrumento
706 2183 814 2242 affecto
838 2200 890 2240 sen
915 2182 1005 2258 picto,
1031 2191 1063 2240 et
1090 2181 1260 2241 traductam
1285 2182 1323 2240 ad
1356 2182 1458 2242 limina
1486 2202 1592 2242 sensus

235 2268 404 2329 communis
428 2268 471 2328 illi
496 2269 595 2328 sensui
619 2271 766 2330 communi
782 2270 998 2347 imprimuntur.
1037 2269 1097 2329 Sed
1114 2269 1270 2348 impressio
1286 2271 1360 2330 haec
1385 2280 1433 2332 est
1456 2271 1593 2331 occultae

234 2357 380 2420 rationis:
405 2376 459 2417 nec
483 2365 549 2417 tuto
574 2359 631 2417 dici
655 2366 765 2436 potest,
792 2358 922 2436 speeiem
946 2359 1023 2418 hanc
1046 2358 1124 2418 intro
1146 2359 1214 2418 ferri
1234 2378 1286 2437 per
1302 2369 1419 2419 meatus
1435 2379 1591 2420 nervorum

235 2448 405 2526 opticorum
430 2465 497 2506 sese
522 2447 755 2508 decussantium.
794 2447 873 2507 Nam
897 2468 968 2507 usus
993 2448 1095 2507 ltorum
1120 2466 1276 2508 nervorum
1299 2457 1388 2527 patet
1403 2449 1480 2509 alius
1496 2450 1593 2508 nrani-

234 2535 354 2604 festior,
379 2543 412 2596 ut
434 2527 551 2596 scilicet
579 2536 714 2614 spiritum
743 2536 870 2597 visivum
895 2555 932 2596 ex
960 2546 1085 2615 utraque
1115 2536 1228 2596 cerebri
1252 2547 1339 2616 parte
1368 2536 1484 2615 utrique
1509 2538 1593 2597 oculo

233 2624 398 2695 sufficiant,
424 2624 475 2703 qui
498 2624 565 2684 ideo
590 2624 741 2686 decussati
758 2634 836 2699 sunt,
863 2646 897 2685 ne
918 2626 1014 2685 altero
1039 2625 1104 2685 sinu
1128 2625 1242 2686 cerebri
1265 2628 1347 2686 laeso
1367 2636 1420 2686 aut
1439 2626 1593 2686 obstructo

233 2732 338 2787 nervo,
366 2712 415 2793 qni
438 2732 476 2773 ex
500 2732 534 2774 eo
559 2713 631 2788 exit,
657 2714 760 2778 statim
785 2723 817 2775 et
840 2716 918 2774 alter
941 2716 1043 2775 oculus
1066 2714 1235 2792 privaretur
1249 2715 1364 2793 spiritu.
1405 2713 1479 2775 Cum
1501 2714 1593 2792 igitur

233 2802 432 2864 manifestum
454 2822 540 2862 usum
564 2803 696 2864 habeant
720 2804 803 2863 nervi
827 2803 928 2881 optici‚
954 2805 1110 2865 obscurum
1136 2813 1192 2877 est,
1218 2824 1255 2863 an
1281 2805 1372 2863 etiam
1389 2804 1509 2882 insuper
1524 2822 1591 2863 ser·

234 2892 325 2953 uiant
348 2891 460 2970 speciei
484 2892 584 2951 affecti
609 2892 799 2953 instrumenti
824 2893 1027 2953 traducendae
1059 2894 1137 2953 intro
1163 2894 1191 2953 in
1225 2894 1399 2962 cerebrum,
1430 2911 1467 2951 an
1493 2892 1593 2970 potius

234 2979 301 3042 siut
325 2980 377 3041 alii
402 2980 494 3059 aliqui
518 2980 651 3059 spiritus,
676 2981 851 3043 subtiliores
875 3000 1018 3061 corporeo
1042 2983 1100 3042 isto
1124 3001 1178 3059 per
1202 2983 1385 3042 retiforrnem
1402 3000 1518 3059 sparso,
1544 2981 1594 3060 qni

234 3077 338 3131 meatu
363 3087 505 3149 corporeo
525 3090 584 3131 non
598 3070 776 3150 indigentes,
801 3090 855 3150 per
879 3078 975 3131 totum
999 3090 1106 3149 corpus
1131 3071 1223 3131 libere
1247 3071 1426 3149 spatientur,
1442 3071 1593 3131 niernbro-

234 3177 361 3238 rumque
386 3159 561 3220 affectiones
595 3161 797 3239 excipientes,
835 3159 949 3220 cerebri
984 3159 1140 3231 facultati,
1180 3178 1254 3237 quae
1288 3159 1452 3219 communis
1486 3178 1593 3219 sensus

236 3247 368 3322 dicitur,
393 3247 622 3309 communicent.
670 3251 762 3310 Forte
796 3249 838 3309 sic
872 3258 938 3321 cst,
970 3258 1004 3307 ut
1028 3249 1230 3308 transferatur
1253 3249 1327 3334 llaec
1351 3248 1468 3325 species
1493 3248 1594 3307 allecti

236 3337 431 3400 instrumenti
455 3358 473 3397 a
497 3337 641 3398 retiforni
666 3338 695 3398 in
719 3338 871 3398 cerebrum
895 3357 949 3415 per
973 3344 1105 3396 meatum
1129 3337 1247 3415 quidem
1277 3336 1359 3396 nervi
1393 3336 1503 3413 optici‚
1537 3355 1593 3395 non

236 3435 341 3488 tamen
367 3434 513 3505 quatenus
536 3426 562 3486 is
587 3438 635 3487 est
659 3427 766 3506 aliquis
791 3446 951 3505 corporeus
974 3435 1112 3496 meatus,
1145 3426 1198 3485 sed
1223 3434 1370 3503 qnatenus
1404 3424 1430 3483 is
1461 3426 1498 3484 ab
1528 3424 1596 3502 ipsa

236 3515 312 3577 sede
336 3533 443 3575 sensns
477 3517 641 3575 communis
675 3536 767 3594 usque
800 3516 828 3575 in
852 3535 975 3576 nervum
1009 3515 1139 3593 opticum
1173 3514 1387 3586 (retilbrmern)
1411 3525 1459 3574 est
1490 3513 1595 3591 spiritu
1688 3547 1694 3559 ·

234 3605 354 3686 plenus,
379 3614 411 3665 et
425 3604 467 3664 sic
484 3605 669 3665 continuatio
685 3604 809 3683 spiritns
824 3605 865 3665 sit
880 3623 972 3663 causa
996 3603 1181 3664 transeuntis
1205 3602 1373 3663 allectionis
1397 3603 1435 3662 ab
1460 3604 1545 3662 oculo
1563 3602 1593 3661 in

235 3693 411 3756 cerebrum:
438 3693 516 3753 sicut
539 3693 568 3753 in
593 3694 806 3772 stagnantibus
831 3693 917 3753 undis
942 3702 1040 3752 motus
1064 3693 1167 3771 lapillo
1192 3693 1302 3771 injecto
1327 3692 1425 3752 factus
1450 3693 1487 3751 ad
1505 3692 1594 3752 litora

235 3801 331 3863 usque
345 3791 548 3861 propagatur:
574 3802 725 3863 quousque
741 3782 858 3843 scilicet
880 3782 1052 3859 superficies
1076 3801 1170 3861 aquae
1195 3780 1367 3860 stagnantis
1391 3782 1592 3842 continuatur.

325 3872 435 3932 Potest
457 3871 525 3946 dici,
551 3872 800 3952 quemadmodum
824 3871 878 3932 Sol
902 3872 989 3932 lineis
1014 3871 1106 3932 rectis
1131 3871 1287 3950 pellucidis
1312 3869 1460 3932 illuminat
1484 3870 1595 3942 omnia,

236 3962 280 4024 sic
306 3960 425 4022 animae
454 3961 646 4037 facultatem,
681 3980 755 4040 quae
788 3961 887 4022 estin
917 3961 1060 4034 cerebro,
1095 3960 1182 4022 lineis
1211 3960 1397 4038 spiritalibus
1422 3978 1596 4039 quocunqne

236 4052 327 4125 flexu,
355 4050 563 4111 tantummodo
587 4051 747 4124 continuis,
772 4051 939 4111 illuminare
963 4051 1172 4111 instrumenta.
1211 4051 1294 4110 Tunc
1319 4049 1396 4109 eninr
1422 4048 1499 4110 sicut
1523 4049 1595 4110 nihil

236 4159 292 4202 nos
313 4139 405 4218 juvat
428 4146 481 4201 aer
504 4140 687 4219 pellucidus,
722 4140 747 4200 si
780 4160 905 4219 opaeum
939 4141 1109 4201 intercurrit
1132 4137 1234 4199 Solem
1259 4149 1290 4199 et
1321 4157 1389 4210 nos,
1425 4139 1469 4198 sic
1503 4138 1595 4198 etiam

235 4229 310 4291 nibil
334 4228 482 4307 profuerit
505 4229 638 4308 spiritus,
664 4229 713 4307 qui
738 4238 821 4290 astat
845 4229 1000 4303 retiformi,
1026 4229 1051 4289 si
1076 4228 1212 4308 superius
1237 4235 1268 4289 et
1291 4227 1415 4287 interius
1440 4228 1469 4287 in
1494 4227 1595 4306 capite

236 4336 415 4399 quacunque
448 4319 484 4379 de
518 4338 610 4379 causa
643 4318 802 4396 spiritosns
836 4319 885 4379 ille
914 4319 1021 4378 ductus
1052 4316 1262 4395 intercipiatur
1285 4314 1501 4394 continuusque
1527 4333 1595 4374 esse

236 4408 367 4470 desinat.
414 4408 492 4467 llinc
517 4407 570 4468 illa
593 4407 693 4468 subita
718 4407 836 4468 lnrninis
861 4407 1022 4467 exstinctio
1047 4408 1075 4467 in
1105 4406 1234 4479 morbis,
1268 4425 1326 4466 non
1358 4423 1411 4483 per
1444 4421 1596 4465 recursum

236 4496 411 4576 spirituum,
435 4496 489 4557 sed
513 4516 566 4575 ρει·
597 4495 803 4575 abreptionem
834 4496 1144 4575 interceptionemque
1174 4513 1275 4555 eorum
1307 4516 1325 4556 a
1357 4494 1521 4554 constricto
1547 4493 1595 4552 rei

237 4585 395 4648 obstructo
419 4587 467 4646 vel
489 4585 626 4664 praeciso
650 4594 761 4646 meatu.
981 4606 983 4610 ·
1550 4597 1553 4602 ·

326 4675 413 4736 llaec
437 4674 474 4735 de
498 4674 595 4735 altera
619 4675 781 4753 passione,
814 4693 890 4754 quae
922 4682 970 4734 est
1002 4692 1109 4735 sensus
1143 4671 1306 4733 communis
1340 4679 1371 4733 et
1404 4679 1544 4732 causatur
1577 4693 1596 4732 a

238 4764 339 4845 specie
364 4763 510 4844 patieutis
533 4763 734 4836 instrumenti,
758 4764 836 4841 quod
861 4763 923 4842 ejus
948 4764 1097 4840 objectum
1122 4770 1179 4824 est.

326 4853 429 4916 LXII.
475 4853 706 4931 Propositio.
754 4852 956 4914 Instrumenta
981 4863 1105 4933 utroque
1142 4852 1281 4914 similiter
1303 4851 1425 4918 affecto,
1459 4848 1596 4909 videmur

238 4942 372 5024 speciem
396 4962 485 5005 unam
508 4942 626 5003 videre:
651 4949 683 5002 at
708 4940 893 5002 dissimiliter
916 4942 1034 5004 affectis
1059 4945 1106 5004 vel
1139 4938 1228 5019 pi'ctis
1262 4942 1343 5001 intus
1374 4940 1498 5000 duorum
1522 4956 1594 4998 ocu-

239 5032 336 5094 lorum
359 5031 470 5094 tunicis
493 5031 706 5105 rstiformibus,
731 5031 788 5092 duo
813 5030 898 5094 nobis
922 5050 976 5113 pro
1000 5051 1058 5094 uno
1081 5037 1348 5109 repraesentantur
1370 5027 1510 5090 visibilia.

1267 5147 1289 5176 a
