3692 5842
342 474 406 545 154
808 475 1000 541 Paralipomana
1016 478 1043 528 iu
1060 477 1227 529 vitellianum.

430 658 543 719 Verum
567 657 614 718 hic
643 675 751 737 operae
784 656 911 735 pretium
937 664 985 717 est
1007 655 1123 727 videre,
1157 664 1300 736 qnantum
1333 655 1552 717 incommodum
1581 653 1697 715 habeat

340 746 481 826 ignorata
505 746 701 807 theorematis
725 745 950 806 demonstratio.
988 745 1071 804 Haeo
1092 745 1252 806 enimcum
1277 753 1415 807 auctores
1434 744 1551 825 aliquos
1572 743 1694 823 fugerit.

340 836 455 897 factum
479 846 541 909 est,
571 844 605 896 ut
638 835 816 896 theoremati
842 835 906 895 sine
937 832 1114 894 limitatione
1147 836 1305 895 credentes
1329 834 1358 895 in
1391 852 1532 913 magnum
1563 851 1696 894 errorem

341 923 510 986 inciderint.
548 923 667 984 Etenim
692 933 837 1003 quotquot
862 923 916 983 hoc
932 924 1020 983 modo
1044 922 1222 985 observatae
1238 932 1308 984 sunt
1331 924 1469 1003 eclipses,
1494 940 1600 982 omnes
1625 921 1696 982 illae

341 1014 434 1074 multo
454 1013 583 1093 majores
599 1013 627 1073 in
648 1014 731 1074 coelo
755 1023 928 1084 evenerunt,
954 1030 1041 1090 quam
1066 1014 1206 1091 apparuit
1222 1012 1249 1072 in
1270 1013 1363 1085 radio,
1388 1030 1491 1072 omnes
1514 1010 1696 1072 diametrum

338 1101 442 1164 Lunae
467 1102 495 1162 ia
520 1103 604 1163 coelo
628 1102 720 1163 multo
744 1104 886 1182 majorem
910 1100 1117 1174 exhibuerunt,
1143 1121 1229 1180 quam
1251 1101 1278 1161 in
1303 1101 1399 1162 radio.
1437 1099 1516 1160 Hinc
1532 1109 1590 1170 est,
1617 1100 1695 1178 quod

339 1190 471 1270 phoenix
495 1190 545 1251 iile
574 1199 827 1264 astronomorum,
852 1190 954 1270 Tycho
978 1189 1096 1260 Bralre‚
1128 1190 1319 1250 mirabundus
1344 1190 1371 1250 in
1403 1189 1459 1250 has
1487 1199 1615 1249 coactus
1640 1188 1695 1248 fuit

338 1278 508 1358 angustias,
533 1287 566 1340 ut
589 1280 766 1341 diametrum
790 1280 894 1340 Lunae
918 1278 1024 1357 quinta
1047 1298 1166 1358 semper
1188 1289 1273 1357 parte
1298 1280 1441 1339 minorem
1466 1296 1535 1337 esse
1559 1296 1693 1356 pronun·

338 1367 461 1429 tiaverit
476 1368 504 1428 in
525 1369 793 1447 conjunctionibus,
818 1386 905 1448 quam
926 1377 1053 1447 apparet
1073 1367 1101 1426 in
1122 1367 1369 1445 oppositionibus,
1396 1367 1532 1446 quamvis
1556 1366 1698 1444 utrinque

338 1475 432 1535 aeque
456 1457 585 1518 anobis
609 1457 699 1518 absit.
746 1458 813 1520 Non
837 1468 937 1517 tamen
963 1455 1105 1533 negarim,
1131 1455 1207 1516 alias
1231 1456 1322 1517 etiam
1347 1456 1471 1517 subesse
1496 1474 1619 1526 causas,
1644 1473 1699 1514 eur

340 1563 447 1605 revera
479 1546 611 1607 nonnihil
645 1545 740 1606 nrinor
777 1555 922 1625 appareat
956 1544 1061 1605 Lunae
1100 1544 1247 1605 diameter
1279 1546 1307 1604 in
1345 1544 1626 1624 conjunctionibus,
1660 1543 1698 1602 de

337 1632 445 1714 quibus
469 1633 556 1695 infra.

427 1731 543 1792 Tantas
567 1731 776 1803 difficultates,
807 1751 882 1811 quae
911 1731 1026 1792 aditum
1050 1731 1135 1791 nobis
1159 1731 1197 1789 ad
1222 1730 1376 1809 eclipsium
1407 1730 1642 1809 praescientiam
1668 1739 1700 1788 et

340 1818 379 1879 ad
403 1827 543 1881 exactam
571 1830 669 1881 motus
698 1821 801 1880 Lunae
832 1820 1057 1881 restitutionem
1089 1818 1259 1891 obrallant,
1293 1837 1381 1897 spero
1410 1837 1457 1879 me
1486 1818 1534 1879 his
1564 1817 1699 1898 pagellis

339 1908 445 1969 tollere
479 1909 735 1971 demonstratione
768 1910 966 1970 theorematis
1000 1908 1140 1987 expedita
1173 1917 1204 1967 et
1236 1908 1350 1985 apertis
1385 1926 1517 1968 errorum
1552 1907 1697 1978 fontibus,

338 1996 388 2076 qui
412 1998 483 2058 milri
510 2017 546 2057 en
570 2006 713 2059 accurata
744 1997 984 2058 consideratione
1015 1996 1136 2078 deliquii
1161 1994 1277 2057 Solaris
1301 1997 1379 2076 quod
1404 2015 1481 2056 anno
1510 1991 1598 2058 1600
1622 2015 1697 2055 con·

339 2084 419 2165 tigit,
445 2105 513 2146 sese
537 2087 764 2166 conspiciendos
789 2086 995 2146 exhibuerunt.

426 2186 618 2240 Definitio.
662 2188 690 2239 ln
712 2203 768 2239 una
799 2186 942 2255 superficie
973 2186 1082 2238 lucente
1108 2202 1169 2236 esse
1199 2185 1326 2236 dicuntur
1356 2184 1446 2236 omnia
1473 2186 1516 2236 rel
1546 2186 1699 2237 earundem

337 2281 402 2318 rere
428 2266 472 2318 rel
503 2266 673 2320 diversarum
703 2262 906 2335 superficierum
934 2273 1052 2334 puncta,
1079 2265 1213 2335 aquibus
1243 2266 1277 2315 ad
1309 2281 1391 2316 unum
1419 2264 1530 2333 aliquod
1561 2273 1698 2318 remotum

338 2352 469 2414 punctum
489 2346 581 2399 lineae
601 2354 696 2399 rectae
717 2347 777 2399 duei
799 2355 927 2414 possunt,
957 2345 1101 2414 pyramide
1130 2344 1277 2405 facientes,
1307 2350 1455 2412 propterea
1478 2346 1550 2413 quod
1573 2344 1698 2415 pyramis

336 2423 387 2479 illa
407 2426 628 2495 perpendiculari
651 2427 734 2496 plano
755 2426 834 2479 unico
856 2425 944 2478 secari
967 2425 1141 2494 intelligitur.

425 2506 598 2559 Petatur:
621 2507 706 2559 Binaa
727 2525 763 2559 ex
784 2508 879 2559 eodem
901 2506 1010 2558 lucente
1032 2513 1134 2573 puncto
1160 2513 1235 2556 ortas
1265 2505 1352 2557 lineas
1381 2504 1613 2564 illuminatoriaa,
1643 2505 1698 2558 etei

336 2601 437 2639 revera
458 2596 621 2640 concurrant
644 2587 670 2639 in
692 2587 744 2639 hac
772 2603 823 2639 sua
845 2586 967 2655 origine,
994 2585 1017 2636 si
1044 2595 1135 2638 tamen
1164 2584 1306 2637 immanem
1332 2585 1456 2637 habeant
1488 2586 1698 2653 proportionem

335 2666 371 2719 ad
393 2666 480 2729 basin,
503 2683 557 2736 qua
577 2677 696 2737 utraque
718 2666 896 2727 eonnectitur,
920 2674 976 2718 tum
998 2665 1249 2734 aequidistantibus
1272 2667 1307 2717 ad
1329 2681 1438 2717 sensum
1460 2664 1650 2735 aequiparari.

424 2761 514 2839 Prop.
540 2761 564 2821 Ι.
613 2761 650 2822 Si
681 2761 825 2822 unicum
860 2760 901 2818 ad
935 2777 1080 2819 sensum
1114 2767 1288 2836 punctum
1323 2769 1445 2830 esset,
1481 2779 1499 2817 a
1529 2777 1599 2837 quo
1634 2759 1697 2819 lux

335 2861 597 2927 spargeretur,
622 2851 750 2911 radius
775 2850 809 2909 iu
834 2848 979 2928 pariete
1004 2856 1107 2907 reete
1132 2845 1283 2923 objecto
1308 2847 1465 2925 figuram
1491 2835 1697 2908 habiturus

336 2946 442 2998 esset
464 2937 620 2999 similem
645 2940 853 3010 fenestrae,
878 2956 944 3015 per
968 2954 1071 3015 quam
1095 2944 1197 2994 recto
1222 2935 1359 3014 illapsu
1384 2935 1457 2995 fuit
1481 2935 1696 3013 ingressus:

336 3025 542 3104 eademque
575 3028 771 3106 proportio
803 3027 900 3086 foret
931 3023 1201 3085 dimetientium
1237 3023 1403 3101 parietis
1437 3024 1628 3085 illustrati
1662 3037 1697 3083 et

335 3113 547 3187 fenestrae,
587 3134 676 3194 quae
707 3125 767 3176 est
803 3115 1031 3174 discessuum
1068 3113 1260 3189 utriusque
1294 3133 1313 3172 a
1351 3113 1502 3173 lucente
1543 3123 1696 3193 puncto.

334 3199 393 3262 Est
420 3197 472 3266 99.
498 3213 529 3262 et
556 3201 627 3264 100.
653 3204 740 3283 primi
764 3203 947 3264 Vitellionis.

490 3308 543 3373 l'ig.
563 3309 605 3359 tl·
849 3307 953 3368 Paries
978 3309 1023 3367 rei
1048 3308 1168 3385 planum
1198 3319 1263 3365 esto
1288 3305 1420 3377 ABCD,
1455 3318 1600 3385 punctum
1624 3326 1697 3368 vero

759 3399 861 3458 lucens
877 3397 901 3455 l}
927 3397 954 3456 in
979 3396 1107 3466 sublimi,
1133 3407 1163 3455 et
1189 3397 1322 3455 fenestra
1345 3398 1545 3475 cujuscunque
1570 3398 1696 3470 figurae,

760 3505 836 3565 quae
855 3486 919 3564 jam
947 3484 987 3543 sit
1011 3482 1105 3554 l'Gll,
1131 3486 1208 3544 inter
1231 3492 1386 3561 utrumque
1414 3485 1594 3562 interjecta3
1625 3486 1699 3546 des-

760 3575 868 3634 cendat
893 3591 963 3632 roro
987 3572 1242 3650 perpendicularis
1258 3591 1312 3649 per
1330 3592 1438 3652 corpus
1463 3575 1697 3645 translucidum,

762 3673 794 3722 ut
817 3669 928 3731 adrem,
954 3661 1030 3720 exE
1051 3663 1079 3720 in
1105 3672 1260 3739 utrumque
1282 3658 1356 3719 ctO
1381 3673 1515 3722 centrum
1542 3663 1698 3724 fenestrae

762 3750 848 3811 l'Gll
872 3759 901 3809 et
927 3750 1046 3826 planum
1071 3750 1186 3810 ΑΒΗ)
1210 3769 1285 3827 quae
1310 3748 1351 3808 sit
1375 3749 1428 3809 El.
1477 3751 1552 3811 Dico
1578 3763 1698 3831 partem

762 3837 928 3916 superficiei
954 3837 1068 3898 rlllt'D
1100 3839 1282 3898 illustratam
1314 3837 1352 3896 ab
1377 3839 1402 3898 l:
1430 3850 1541 3917 puncto
1577 3844 1698 3902 lucente

762 3928 932 3987 habituram
957 3928 1081 4001 hermam
1106 3928 1231 3987 similem
1257 3928 1408 3986 fenestrae
1433 3928 1458 3988 F
1460 3927 1534 4000 Gfl,
1566 3930 1625 3990 hoc
1650 3943 1698 3990 est

763 4016 865 4076 itidem
890 4015 1070 4093 triangulum
1094 4016 1122 4075 in
1147 4017 1328 4093 praesentia.

853 4104 1089 4164 Derrronstratio.
1131 4103 1205 4164 Cum
1230 4103 1318 4181 igitur
1342 4114 1407 4162 tutu
1433 4105 1515 4182 regio
1541 4107 1697 4168 fenestrae

764 4190 848 4253 FGll
864 4202 895 4251 et
910 4192 1011 4252 omnia
1030 4191 1094 4267 ejus
1118 4204 1228 4268 puncta
1250 4192 1309 4251 siut
1333 4192 1421 4251 obuia
1445 4205 1558 4269 puncto
1584 4196 1696 4257 lucenti

764 4280 859 4340 Enec
875 4279 1064 4356 interjectum
1085 4297 1209 4357 opacum
1230 4280 1390 4358 quippiam,
1415 4283 1526 4343 cadent
1543 4284 1573 4345 in
1595 4286 1698 4346 omnia

721 4436 725 4446 ,
762 4368 837 4427 haee
870 4380 981 4445 puncta
1014 4365 1088 4424 radii
1122 4386 1158 4425 ex
1191 4368 1214 4426 l]
1250 4367 1340 4446 (Cap.
1368 4370 1391 4434 l.
1417 4368 1463 4430 2l.
1513 4371 1617 4443 tiuare
1652 4374 1696 4434 sic

714 4457 720 4484 '¹
762 4457 852 4516 etiam
869 4474 921 4531 per
941 4453 1056 4514 infinita
1077 4468 1186 4531 puncta
1205 4457 1370 4533 marpinum
1388 4461 1540 4521 fenestrae
1555 4464 1695 4524 infinitae

536 4562 562 4609 ,ι
761 4545 905 4602 ducentur
943 4541 1039 4601 lineae
1077 4556 1177 4601 rectae
1220 4545 1384 4607 radiantes.
1446 4551 1568 4611 Habeat
1607 4549 1696 4612 l’Glt

342 4585 462 4720 mlh·
491 4614 643 4660 ‘A
673 4689 688 4732 s
763 4633 895 4691 fenestra
919 4630 1115 4689 terminantes
1141 4630 1235 4692 lineas
1264 4648 1365 4693 rectas
1394 4648 1594 4717 quotcunque.
1645 4639 1697 4701 Sit

365 4721 368 4728 '
510 4721 593 4730 ’““”
627 4721 637 4728 ’
762 4738 818 4778 una
843 4737 944 4776 earum
969 4715 1034 4786 f'G,
1060 4719 1177 4778 termini
1203 4718 1293 4785 ieitur
1317 4722 1403 4794 lurjus
1429 4724 1526 4786 lineae
1547 4728 1572 4788 F
1595 4737 1628 4788 et
1654 4727 1695 4802 G,

335 4808 443 4885 quibus·
469 4828 505 4868 en
530 4809 555 4869 l:
580 4819 796 4870 connectuntur
819 4806 895 4865 duae
924 4819 1045 4867 rectae:
1075 4825 1166 4884 quare
1191 4808 1290 4879 (Euel.
1315 4808 1370 4879 xl,
1397 4810 1432 4880 2)
1458 4812 1542 4876 FGE
1567 4827 1641 4878 aaut
1665 4817 1696 4878 in

332 4895 439 4954 eadem
463 4897 628 4973 superficie.
666 4898 706 4958 Et
731 4893 832 4967 (Euri.
862 4893 918 4964 Xl,
950 4896 979 4966 l)
1004 4897 1103 4954 orrruia
1127 4905 1238 4972 puncta
1261 4897 1415 4972 linearum,
1442 4901 1513 4972 EM.
1530 4905 1597 4978 Eli,
1624 4923 1695 4968 rec·

332 4993 431 5043 tarum
454 4989 485 5040 et
508 4995 697 5064 quotcunque
719 4985 759 5046 ab
781 4981 808 5042 E
831 4981 1071 5045 descendentia
1094 4982 1151 5043 FG
1173 4995 1245 5045 suut
1267 4986 1296 5046 in
1320 5006 1381 5047 una
1402 4993 1574 5069 superficie.
1619 4994 1695 5058 Jatu
