3692 5842
766 418 848 510 oque
866 444 910 494 ιν.
930 443 956 495 r.
1472 444 1535 514 133
1584 441 1585 444 ’

180 622 312 688 medinm
331 621 372 684 ad
394 619 524 684 medium
538 619 566 682 in
586 618 746 697 densitate,
771 621 815 684 sic
830 622 886 684 hae
909 622 1080 705 pyramides
1100 642 1198 686 vacua
1212 624 1249 685 ad
1269 624 1390 686 humore
1405 623 1533 702 plenam.

179 711 318 791 Denique
333 709 404 791 qnia
420 708 574 790 proportio
593 710 757 773 mediorum
772 719 820 773 est
833 711 969 773 trifariae
989 712 1247 786 considerationis,
1273 732 1336 774 cum
1351 711 1535 774 densitatem

179 799 329 881 recipiant
350 799 382 861 in
406 798 535 879 longum,
561 798 654 860 latum
678 807 710 862 et
732 801 920 879 protundum,
946 819 1124 880 progressus
1138 820 1202 862 sum
1227 800 1319 862 etiam
1343 801 1381 861 ad
1405 818 1532 879 propor-

179 891 292 954 tionem
319 886 457 952 oubicsm
483 887 564 950 inter
592 884 688 948 lineas
709 886 777 960 EQ,
801 889 858 950 ΕΗ
886 889 1084 969 quaerendas.
1107 957 1109 961 μ
1132 887 1212 960 Quin
1235 897 1267 949 et
1295 889 1371 951 alias
1399 888 1534 950 consului

178 978 286 1042 ineas
333 976 520 1040 Demittstur
543 994 581 1036 ex
603 976 703 1055 aliquo
725 986 900 1055 punctorum
929 977 1132 1052 retractionis,
1161 985 1265 1057 utpote
1289 997 1327 1038 ex
1351 975 1379 1038 G
1403 995 1533 1056 perpen-

178 1064 324 1130 dicularis
346 1064 377 1128 in
402 1065 523 1126 tondum
547 1061 615 1128 GY.
664 1062 811 1136 Quaestio
842 1066 918 1140 erit,
949 1075 1046 1128 utrum
1075 1067 1256 1145 triangulum
1281 1064 1374 1139 GIY,
1406 1066 1462 1126 hoo
1486 1072 1535 1126 est
1620 1097 1624 1103 ·

177 1154 263 1220 bunis
285 1152 333 1216 IY
365 1151 549 1215 divideretur
582 1173 600 1215 a
631 1151 687 1215 GP
720 1154 849 1215 retracto
881 1155 912 1216 in
943 1155 1135 1235 proportione
1167 1154 1327 1215 densitatis
1359 1153 1531 1216 mediorum.

176 1243 244 1308 Hos
265 1241 373 1306 modos
396 1260 499 1304 omnes
523 1240 671 1321 conjunxi,
696 1241 766 1321 qnia
788 1243 913 1304 eundem
938 1263 1040 1306 omnes
1063 1244 1179 1305 habent
1201 1238 1366 1304 elenchum.

265 1331 348 1395 Nam
380 1349 554 1411 quacunque
586 1329 702 1392 ratione
735 1330 832 1403 linea,
865 1332 985 1410 planum
1015 1332 1064 1393 vel
1092 1331 1226 1413 pyramis
1254 1331 1298 1391 EI
1326 1331 1365 1391 ad
1388 1328 1455 1403 ΕΡ,
1481 1336 1534 1390 aut

175 1419 358 1483 abbreviata
379 1418 424 1480 Yl
448 1418 487 1480 ad
508 1418 565 1481 YP
587 1419 718 1480 retineat
749 1421 875 1480 eandem
908 1419 1015 1499 ubique
1048 1420 1286 1499 proportionem,
1322 1426 1425 1498 utpote
1456 1435 1531 1497 quae

176 1517 226 1572 est
249 1505 424 1581 mediorum,
449 1515 530 1569 certe
553 1506 597 1567 EI
620 1515 748 1585 tangens
772 1507 935 1569 distantiae
963 1509 1065 1587 puncti
1089 1510 1119 1570 A
1143 1529 1161 1568 a
1185 1508 1296 1568 vertice
1321 1508 1372 1567 fiet
1396 1506 1424 1566 in
1448 1503 1532 1566 hori-

174 1596 291 1660 zontali
314 1594 463 1659 distantia
485 1595 609 1668 infinita,
634 1596 741 1657 reddet
764 1594 855 1673 igitur
878 1605 910 1657 et
932 1597 985 1657 ΕΡ
1008 1597 1055 1658 vel
1079 1597 1134 1657 YP
1157 1596 1312 1657 infinitam.
1354 1594 1440 1657 Unde
1459 1591 1532 1655 IGP

177 1686 307 1766 angulus
339 1683 529 1746 retractionis
562 1684 746 1758 abolebitur,
780 1693 812 1745 et
840 1686 1052 1764 approximans
1085 1683 1232 1746 horizonti
1262 1684 1410 1762 paulatim
1437 1681 1532 1744 minor

176 1782 269 1855 atque
291 1771 391 1858 minor
414 1772 540 1844 evadet,
570 1773 647 1852 quod
672 1772 710 1833 ab
733 1773 920 1852 experientia
949 1774 1106 1835 refutatur.
1153 1773 1231 1834 Nam
1260 1771 1406 1834 maximus
1430 1768 1531 1831 estin

179 1862 346 1925 horizonte.
392 1861 458 1923 Nec
481 1860 551 1922 illae
575 1859 603 1920 in
628 1879 748 1922 scenam
773 1861 960 1923 introductae
983 1862 1154 1942 pyramides
1172 1860 1247 1922 bene
1272 1859 1450 1921 conveniunt
1465 1876 1532 1921 cnm

176 1968 264 2032 prop.
289 1947 321 2014 7.
346 1946 377 2014 8.
403 1947 478 2029 Cap.
501 1951 526 2023 I,
552 1948 622 2029 quia
651 1951 767 2028 species
795 1950 870 2011 luois
903 1950 1070 2030 superficiei
1102 1949 1303 2011 dimensiones
1332 1947 1438 2021 habet,
1472 1965 1529 2006 non

175 2038 324 2119 eorporis.
369 2037 506 2118 Denique
529 2038 604 2098 haec
627 2039 743 2116 species
766 2038 796 2100 in
820 2039 887 2117 ipsa
910 2038 1064 2117 superficie
1098 2036 1245 2099 densioris
1272 2034 1459 2114 retringitur,
1492 2033 1531 2094 ab

176 2129 234 2192 bat
257 2126 401 2207 passione
424 2134 507 2188 recto
530 2135 611 2188 motu
643 2127 750 2201 tertnr,
785 2127 1029 2208 qualitercunque
1056 2127 1165 2188 fundus
1187 2125 1230 2187 illi
1259 2130 1406 2186 occurrat.
1453 2120 1532 2184 Sunt

175 2217 270 2298 igitur
300 2215 409 2277 tundns
433 2223 465 2276 et
494 2214 592 2276 lineae
614 2214 672 2290 EI,
696 2216 749 2277 ΕΡ
773 2224 804 2277 et
831 2216 976 2278 confictae
1004 2217 1061 2277 hae
1089 2214 1261 2296 pyramides
1283 2212 1313 2274 in
1341 2209 1531 2273 retractionis

175 2303 302 2385 negotio
323 2303 415 2383 plane
438 2302 653 2366 accidentaria.
1041 2349 1044 2355 .

266 2393 402 2456 Tandem
422 2391 513 2470 igitur
533 2391 605 2453 itum
621 2399 668 2452 est
683 2392 721 2452 ad
736 2390 832 2470 ipsam
850 2392 893 2455 rei
916 2392 1084 2471 imaginem,
1110 2390 1157 2452 oui
1172 2390 1270 2452 locum
1284 2407 1375 2467 supra
1393 2404 1460 2466 cap.
1476 2384 1529 2448 111.
1635 2395 1640 2402 '

175 2501 215 2546 ex
247 2480 358 2563 opticis
390 2479 577 2542 definivimus
605 2479 635 2540 in
668 2497 813 2541 concursu
845 2481 921 2543 radii
954 2478 1058 2543 visorii
1088 2497 1154 2539 cum
1187 2477 1309 2539 catheto
1340 2473 1531 2537 incidentiae.

174 2570 224 2634 Sit
243 2570 312 2649 jam
336 2569 445 2631 tundus
467 2568 535 2643 LK,
560 2577 591 2629 et
613 2568 742 2630 altitudo
766 2568 857 2630 medii
880 2569 966 2630 densi
990 2568 1055 2631 CK.
1095 2566 1145 2629 Sit
1167 2565 1283 2628 visibile
1307 2566 1337 2627 in
1360 2564 1403 2637 M,
1429 2569 1531 2625 erecta

173 2656 435 2740 perpendicularis
465 2657 494 2718 in
528 2655 713 2735 superficiem
746 2676 842 2736 aquae
870 2676 908 2718 ex
931 2657 979 2732 M,
1013 2677 1055 2718 sc.
1085 2657 1134 2718 Ml
1162 2662 1209 2716 est
1242 2654 1402 2728 cathetus,
1435 2648 1530 2713 sitG

173 2756 318 2828 punctum
341 2744 549 2819 retractionis,
578 2745 637 2808 erit
664 2752 749 2807 recta
772 2743 850 2807 AGI
874 2745 976 2807 radius
999 2745 1143 2818 visorius,
1176 2743 1245 2823 qnia
1269 2742 1351 2803 visus
1375 2759 1434 2801 non
1458 2757 1529 2818 per-

173 2836 250 2915 cipit
272 2835 393 2897 rsdium
408 2834 438 2895 in
456 2830 485 2894 G
505 2833 614 2911 trangi,
639 2833 708 2913 quin
733 2833 897 2908 existimat,
921 2834 990 2895 inde
1015 2832 1157 2895 advenire
1177 2838 1282 2902 totum,
1307 2847 1446 2909 quorsum
1465 2828 1530 2908 ipse

174 2923 282 2986 obvius
314 2944 334 2985 a
365 2930 525 3002 spectante
557 2921 703 3001 dirigitur.
756 2919 916 2985 Concurrit
952 2942 1023 3001 ergo
1057 2919 1135 2984 AGI
1168 2940 1234 2982 cum
1266 2919 1315 2980 Ml
1347 2917 1469 2979 catheto
1500 2915 1530 2978 in

173 3020 286 3093 puncto
318 3013 344 3073 I.
401 3008 502 3082 Quare
533 3029 571 3072 ex
601 3010 767 3090 optinorum
799 3010 969 3071 definitione
998 3012 1012 3072 I
1046 3010 1129 3072 locus
1162 3007 1220 3071 erit
1251 3005 1398 3085 imaginis.
1443 3005 1530 3067 Hanc

173 3099 337 3180 imaginem
360 3099 456 3179 primo
480 3097 524 3160 sic
548 3098 700 3161 consului:
725 3118 762 3159 aa
787 3117 905 3178 sempor
929 3100 958 3160 in
974 3100 1013 3160 [Ε
1038 3099 1184 3177 parallelo
1210 3096 1247 3157 ad
1267 3093 1321 3157 BG
1345 3092 1531 3173 superficiem

171 3187 389 3270 permanendo,
412 3187 643 3250 retractionibus
667 3186 826 3249 metiendis
853 3189 1002 3266 praebeat
1025 3207 1139 3249 ansam.
1187 3186 1232 3247 At
1254 3184 1310 3245 hoc
1334 3183 1442 3244 talsum
1465 3182 1531 3263 ipse

173 3296 283 3342 ansus
315 3276 466 3339 oculorum
500 3277 680 3339 testabatur.
742 3273 809 3347 Quo
842 3277 922 3338 enim
955 3275 1102 3355 obliquius
1137 3273 1279 3353 inspicias
1317 3290 1445 3351 aquarn,
1476 3269 1531 3331 hoc

174 3366 275 3446 magis
298 3366 467 3428 ascendunt
489 3365 635 3444 imagines
660 3365 699 3425 ad
723 3365 928 3445 superficiem:
959 3365 984 3426 si
1009 3365 1122 3426 directe
1152 3362 1302 3440 despicias
1327 3379 1365 3420 ex
1388 3358 1417 3420 A
1440 3359 1469 3420 in
1494 3356 1530 3431 O,

173 3455 258 3518 nnlla
281 3453 432 3516 videbitur
454 3455 583 3516 altitudo
608 3452 691 3514 tundi
709 3453 749 3515 Κ.
787 3452 867 3524 Quid
891 3455 970 3533 quod
993 3454 1099 3514 modus
1123 3452 1181 3513 iste
1206 3450 1328 3510 tandem
1352 3466 1418 3509 cnm
1440 3464 1532 3525 supra

174 3542 330 3624 descripto
353 3540 505 3605 coincidit.
551 3541 716 3604 Probatum
740 3549 789 3603 est
811 3542 898 3615 enim,
924 3541 950 3603 si
973 3542 1011 3615 D,
1028 3543 1052 3609 Ι,
1068 3540 1149 3614 Η,Ε
1175 3540 1265 3618 (quae
1284 3536 1349 3616 jam
1373 3541 1442 3597 sunt
1464 3535 1532 3596 loca

173 3632 354 3713 imaginum)
382 3625 500 3693 sintin
529 3630 634 3692 eadem
661 3630 807 3707 parallelo
835 3631 874 3693 ad
897 3629 961 3704 Bc,
986 3630 1044 3692 LK
1068 3636 1100 3690 et
1122 3628 1188 3701 DL,
1213 3626 1271 3698 lM,
1297 3625 1365 3695 HN,
1389 3622 1447 3683 ΕΚ
1470 3621 1532 3682 sint

173 3719 449 3801 perpendiculares,
474 3726 509 3782 ut
530 3718 578 3781 hic
602 3736 718 3798 qnoque
740 3718 875 3797 ponitur,
900 3727 970 3781 tuno
993 3716 1060 3793 ΚΟ,
1085 3717 1150 3788 NF,
1175 3712 1249 3788 MG,
1274 3714 1328 3775 ΕΒ
1357 3727 1530 3773 concurrere

173 3810 204 3873 in
228 3808 337 3872 eodem
359 3816 469 3887 puncto
493 3808 531 3882 R,
557 3807 659 3887 itaque
683 3824 751 3868 esse
775 3827 866 3869 unum
890 3827 928 3868 ex
951 3807 1049 3869 modis
1072 3804 1206 3885 rejectis.

262 3897 396 3960 Rursum
419 3895 564 3977 quaesivi,
587 3903 686 3958 utrum
701 3916 720 3957 a
734 3896 854 3976 punctis
869 3914 990 3958 suarum
1008 3894 1222 3958 retractionem
1244 3888 1391 3969 imagines
1416 3905 1530 3967 aequa-

172 3988 244 4051 liter
267 3986 422 4060 sbessent,
447 3984 656 4063 minimamque
679 3984 856 4047 distantiam
884 3985 1041 4046 metiretur
1069 3983 1148 4046 ratio
1172 3982 1341 4043 densorum.
1388 3977 1432 4039 Ut
1455 3973 1531 4038 siE

171 4076 215 4140 sit
239 4074 358 4155 imago,
383 4071 408 4136 (i
432 4092 528 4154 aquae
560 4072 747 4153 superficies,
778 4073 809 4135 K
837 4073 960 4147 tundus,
990 4081 1023 4135 et
1047 4071 1100 4135 ΟΕ
1129 4073 1167 4134 ad
1193 4069 1250 4133 GK
1277 4074 1312 4129 ut
1339 4065 1468 4128 medium
1492 4063 1531 4125 ad

171 4164 303 4227 medium
326 4182 420 4225 causa
442 4162 614 4226 densitatis.
650 4161 764 4223 Postea
782 4163 818 4235 F,
834 4160 915 4239 G,B
940 4162 1001 4224 sint
1025 4162 1086 4223 tria
1108 4162 1170 4224 alia
1192 4164 1305 4239 puncta
1328 4150 1531 4226 retractionis,

170 4264 203 4316 et
225 4251 376 4332 imagines
399 4252 428 4313 in
452 4250 485 4326 S,
505 4252 540 4327 T,
561 4251 592 4311 V
615 4260 647 4311 et
670 4248 733 4326 GE,
753 4249 813 4327 FS,
834 4249 900 4326 GT,
924 4252 983 4313 BV
1008 4251 1161 4331 aequales.
1200 4248 1315 4307 Verum
1339 4241 1531 4305 statuebatur

169 4342 224 4404 boc
246 4349 340 4423 pacto
369 4339 559 4420 imaginisE
587 4339 689 4418 aliqua
717 4340 846 4402 altitudo
870 4339 899 4401 in
928 4339 1141 4420 perpendiculo
1169 4335 1246 4405 ΑΚ,
1275 4332 1353 4412 quod
1381 4330 1531 4392 refutatur

167 4428 369 4511 experientis,
392 4436 428 4490 ut
450 4428 527 4491 alios
551 4428 692 4491 elenchos
717 4436 844 4490 taceam.
883 4434 982 4500 (temp.
1002 4453 1026 4500 p.
1047 4433 1081 4485 tt
1100 4432 1145 4495 ss.)

257 4517 363 4582 Tertio
385 4536 424 4580 an
447 4526 482 4580 nt
503 4517 633 4580 medium
656 4517 696 4578 ad
719 4517 858 4591 medium,
883 4517 928 4579 sic
952 4517 992 4587 (si
1013 4518 1041 4577 H
1066 4517 1107 4579 sit
1130 4515 1213 4575 locus
1238 4505 1392 4587 imaginis)
1413 4505 1467 4565 ΕΗ
1490 4502 1529 4565 ad

167 4607 248 4672 PX?
281 4606 418 4670 Minime.
463 4607 558 4670 Esset
590 4605 667 4668 enim
700 4607 743 4668 sic
776 4605 868 4668 etiam
893 4603 948 4668 OE
976 4606 1015 4666 ad
1039 4604 1115 4677 CK,
1149 4618 1239 4681 quare
1273 4614 1391 4676 semper
1424 4593 1529 4655 eadem
1587 4621 1591 4628 ,

166 4695 298 4760 altitudo
321 4694 472 4776 imaginis,
498 4696 575 4775 quod
595 4695 660 4775 jam
684 4694 891 4757 retutavimus.

257 4783 388 4858 Quarto,
412 4803 450 4847 an
473 4791 508 4847 ut
532 4783 588 4848 CK
612 4784 651 4844 ad
675 4785 731 4846 FX
758 4784 803 4845 sic
831 4783 960 4845 altitudo
991 4779 1130 4861 imaginis
1159 4777 1188 4839 in
1212 4775 1242 4836 K
1270 4773 1308 4835 ad
1338 4768 1529 4833 altitudinem

166 4875 198 4940 in
222 4875 276 4938 H?
299 4872 433 4938 Minime.
478 4869 559 4940 Nam
582 4880 636 4935 aut
658 4891 807 4953 nunqnam
830 4872 1000 4951 inciperent
1023 4868 1186 4931 ascendere
1211 4861 1377 4944 imagines,
1401 4864 1455 4920 ant
1477 4856 1529 4919 nbi

165 4965 262 5028 semel
284 4964 470 5043 inceperunt,
495 4962 694 5026 ascenderent
715 4961 746 5024 in
769 4960 927 5036 infinitum,
953 4960 1023 5041 quia
1046 4958 1103 5022 FX
1132 4954 1255 5020 tandem
1277 4953 1312 5015 fit
1333 4947 1460 5014 infinita.
