3692 5842
729 459 810 525 capue
832 460 876 510 nr.
896 459 920 509 r.
1438 455 1496 524 167

146 635 247 698 visum
269 635 302 699 in
331 637 452 717 plagam
484 639 663 718 oppositam.
712 636 787 699 Cum
821 637 898 698 enim
929 638 957 698 iu
991 637 1136 717 superiori
1168 637 1322 698 schemate
1345 638 1370 699 B
1395 637 1498 699 oculus

145 725 185 786 ad
209 724 334 804 plagam
357 726 413 788 BD
437 738 629 790 convertatur
652 745 706 788 nec
730 727 828 806 possit
850 745 1057 805 repercussum
1080 726 1155 787 radii
1174 725 1259 786 ADB
1283 726 1312 786 in
1332 725 1360 786 D
1385 728 1497 788 facturn

144 815 367 892 persentiscere
392 814 484 895 (Cap.
510 819 565 890 ΙΙΙ,
592 815 643 890 2),
668 816 758 877 situm
782 836 852 896 ergo
877 817 918 877 rei
949 816 977 877 in
1002 817 1031 877 A
1060 814 1242 892 imaginatur
1269 814 1325 876 sibi
1349 814 1377 876 in
1407 816 1499 895 plaga

144 903 217 976 BD,
251 904 371 966 scilicet
392 905 421 965 in
445 905 492 965 E:
525 908 569 967 ita
596 906 694 984 imago
719 929 737 966 a
760 926 791 967 re
816 925 871 966 sua
903 925 996 965 causa
1025 905 1081 965 loci
1115 904 1274 965 divellitur.
1322 905 1404 965 Idem
1432 913 1498 965 esto

140 991 291 1071 judicium
316 992 346 1054 in
369 995 558 1056 refractione.
605 995 683 1056 Nam
709 995 764 1056 etsi
796 994 842 1055 hir
875 996 985 1075 plagae
1008 1012 1066 1054 non
1099 1001 1308 1072 permutantur
1340 994 1496 1072 oppositis,

146 1080 336 1144 sensibiliter
358 1090 458 1144 tamen
482 1084 631 1146 differunt.
1063 1139 1065 1144 .

236 1170 408 1250 Propositio
433 1172 473 1235 V.
520 1173 651 1235 Rursum
676 1192 741 1233 cruu
766 1171 841 1232 visio
866 1171 907 1232 sit
940 1171 1041 1250 passio
1065 1178 1097 1231 et
1125 1168 1226 1248 passio
1250 1168 1291 1229 sit
1322 1169 1400 1230 inter
1423 1189 1497 1230 eon·

145 1257 252 1332 traria,
279 1278 402 1338 qnorum
426 1269 474 1322 est
496 1263 575 1323 idern
598 1281 705 1339 genus,
732 1268 965 1322 consentaneum
990 1270 1050 1334 est,
1082 1277 1273 1338 quaecunque
1301 1278 1399 1320 rerum
1422 1259 1498 1320 visi-

146 1346 250 1408 bilium
276 1348 451 1410 affectiones
476 1363 545 1413 sunt
564 1352 649 1411 oculo
674 1370 844 1420 communes
867 1351 983 1411 ratione
999 1350 1132 1427 ejusdem
1151 1347 1277 1427 generis,
1304 1366 1405 1409 ornnes
1428 1347 1498 1408 illas

145 1436 186 1497 ab
210 1437 297 1498 oculo
322 1438 538 1515 quadamtenus
563 1439 685 1520 percipi,
711 1439 921 1519 adjuvantibus
948 1437 1141 1499 facultatibus
1165 1435 1282 1498 risoriis
1298 1443 1329 1497 et
1346 1438 1497 1499 mediante

145 1524 200 1586 illa
222 1526 390 1589 affectione.

235 1613 407 1692 Propositio
432 1615 488 1677 Vl.
534 1615 666 1677 Primum
690 1615 793 1676 oculus
817 1624 938 1676 constat
961 1615 1132 1676 humoribus
1156 1613 1329 1693 pellucidis:
1355 1614 1496 1676 hoc'ita-

145 1720 205 1783 que
229 1712 370 1782 respectu
394 1704 467 1766 lucis
492 1712 523 1765 et
547 1706 677 1766 colorum
702 1715 878 1783 caperest.
927 1705 1005 1764 Vide
1029 1706 1087 1778 ΙΙΙ,
1112 1699 1163 1765 59.
1190 1703 1371 1764 Vitellionis.

236 1790 407 1871 Propositio
432 1794 503 1854 Vll.
551 1795 666 1854 Deinde
691 1794 784 1872 figura
809 1793 873 1870 ejus
897 1793 1027 1854 rotunda
1051 1801 1098 1854 est
1129 1810 1221 1871 eaque
1246 1792 1330 1853 varia
1354 1791 1381 1851 in
1407 1791 1498 1853 variis

145 1877 259 1942 tunicis
283 1889 315 1941 et
338 1882 510 1943 humoribus
534 1884 614 1944 intus
639 1892 668 1943 et
692 1889 788 1944 extra.
835 1883 965 1944 Mundus
989 1901 1059 1942 vero
1083 1882 1129 1942 hio
1159 1879 1354 1959 aspectabilis
1379 1882 1496 1960 etipse

144 1987 298 2032 concavus
331 1980 362 2030 et
393 1973 537 2032 rotundus
568 1980 634 2046 est,
668 1980 699 2031 et
731 1971 868 2051 quicquid
897 1972 934 2031 de
967 1970 1185 2050 hemisphaerio
1219 1978 1271 2031 aut
1302 1989 1336 2031 eo
1369 1970 1497 2053 amplius

144 2055 297 2120 intuemur
322 2078 377 2119 nno
402 2060 521 2133 obtutu,
548 2061 576 2121 id
600 2080 670 2140 pars
696 2072 742 2120 est
765 2060 853 2139 hujus
882 2060 1086 2123 rotunditatis.
1136 2057 1379 2121 Consentaneum
1407 2058 1498 2137 igitur
1588 2072 1593 2086 ·

144 2154 205 2220 est,
234 2148 459 2226 proportionem
493 2149 676 2228 singularum
709 2169 806 2210 rernm
830 2150 869 2210 ad
897 2157 993 2209 totum
1027 2148 1274 2228 hemisphaerium
1302 2147 1455 2208 aestimari
1480 2170 1498 2207 a

142 2235 213 2296 visu
235 2236 430 2316 proportione
459 2238 570 2318 speciei
601 2239 755 2317 ingressae
780 2239 818 2299 ad
849 2238 1099 2316 hemisphaerium
1123 2236 1208 2297 oculi.
1254 2236 1354 2317 Atque
1378 2236 1426 2297 hic
1450 2244 1497 2296 est

144 2323 235 2404 vulgo
261 2325 360 2387 dictus
391 2328 519 2405 angulus
549 2326 678 2388 visorius
703 2347 755 2387 seu
785 2336 890 2388 vertex
919 2328 1083 2408 pyramidis
1116 2325 1245 2387 visoriae
1268 2327 1348 2388 intra
1371 2325 1495 2398 oculum,

147 2413 229 2492 cujus
260 2413 344 2475 basis
369 2415 397 2476 in
422 2435 453 2476 re
478 2417 553 2495 ipsa.
600 2415 713 2489 Oculus
747 2415 876 2476 enimin
911 2436 968 2478 uno
1000 2417 1132 2497 quolibet
1164 2415 1268 2476 obtutu
1297 2415 1331 2476 lit
1363 2420 1496 2476 centrum

149 2501 359 2581 hemisphaerii
385 2506 590 2584 aspectabilis.
630 2506 696 2566 Hac
721 2524 791 2583 ergo
816 2506 969 2585 superficie
994 2504 1182 2567 instrumenti
1198 2503 1243 2566 sui
1264 2503 1356 2576 (sitne
1380 2497 1497 2564 interna

145 2609 183 2652 an
207 2599 336 2653 externa
360 2594 438 2653 inira
452 2595 480 2654 in
506 2595 743 2656 consideratione
764 2595 840 2655 oculi
866 2595 995 2668 dicetur)
1021 2596 1114 2655 fretus
1130 2593 1211 2654 visus
1227 2592 1349 2654 metitur
1368 2593 1494 2671 angulos

142 2678 300 2742 visionum.
347 2681 425 2742 Nam
459 2685 594 2761 quamvis
627 2703 730 2744 omnes
760 2684 859 2761 anguli
890 2684 978 2744 solidi
1004 2684 1032 2745 in
1062 2691 1172 2763 puncto
1205 2682 1313 2756 insint,
1346 2682 1423 2763 quod
1448 2691 1497 2742 est

141 2776 281 2831 centrum
307 2778 358 2830 aut
383 2772 460 2832 oculi
485 2780 538 2833 aut
562 2774 626 2850 ejus
651 2781 752 2833 certae
778 2773 904 2852 alicujus
938 2773 1070 2846 tunicae,
1101 2779 1251 2851 nequeunt
1274 2779 1374 2832 tamen
1398 2770 1441 2831 illi
1465 2769 1493 2830 in

140 2867 253 2938 puncto
280 2859 427 2920 discerni:
454 2862 612 2941 requiritur
636 2862 726 2935 igitur
749 2861 930 2937 superficies,
956 2881 1014 2941 qua
1033 2861 1160 2922 solidum
1179 2861 1319 2939 angulum
1343 2861 1493 2933 metiatur,

140 2958 174 3009 ut
196 2955 286 3026 patet
311 2968 348 3008 en
371 2951 570 3028 geometricis.
618 2950 736 3012 Sufficit
761 2951 851 3029 igitur
874 2950 941 3029 ipsa
964 2952 1040 3012 oculi
1064 2952 1159 3029 ligura
1187 2949 1330 3024 rotunda,
1363 2957 1395 3010 ut
1418 2950 1495 3010 inter

140 3036 292 3116 principia
316 3038 456 3099 crassiori
480 3040 620 3101 Minerva
644 3040 784 3114 sciamus,
810 3041 925 3101 oculum
950 3059 1068 3101 sensum
1083 3039 1193 3101 habere
1218 3039 1392 3120 angulorum
1416 3039 1494 3117 apud

140 3145 172 3188 se
198 3126 442 3189 constitutorum.

232 3215 405 3294 Propositio
430 3217 517 3279 Vlll.
566 3218 681 3289 Tertio,
706 3237 772 3278 curn
795 3216 857 3277 sint
881 3216 1005 3296 singulis
1034 3215 1235 3277 animantibus
1259 3236 1277 3276 a
1300 3222 1408 3277 natura
1432 3215 1493 3277 dati

141 3304 206 3365 bini
229 3305 326 3376 oculi,
362 3325 434 3384 quos
467 3306 615 3367 interest
649 3306 750 3386 aliqua
783 3306 944 3380 distantia,
975 3306 1031 3365 hoc
1065 3304 1244 3366 adminiculo
1278 3324 1383 3365 sensns
1411 3305 1493 3366 visus

140 3394 314 3455 rectissime
339 3396 432 3455 utitur
456 3397 492 3455 ad
522 3396 702 3472 judicandas
736 3395 896 3456 visibilium
931 3394 1107 3467 distantias,
1138 3393 1296 3454 dummodo
1320 3393 1492 3455 sensibilem

141 3483 257 3545 habeat
280 3482 426 3544 distantia
451 3484 502 3545 illa
525 3484 745 3564 proportionem
760 3486 798 3544 ad
823 3484 999 3545 distantiam
1023 3483 1183 3544 oculorum.
1223 3482 1301 3543 Nam
1316 3483 1341 3543 si
1355 3482 1491 3543 immanis

142 3591 289 3632 excessus
313 3572 371 3644 sit,
406 3592 464 3633 uon
489 3573 577 3634 aliter
605 3574 751 3634 distantia
779 3574 833 3634 illa
864 3572 1139 3652 comprehenditur,
1174 3589 1262 3650 quam
1286 3571 1408 3650 quaevis
1432 3571 1492 3649 alia

142 3660 268 3722 infinitis
292 3662 429 3740 partibus
453 3664 557 3741 major.
604 3663 662 3724 Est
685 3664 761 3724 enirn
790 3663 837 3724 hic
861 3664 949 3742 plane
974 3660 1115 3739 trianguli
1145 3660 1324 3740 geometria,
1358 3667 1391 3720 ut
1414 3659 1490 3720 inira

141 3751 177 3810 de
203 3750 410 3828 parallanibus
440 3752 591 3831 copiosius
620 3751 795 3814 disseretur.
842 3752 933 3812 Datis
961 3751 1038 3811 enirn
1068 3750 1181 3810 duobus
1210 3749 1327 3828 angulis
1351 3747 1492 3827 trianguli

142 3859 209 3901 cum
234 3840 393 3919 interjecto
424 3842 517 3903 latere
549 3843 658 3901 dautur
681 3842 778 3903 latera
801 3841 925 3921 reliqua.
974 3842 1006 3901 ln
1031 3838 1144 3900 visione
1168 3847 1252 3900 tenet
1280 3857 1385 3899 sensns
1409 3856 1491 3899 cern-

142 3929 238 3989 rnuuis
264 3930 415 3990 oculorum
440 3950 557 3992 suorum
583 3931 757 3991 distantiam
783 3950 819 3989 ex
843 3928 1080 4001 assuefactione,
1105 3929 1230 4007 angulos
1255 3945 1324 3988 vero
1349 3928 1386 3987 ad
1410 3927 1492 3989 illam

143 4017 320 4079 distantiam
356 4028 442 4080 notat
473 4039 511 4079 ex
544 4039 633 4081 sensu
666 4020 861 4080 contortiuuis
895 4020 1054 4080 oculorum.
1105 4017 1151 4079 Re
1186 4016 1263 4077 enirn
1296 4017 1370 4077 adeo
1404 4017 1492 4095 longe

142 4115 268 4179 remota,
293 4115 326 4168 ut
350 4118 512 4170 evanescat
537 4109 665 4169 adeam
694 4117 868 4188 comparata
898 4108 1032 4168 binorum
1064 4107 1214 4167 oculorum
1239 4107 1392 4179 distantia,
1418 4124 1491 4166 axes

142 4196 294 4258 oculorum
319 4198 531 4275 propemodum
555 4198 692 4277 paralleli
717 4198 894 4277 diriguntur.
943 4195 1010 4267 Quo
1034 4214 1104 4258 vero
1129 4215 1177 4257 res
1199 4196 1321 4275 propior
1345 4195 1409 4267 erit,
1435 4193 1499 4253 hoc·

141 4285 239 4366 magis
263 4286 341 4347 oculi
365 4287 647 4367 contorquebuntur.

230 4373 299 4435 Etsi
324 4374 414 4453 igitur
438 4376 466 4435 in
490 4376 657 4456 catoptrioa
680 4395 737 4436 non
767 4383 884 4436 tantum
913 4382 983 4435 tunc
1007 4373 1044 4432 de
1068 4372 1133 4434 loco
1162 4371 1301 4451 imaginis
1332 4369 1490 4432 statuimus

142 4483 206 4525 cum
227 4463 314 4524 binos
345 4464 519 4526 adhibemus
544 4466 662 4533 oculos,
693 4465 862 4525 sedetiam
891 4473 963 4525 tunc
993 4481 1139 4523 eumuna
1164 4462 1228 4521 solo
1259 4460 1384 4520 utimur:
1416 4459 1490 4519 haec

141 4567 244 4616 tamen
276 4553 439 4614 distantias
473 4554 667 4635 dignoscendi
700 4553 829 4614 facultas
861 4553 988 4632 primurn
1013 4572 1031 4611 a
1055 4552 1199 4612 societate
1223 4550 1278 4609 hac
1302 4549 1381 4609 inter
1403 4547 1488 4606 binos

142 4644 245 4705 oculos
278 4652 361 4717 orta,
395 4651 503 4723 postea
526 4643 555 4704 in
585 4643 752 4721 singulares
785 4644 875 4703 etiarn
910 4642 1012 4703 oculos
1045 4640 1196 4701 derivatur
1223 4656 1276 4716 per
1307 4637 1384 4697 alias
1412 4635 1489 4696 oculi

142 4733 326 4794 affectiones.
505 4793 508 4798 .

228 4821 350 4882 Etenim
365 4821 444 4882 sicut
459 4829 549 4883 ant-ea
572 4820 794 4901 proportionem
809 4820 851 4880 rei
868 4820 905 4879 ad
931 4816 1180 4896 hemisphaerium
1195 4814 1255 4876 dixi
1280 4814 1489 4893 comprehendi

141 4913 180 4974 ab
204 4911 290 4973 oculo
315 4910 471 4982 (crassiori
495 4921 526 4972 et
549 4909 699 4971 usitatiori
722 4908 951 4987 imaginatione,
982 4927 1069 4986 quam
1091 4905 1169 4967 inira
1191 4922 1257 4982 cap.
1282 4903 1312 4967 5.
1338 4904 1488 4976 evolvam)

141 5021 195 5082 per
217 5001 345 5063 solidam
368 5000 555 5081 pyramide,¹
570 4999 652 5078 cujus
677 4998 776 5059 estin
801 4997 879 5058 oculi
901 5005 1012 5077 puncto
1036 5003 1159 5068 vertex,
1188 4992 1217 5054 in
1241 5012 1272 5054 re
1296 4992 1364 5055 visa
1386 4993 1488 5055 basis:
