3692 5842
274 479 341 546 502
877 479 1028 530 Dm

273 677 311 718 ex
335 657 435 717 Bruno
461 660 629 714 mutuatam
652 653 821 713 doctrinam
845 656 1003 727 emendas,
1035 655 1145 732 partim
1169 663 1202 716 ct
1230 656 1352 720 dubiam
1374 658 1488 720 reddis
1536 659 1631 722 Pats-

274 747 348 808 bant
377 745 428 816 illi,
460 742 606 804 circumiri
638 742 728 801 etiam
758 742 819 802 alia
849 762 976 823 corpora
999 743 1061 804 suis
1085 743 1198 817 Lunis,
1236 756 1270 808 ut
1291 747 1396 808 Tellus
1426 757 1535 810 nostra
1566 768 1629 810 sut

274 836 389 895 Verum
412 833 481 893 illos
505 832 534 891 in
558 850 667 908 genere
692 829 804 890 dixisse
829 832 1036 903 demonstrem
1073 843 1106 892 at
1132 833 1284 911 putabant
1310 836 1388 897 fixas
1418 836 1530 899 stellas
1552 857 1628 910 esee,

273 942 349 1005 quae
374 922 417 981 sic
442 919 680 992 circumirentur;
705 938 827 980 causam
851 921 943 981 etiam
968 921 1186 995 diritBrunus,
1211 941 1263 984 cur
1281 934 1365 986 esset
1386 943 1532 986 necesse:
1554 925 1628 990 hm

271 1012 379 1091 quippe
396 1009 512 1070 Solaris
528 1017 560 1068 et
583 1008 688 1087 igneae
712 1026 780 1068 esse
800 1018 936 1080 naturae,
961 1010 1102 1089 planetas
1126 1030 1252 1090 aqueae,
1276 1021 1308 1073 et
1329 1013 1394 1075 lieri
1418 1014 1486 1092 lege
1502 1027 1626 1076 natum

271 1100 446 1170 inviolabili,
472 1106 506 1158 ut
529 1097 650 1157 diversa
675 1096 734 1156 ista
758 1098 972 1171 combinentur,
998 1117 1093 1178 neque
1108 1098 1160 1160 Sol
1186 1101 1328 1177 planetis,
1353 1101 1434 1180 ignia
1457 1121 1539 1181 aqna
1561 1122 1622 1174 ωε,

269 1207 365 1268 neque
388 1187 522 1248 vicissim
547 1186 621 1245 baec
646 1186 697 1246 illo
721 1205 823 1246 carere
847 1188 953 1264 possit.
1000 1187 1086 1247 llanc
1111 1188 1200 1266 igitur
1219 1189 1297 1250 illius
1312 1191 1464 1252 rationem
1477 1192 1620 1254 infirmam

271 1296 354 1349 esse,
380 1286 433 1336 tua
457 1276 602 1350 detegunt
630 1274 845 1351 experimenta.
892 1275 1024 1335 Primum
1048 1285 1127 1349 esto,
1152 1285 1187 1337 ut
1218 1279 1279 1337 lixa
1301 1278 1458 1358 quaelibet
1490 1279 1545 1341 Sol
1572 1281 1619 1350 sit,

268 1366 368 1426 nullae
393 1364 462 1424 illas
478 1363 581 1423 Lunae
605 1363 755 1443 lmensque
780 1363 1037 1424 circumcursitare
1062 1365 1145 1425 visae
1169 1374 1255 1427 sunt:
1279 1367 1337 1427 hoc
1355 1368 1452 1446 igitur
1465 1369 1496 1429 in
1511 1369 1618 1430 incerto

269 1453 422 1519 mauebit,
470 1452 566 1530 quoad
605 1451 712 1530 aliquis
753 1452 922 1512 subtilitate
968 1453 1147 1515 observandi
1180 1454 1255 1515 mira
1287 1455 1456 1518 instructus
1497 1466 1530 1518 et
1568 1457 1618 1520 hcc

267 1541 435 1616 detexerit,
462 1540 539 1619 qnod
564 1540 681 1618 quidem
705 1541 752 1600 hic
775 1560 935 1601 successus
958 1551 1027 1601 tuns
1046 1542 1161 1619 judicio
1175 1544 1363 1621 quorundam
1376 1545 1467 1606 nohis
1482 1546 1614 1608 minatur.

265 1630 384 1709 Jupiter
408 1640 514 1689 contra
537 1627 725 1706 planetarum
750 1637 914 1701 ostanus,
949 1648 1023 1708 quos
1051 1632 1169 1692 Brunus
1193 1631 1331 1694 Tellures
1363 1652 1436 1694 esce
1469 1634 1562 1706 dicit,
1588 1645 1614 1696 et

265 1737 334 1780 ecce
359 1729 487 1797 qnatnor
511 1717 587 1777 alios
612 1718 691 1777 cirea
716 1717 797 1777 illum
822 1718 978 1796 planetas:
1013 1727 1045 1779 at
1074 1720 1130 1780 hoc
1160 1719 1329 1782 Tellurihus
1361 1740 1422 1782 nou
1452 1722 1613 1785 vindicabat

264 1806 357 1868 Brnni
381 1808 468 1878 ratio,
494 1807 548 1867 sed
572 1804 705 1866 Solibus.

352 1896 475 1956 Interim
501 1906 668 1972 temperare
693 1914 749 1954 non
773 1913 911 1973 possum,
937 1896 1006 1973 quin
1031 1897 1203 1974 paradoxon
1233 1897 1302 1956 illos
1332 1916 1370 1958 ex
1401 1898 1463 1958 tuis
1492 1897 1609 1960 inventis

265 1986 356 2047 etiam
380 1985 436 2045 hac
461 1985 489 2043 in
514 1994 600 2061 parte
621 1985 723 2061 juvem
753 2002 948 2062 moneamque
977 1985 1039 2044 veri
1072 2005 1129 2045 non
1163 1985 1315 2058 absimile,
1351 2005 1413 2048 non
1447 1987 1607 2048 tantumiu

263 2075 350 2135 Luna
373 2073 427 2133 sed
451 2073 542 2134 etiam
566 2074 595 2133 in
620 2072 697 2131 Jove
721 2073 786 2151 ipso
811 2072 923 2132 incolas
949 2091 1031 2145 esse;
1065 2082 1118 2133 aut
1142 2074 1236 2152 (quod
1261 2075 1434 2153 nuperrimo
1457 2093 1607 2154 congressu

262 2162 447 2243 quorundam
470 2161 744 2240 philosophantium
773 2161 905 2238 jucunde
930 2165 1057 2230 motum)
1086 2163 1187 2240 detegi
1219 2182 1297 2222 nnnc
1327 2164 1459 2241 primum
1483 2165 1606 2243 regiones

260 2252 351 2325 illas;
385 2254 506 2313 colonos
530 2269 610 2323 vero,
636 2250 760 2328 primum
785 2259 875 2327 atque
900 2252 965 2328 quis
989 2261 1085 2310 artem
1110 2250 1230 2311 volandi
1254 2251 1411 2319 docuerit,
1446 2272 1486 2314 ex
1517 2265 1606 2314 nostra

259 2339 409 2402 hominum
439 2349 528 2418 gente
561 2358 619 2399 nou
653 2339 818 2398 defuturos.
872 2337 948 2408 Quis
982 2339 1161 2400 credidisset
1193 2340 1284 2409 olim,
1316 2341 1558 2421 tranquilliorem
1581 2349 1606 2401 rt

258 2429 399 2490 tutiorem
437 2447 504 2489 esse
543 2427 765 2504 navigationem
802 2428 967 2487 vastissimi
1005 2429 1125 2499 oceani,
1164 2446 1252 2506 quam
1287 2429 1501 2507 angustissimi
1536 2431 1605 2492 sinn

258 2517 417 2591 Adriatici,
443 2518 535 2576 maris
554 2516 695 2586 Balthici,
721 2516 790 2576 freti
811 2516 998 2594 Anglicani?
1030 2516 1079 2576 Da
1098 2535 1190 2577 naves
1206 2527 1260 2576 aut
1284 2518 1352 2578 vela
1376 2519 1506 2580 coelesti
1528 2537 1604 2580 aune

258 2607 467 2674 accommoda,
492 2617 580 2665 erunt
604 2605 652 2684 qui
677 2623 712 2664 ne
737 2605 775 2664 ab
799 2604 852 2664 illa
876 2605 995 2683 quidem
1020 2607 1165 2666 vastitate
1190 2604 1249 2667 sibi
1273 2617 1425 2670 metuant.
1473 2609 1603 2686 Adeoque

257 2696 343 2776 quasi
367 2694 539 2774 propediem
566 2694 711 2767 affuturis,
737 2693 786 2772 qui
810 2692 867 2753 hoc
892 2693 950 2752 iter
973 2701 1109 2768 tentent,
1135 2712 1191 2772 ego
1214 2694 1387 2770 Lunarem,
1419 2705 1453 2756 tn
1478 2695 1602 2758 Galilaea

254 2782 404 2845 Jovialem
428 2783 592 2844 condamus
617 2782 840 2843 astronomiam.

341 2874 425 2933 Haec
446 2871 576 2949 jucunde
611 2871 672 2933 sint
704 2871 884 2949 interposita
916 2869 1058 2930 nriraculo
1092 2870 1239 2931 audaciae
1271 2871 1442 2946 humanae,
1477 2871 1600 2954 quaeir

253 2960 342 3039 hujus
365 2960 555 3039 potissimum
580 2959 671 3019 seculi
696 2958 863 3020 hominibus
888 2978 956 3019 sese
980 2959 1075 3020 effert
1122 2959 1193 3021 h'on
1221 2968 1293 3020 suut
1321 2959 1404 3022 euim
1435 2961 1509 3024 mihi
1531 2961 1598 3024 deri·

253 3049 351 3109 diculo
375 3049 546 3109 veneranda
570 3067 675 3108 sacrae
698 3047 842 3107 historiae
867 3047 1021 3128 mysteria.

340 3139 446 3216 Neque
471 3144 571 3197 tamen
596 3137 687 3197 etiam
711 3136 769 3195 vile
794 3155 903 3214 operae
932 3134 1060 3217 pretium
1090 3135 1175 3207 duxi,
1208 3136 1306 3197 obiter
1335 3155 1443 3198 aurem
1470 3139 1597 3200 vellicare

252 3227 353 3287 altiori
376 3226 604 3305 philosoplriae;
629 3225 751 3303 cogitet,
777 3244 814 3284 an
835 3225 995 3303 quidquam
1020 3224 1133 3284 frustra
1155 3226 1315 3302 permittat
1338 3227 1443 3305 gentis
1466 3227 1596 3289 ammae

252 3333 408 3393 supremus
433 3327 463 3375 et
486 3315 628 3393 providus
653 3313 702 3372 ille
726 3320 842 3385 custos,
877 3323 908 3372 et
936 3332 1064 3390 (quonam
1094 3313 1143 3373 ille
1173 3314 1316 3387 consilio,
1350 3315 1449 3377 veluti
1481 3316 1596 3396 prudent

247 3421 387 3482 promus,
421 3404 476 3464 hoe
507 3402 696 3481 potissimum
721 3411 854 3478 temporo
880 3402 965 3461 nobis
999 3401 1114 3462 isthaec
1138 3419 1263 3480 operum
1293 3422 1416 3466 suorum
1441 3403 1596 3483 penetralia

247 3494 372 3572 pandat,
404 3492 482 3571 quod
507 3510 650 3570 congerro
675 3501 778 3550 noster
801 3490 933 3549 Thomas
958 3488 1129 3567 Segethus,
1163 3491 1320 3569 multiplici
1354 3493 1401 3553 vir
1433 3495 1594 3560 eruditione,

247 3583 356 3656 movit3
395 3591 448 3641 aut
472 3581 512 3653 si,
547 3579 625 3658 quod
649 3597 705 3656 ego
729 3579 889 3656 respondi,
916 3579 997 3638 Deus
1031 3579 1168 3639 eonditor
1193 3579 1427 3642 universitatem
1461 3583 1594 3644 hominum

247 3672 340 3732 veluti
365 3671 511 3750 quendam
537 3677 777 3729 succrescentem
802 3675 833 3726 et
856 3668 1002 3745 paulatim
1031 3677 1285 3729 rnaturesceutem
1303 3670 1463 3747 puerulum
1486 3690 1593 3732 succro·

246 3758 310 3819 sive
325 3760 363 3819 ab
378 3759 446 3818 aliis
471 3759 510 3818 ad
534 3756 595 3818 alia
613 3756 823 3832 cognoscenda
847 3756 930 3816 ducit
953 3756 1012 3827 (uti
1037 3756 1157 3833 quidem
1179 3765 1300 3835 tempus
1323 3769 1403 3830 erat,
1429 3779 1496 3821 cnm
1519 3760 1592 3838 igno·

244 3854 362 3907 raretur
385 3847 573 3924 planetamm
605 3865 624 3904 a
656 3844 722 3904 fixis
755 3843 913 3903 discrimen
943 3853 976 3904 et
1003 3863 1072 3904 sero
1103 3845 1265 3906 admodum
1295 3867 1313 3906 a
1338 3847 1518 3928 Pythagora
1541 3848 1591 3910 sive

245 3932 423 3995 Parmenide
457 3934 714 4004 animadversum,
747 3932 874 3993 eundem
906 3952 973 3992 esse
998 3933 1168 4011 Vesperum
1199 3943 1231 3994 et
1253 3933 1448 4011 Luciferum3
1491 3957 1543 4000 nec
1568 3933 1591 3994 in

243 4021 341 4095 Mose,
366 4021 443 4083 Jobe
468 4032 521 4083 aut
543 4022 674 4082 Psalmis
698 4021 760 4081 ulla
782 4021 894 4081 mentio
918 4023 1138 4099 planetarum);
1163 4024 1334 4101 perpendat
1357 4024 1453 4103 igitur
1476 4038 1508 4088 et
1528 4042 1589 4105 quo·

245 4110 404 4172 dammodo
428 4111 581 4189 respiciat,
608 4128 759 4188 quousque
784 4128 976 4188 progressum
1001 4111 1040 4170 sit
1063 4111 1092 4170 in
1109 4111 1280 4189 cognitione
1298 4123 1439 4190 naturae,
1464 4125 1589 4195 qnaatm

244 4207 343 4261 restet
366 4209 397 4260 et
420 4200 490 4279 quid
514 4217 602 4277 porro
627 4198 860 4278 exspectandum
885 4199 927 4258 sit
950 4198 1130 4259 horninibus.

332 4286 394 4350 Sed
419 4288 457 4347 ad
481 4287 652 4347 humiliores
677 4287 877 4362 cogitationes
902 4288 1060 4348 redeamus
1084 4295 1115 4347 et
1140 4287 1219 4366 quod
1239 4297 1382 4366 coeptum
1397 4289 1586 4352 absolvamus

244 4374 278 4436 Si
302 4377 380 4437 enim
405 4370 426 4434 <l
451 4376 590 4453 planetae
613 4375 720 4434 Jovem
745 4375 1006 4436 circumcursitant
1030 4376 1202 4453 disparibus
1231 4375 1406 4440 intervallis
1431 4393 1463 4440 et
1485 4393 1585 4458 tempo-

240 4463 332 4536 ribus,
359 4464 512 4543 quaeritur
536 4463 581 4522 cui
603 4462 690 4536 bono,
717 4464 741 4522 si
767 4465 837 4524 nulli
862 4475 929 4524 sunt
955 4465 984 4524 in
999 4464 1086 4525 Jovis
1102 4465 1203 4541 globo,
1221 4467 1270 4544 qni
1295 4466 1506 4530 admirandam
1526 4467 1584 4528 haut

240 4552 420 4612 varietatem
445 4552 507 4611 suis
532 4563 635 4610 notent
660 4553 778 4612 oculis?
818 4554 896 4613 Nam
921 4554 999 4632 quod
1023 4572 1077 4612 nos
1102 4554 1132 4611 in
1157 4554 1214 4613 hac
1235 4556 1330 4616 Terra
1354 4555 1479 4630 attinet,
1502 4553 1584 4620 nescio

241 4640 348 4718 quibus
371 4639 537 4700 rationibus
562 4641 629 4717 quis
653 4640 722 4700 milri
746 4642 947 4718 persuadeat,
980 4652 1012 4702 ut
1045 4642 1114 4703 illos
1147 4643 1233 4703 nobis
1266 4646 1463 4723 potissimum
1490 4643 1583 4708 sende

240 4729 378 4801 credam,
414 4727 461 4805 qui
494 4728 561 4788 illos
585 4748 732 4807 nunquam
757 4730 970 4808 conspicimus;
1001 4751 1097 4809 neque
1122 4741 1169 4790 est
1193 4735 1451 4811 exspectandum,
1481 4746 1513 4795 ut
1537 4729 1581 4794 tuit

240 4809 379 4876 Galilaee
404 4815 573 4875 ocularibus
597 4817 728 4876 universi
752 4818 889 4878 instructi
914 4818 983 4879 illos
1006 4837 1095 4895 porro
1119 4819 1210 4899 vulgo
1235 4822 1431 4885 observaturi
1453 4825 1548 4886 simus.
1641 4869 1643 4886 .

328 4905 395 4964 Uno
428 4903 494 4963 loco
525 4914 690 4981 opportune
720 4906 933 4967 occurrendum
965 4908 1041 4967 duco
1073 4907 1166 4968 etiam
1194 4910 1248 4970 alii
1276 4911 1398 4974 cuidam
1426 4905 1576 4993 suspicioni

239 4986 335 5052 Erunt
349 4992 436 5063 enim,
462 4991 567 5067 quibus
593 5011 669 5052 vana
695 4994 832 5054 videatur
856 4995 1024 5075 astrologia
1047 5004 1155 5058 nostra
1174 4999 1341 5075 terrestris,
1365 5019 1421 5064 seu
1445 5011 1478 5064 ut
1497 4995 1576 5080 philt-
