3692 5842
1389 472 1455 524 «ιο
1489 472 1635 525 κω.
1672 472 1881 537 opaea
2914 465 3002 538 25

281 657 487 716 stente
533 650 772 716 tardius
798 652 975 716 L'una
1019 653 1100 715 ad
1144 651 1313 715 illum
1340 651 1571 727 veniat,
1621 659 1691 714 ut
1735 650 1994 714 vidimus
2040 666 2245 713 mense
2287 646 2549 712 Martio:
2598 645 2776 711 citius
2820 648 3007 729 igitur

282 740 340 803 in
389 741 801 804 descendente
846 741 1174 805 medietate
1222 742 1426 804 veniet
1470 749 1535 803 et
1578 741 1655 802 ad
1702 740 1911 805 Solem
1959 747 2022 801 et
2068 740 2145 801 ad
2194 740 2325 818 ejus
2373 738 2732 818 oppositum.
2828 737 2999 801 Con-

279 829 560 894 sentiunt
594 828 777 910 igitur
820 838 950 893 tres
995 831 1171 911 hujus
1218 831 1358 892 anni
1407 830 1685 911 eclipses.
1764 828 1891 892 Sed
1938 829 2141 890 nescio
2189 835 2419 901 tamen,
2479 827 2618 907 quid
2667 845 2760 889 me
2806 827 3003 906 impe-

282 918 414 981 diat
463 919 778 998 quominus
821 920 935 982 hoc
980 919 1164 1000 plena
1207 919 1422 981 fiducia
1466 919 1872 999 pronunciem.
1951 917 2253 978 Videntur
2299 915 2456 977 enim
2504 916 2760 995 eclipses
2792 916 3001 977 Lunae

280 1006 521 1086 priores
567 1006 794 1087 aliquid
842 1006 1106 1070 turbare.
1179 1007 1334 1070 Illud
1379 1008 1555 1069 valde
1604 1008 1750 1070 mihi
1789 1007 1998 1069 mirum
2037 1013 2161 1079 est,
2213 1024 2319 1067 cur
2354 1021 2540 1066 cornu
2565 1004 2775 1066 nonin
2804 1003 3002 1067 medio

278 1093 550 1171 ruboris3
614 1095 736 1158 nisi
781 1096 934 1159 forte
981 1096 1158 1159 Luna
1199 1095 1473 1159 diversos
1519 1096 1708 1158 habet
1752 1096 2007 1159 colores.
2102 1092 2226 1156 Sed
2273 1090 2647 1175 propositum
2693 1092 2837 1154 mihi
2884 1100 3014 1167 est,”

279 1183 340 1245 in
394 1183 750 1263 praesentia
804 1192 1001 1247 tecum
1054 1185 1118 1247 in
1181 1203 1401 1265 genere
1457 1192 1520 1247 et
1576 1186 1650 1246 de
1704 1186 1918 1248 rubore
1968 1185 2176 1245 Lunae
2243 1190 2307 1243 et
2366 1182 2442 1242 de
2491 1180 2826 1243 ‘omnifaria
2872 1181 3006 1260 ejus

283 1271 440 1334 facie
487 1272 549 1334 in
597 1273 921 1353 eclipsibus
967 1274 1296 1354 disputare.
1389 1274 1726 1336 Devorabis
1784 1274 1969 1335 etiam
2018 1272 2129 1334 hoc
2177 1269 2456 1333 lectionis
2500 1270 2790 1332 taedium.
2881 1269 3004 1332 Et-

281 1360 440 1424 enim
488 1380 624 1423 cum
664 1362 787 1425 tria
830 1362 953 1425 sint
981 1382 1235 1444 corpora
1278 1364 1694 1425 concurrentia
1740 1363 1818 1424 ad
1865 1360 2143 1442 eclipsin,
2193 1360 2401 1431 Luna,
2448 1358 2664 1429 Terra,
2712 1356 2838 1432 Sol,
2887 1377 3004 1420 ne-

279 1468 455 1512 cesse
505 1458 605 1514 est
648 1469 832 1514 unum
876 1469 955 1514 ex
997 1451 1093 1514 bis
1140 1471 1274 1514 cum
1318 1452 1496 1531 hujus
1545 1452 1777 1514 ruboris
1825 1459 1952 1512 tum
1999 1447 2260 1511 universi
2308 1447 2528 1508 coloris
2577 1446 2708 1525 ejus
2754 1464 3001 1509 causam

277 1537 598 1617 praebere.
687 1539 785 1602 De
832 1540 1018 1603 astris
1061 1540 1220 1603 enim
1265 1539 1473 1603 Solem
1518 1537 2046 1603 circumstantibus
2094 1536 2367 1610 dubium,
2436 1555 2510 1597 an
2560 1553 2796 1597 omnem
2842 1535 3000 1597 banc

280 1626 646 1689 varietatem
692 1628 929 1691 efficere
974 1629 1214 1710 possint
1240 1630 1472 1692 Lunam
1520 1629 1959 1701 collustrando,
2011 1645 2140 1687 cum
2189 1625 2373 1686 etiam
2423 1623 2472 1685 si
2521 1623 2854 1686 clarissime
2904 1623 3001 1684 lu-

277 1723 494 1791 ceant,
566 1716 806 1778 minime
864 1724 1069 1780 tamen
1127 1718 1433 1799 proximos
1494 1716 1665 1780 nobis
1731 1724 1966 1779 montes
2029 1714 2104 1776 ad
2166 1711 2680 1792 comparationem
2740 1710 3003 1774 Lunaris

271 1803 515 1884 jubaris
558 1803 883 1869 illustrent.
975 1806 1224 1869 Interim
1273 1826 1388 1869 non
1420 1826 1592 1887 nego,
1643 1823 1994 1869 concurrere
2044 1812 2230 1877 astra,
2281 1802 2388 1862 sed
2438 1801 2560 1862 fere
2609 1820 2844 1881 semper
2892 1820 3003 1861 ae-

280 1893 577 1973 qualiter,
627 1913 760 1956 cum
806 1914 1043 1975 semper
1088 1896 1250 1958 circa
1276 1895 1480 1958 Solem
1527 1896 1916 1957 obambulent
1945 1893 2157 1953 Venus
2196 1898 2259 1951 et
2287 1888 2622 1951 Mercurius
2669 1889 3009 1951 clarissima

279 1981 512 2044 sidera.
605 1982 803 2061 Igitur
861 1984 1115 2064 primum
1176 1984 1249 2045 de
1311 1986 1446 2065 ipsa
1490 1984 1664 2046 Luna
1710 1991 1884 2045 extat
1930 1978 2262 2043 Cardani
2322 1977 2625 2039 sententia
2671 1984 2775 2045 (De
2800 1984 3006 2037 Subtili-

284 2084 399 2129 tate
435 2077 528 2128 111.
568 2076 763 2145 p.18¹.
799 2079 893 2130 Ed.
931 2080 1051 2132 Bas.
1083 2079 1261 2144 ¹611.)
1307 2074 1439 2135 loco
1488 2073 1777 2145 omnium,
1841 2070 1939 2152 qui
1987 2067 2324 2140 existimat,
2382 2064 2687 2126 residuum
2733 2064 2898 2125 illum
2944 2062 3004 2124 in

288 2159 470 2221 Luna
516 2160 929 2239 splendorem,
978 2161 1030 2223 si
1078 2162 1211 2242 quis
1255 2163 1315 2224 in
1362 2162 1500 2243 ipsa
1536 2162 1856 2235 existeret,
1904 2157 2265 2221 infinitarum
2313 2153 2534 2216 facium
2581 2153 2712 2215 loco
2757 2171 2894 2213 esse
2941 2159 3007 2213 et
3101 2187 3114 2194 -

290 2247 383 2309 sic
445 2266 583 2310 esse
655 2249 963 2329 proprium
1020 2250 1230 2312 Lunae
1301 2251 1520 2314 lumen.
1612 2251 1807 2330 Nego.
1900 2250 2059 2312 Nam
2133 2243 2462 2306 intenditur
2532 2242 2713 2304 rubor
2785 2241 2884 2304 ille
2944 2240 3005 2303 in

284 2336 542 2399 diversis
589 2338 945 2417 eclipsibus,
989 2338 1113 2419 jam
1162 2359 1238 2400 ex
1281 2340 1425 2402 hac·
1434 2341 1563 2420 jam
1581 2337 1668 2401 'ex
1714 2340 1820 2401 illa
1846 2346 2044 2418 parte,
2403 2382 2508 2448 rig.
2554 2380 2635 2432 ¹4·

280 2426 377 2487 cui
426 2426 514 2488 rei
560 2445 852 2506 praesens
898 2428 1143 2508 eclipsis
1191 2429 1597 2510 experimento
1646 2436 1759 2491 est.
1855 2428 1944 2490 At
1989 2426 2040 2489 si

277 2514 556 2596 proprius
587 2523 755 2578 esset
784 2516 990 2579 Lunae
1020 2517 1321 2596 splendor,
1372 2518 1650 2580 haereret
1678 2518 1733 2579 in
1770 2538 1845 2580 ea
1873 2536 2038 2578 sem-
2225 2587 2233 2611 ,Ι
2253 2573 2261 2608 ,Ι
2486 2562 2490 2563 ⁷
2654 2591 2658 2595 Ι

278 2621 391 2682 per
438 2604 804 2684 aequaliter,
854 2624 987 2667 cum
1035 2605 1288 2668 eandem
1336 2626 1574 2687 semper
1621 2606 1837 2668 faciem
1867 2606 2037 2668 nobis
2233 2615 2269 2679 lg,
2778 2575 2802 2755 l

275 2692 588 2754 ostendat.
2746 2695 2762 2731 ‘a
2838 2750 2845 2757 .

426 2780 718 2862 Sequitur
778 2782 851 2844 de
913 2779 1089 2845 Sole
1149 2783 1451 2864 suspicio,
1514 2803 1703 2865 eaque
1764 2782 2036 2862 gemina3
2265 2755 2321 2913 *f
2513 2755 2546 2803 ¹⁵²
2722 2733 2786 2999 Εἴ

272 2870 475 2949 prima
521 2870 734 2933 nititur
780 2870 1170 2933 diminutione
1218 2872 1486 2951 corporis
1516 2872 1751 2935 Solaria
1800 2870 2037 2950 objectu
2309 2911 2325 2960 ζ.
2746 2935 2750 2939 ,

274 2960 536 3033 Terrae,
597 2966 667 3022 ut
710 2979 829 3040 qua
872 2966 1046 3039 parte
1093 2960 1268 3022 Luna
1322 2981 1436 3022 non
1486 2962 1563 3023 ab
1611 2963 1842 3040 integro
1893 2959 2036 3022 Sole
2301 2972 2417 3029 ¹²22..
2718 2999 2750 3051 ἐ,

274 3048 703 3121 collustratur,
751 3048 1080 3111 rubicunda
1125 3057 1438 3129 appareat,
1490 3069 1608 3130 qua
1635 3058 1807 3130 parte
1839 3070 1877 3109 a
1906 3056 2036 3111 toto
2313 3051 2357 3155 ¹¹¹².

275 3134 454 3210 Sole,
521 3137 717 3199 clara:
779 3156 899 3217 qua
955 3144 1130 3217 parte
1187 3158 1225 3199 a
1271 3138 1434 3199 nulla
1492 3139 1792 3220 particula
1852 3137 2035 3214 Solis,
2357 3135 2381 3231 “·.Ε

279 3225 543 3287 obscura
591 3233 655 3288 et
699 3225 957 3287 cinerea.
1052 3227 1221 3288 Haec
1269 3227 1467 3306 opinio
1516 3228 1710 3289 locum
1753 3247 1870 3288 non
1919 3227 2034 3288 ha·
2321 3155 2337 3298 N

274 3314 399 3375 bet.
493 3312 657 3377 Nam
703 3333 743 3375 a
783 3322 1005 3395 puncto
1052 3316 1119 3377 M
1165 3334 1351 3396 usque
1400 3317 1477 3377 ad
1522 3318 1582 3380 N
1629 3324 1692 3379 et
1738 3318 1816 3377 ab
1848 3317 1902 3377 L
1931 3336 2036 3377 us·
2337 3299 2349 3416 l

276 3421 389 3483 que
436 3402 518 3463 ad
546 3402 607 3464 K
633 3402 796 3465 lucet
843 3403 1057 3483 ubique
1104 3402 1214 3466 Sol
1261 3411 1496 3466 tantum
1542 3425 1619 3468 ex
1662 3413 1854 3485 parte,
1904 3414 2035 3467 est-
2349 3417 2361 3515 l
2421 3401 2445 3495 ῑ-,Ι

276 3509 389 3573 que
439 3491 519 3552 ab
549 3489 641 3565 O,
692 3491 793 3553 ubi
842 3500 1009 3554 totus
1057 3491 1166 3555 Sol
1212 3493 1400 3575 lucet,
1450 3514 1636 3574 usque
1686 3496 1763 3556 ad
1808 3496 1886 3569 N,
1938 3495 2036 3556 ubi
2361 3531 2369 3567 a

276 3587 446 3642 totus
496 3580 803 3655 conditur,
851 3581 1193 3643 continuum
1239 3582 1538 3645 radiorum
1577 3585 2037 3656 decrementum,
2369 3593 2377 3657 Ἰ

276 3676 338 3731 et
382 3669 526 3731 ideo
572 3668 633 3729 in
671 3669 740 3729 M
786 3669 981 3730 nullus
1028 3670 1315 3732 notabilis
1361 3670 1551 3747 limes,
1603 3674 1797 3753 qualis
1845 3673 2034 3734 debe·
2485 3663 2509 3755 ’ζ
2566 3663 2570 3671 ’
2661 3733 2665 3755 ,

275 3759 385 3820 bat
446 3775 618 3831 esse,
697 3757 750 3818 si
808 3776 956 3820 vera
1016 3766 1183 3821 esset
1249 3759 1400 3821 haec
1457 3762 1781 3824 sententia.
1874 3762 2036 3825 Nam
2389 3771 2397 3825 “’.
2509 3755 2562 3855 3'1
2649 3765 2661 3861 Ι.“

274 3866 455 3909 cornu
504 3846 767 3908 lucidum
814 3846 1067 3909 notabili
1113 3847 1305 3909 limite
1334 3848 1723 3929 distinguitur
1769 3871 1807 3912 a
1851 3853 2033 3914 rube-
2397 3835 2413 3976 χ
2641 3868 2649 3931 ,ι

274 3936 437 4008 dine,
507 3951 662 4013 quae
721 3934 915 3997 instar
962 3936 1339 3999 tenebrarum
1402 3946 1517 4001 est.
1613 3939 1761 4001 Tum
1810 3947 2031 4016 autem,
2489 3971 2493 3975 ·
2550 3931 2558 3959 ”

269 4025 414 4106 quia
459 4022 732 4086 calculus
778 4023 1124 4088 rubedinem
1172 4026 1438 4088 tenebris
1485 4036 1794 4100 accenset,
1854 4030 2034 4110 duplo
2461 4079 2465 4087 .
2586 4086 2590 4092 .

273 4113 544 4178 crassior
602 4118 666 4174 et
725 4112 982 4193 amplius
1042 4121 1209 4176 esset
1267 4115 1478 4177 umbra
1533 4117 1754 4178 Terrae
1778 4165 1793 4191 ,
1859 4137 2034 4198 quam
2449 4103 2626 4255 *ij—q

269 4222 404 4284 eam
453 4201 728 4263 calculus
774 4201 1052 4264 assumit.
1145 4205 1299 4265 Item
1348 4224 1534 4266 causa
1584 4206 1888 4268 rubedinis
1936 4209 2032 4269 la·
2389 4127 2542 4267 &3⁷¹¹
2630 4199 2665 4239 E

270 4292 391 4354 tius
439 4309 581 4353 eam
631 4299 949 4370 spargeret
995 4309 1172 4371 quam
1211 4293 1307 4354 vel
1356 4300 1481 4354 tres
1511 4295 1717 4357 Lunae
1757 4295 2034 4358 diametri
2650 4355 2654 4367 .

266 4380 743 4461 porrigerentur.
848 4380 940 4441 At
997 4380 1250 4456 rubedo,
1327 4381 1428 4444 lux
1488 4392 1552 4446 et
1627 4385 1911 4446 tenebrae
1974 4385 2031 4445 in
2457 4376 2469 4462 ἰΙ
2582 4387 2590 4439 .'

268 4471 483 4532 eadem
514 4467 693 4530 Luna
718 4475 1057 4532 cernuntur.
1134 4469 1312 4532 Alter
1355 4472 1597 4548 modus,
1647 4480 1716 4535 ut
1744 4473 2030 4549 dicamuS,
2301 4501 2365 4547 fl
2437 4480 2475 4547 ς]
2574 4493 2622 4546 'u
2678 4475 2742 4551 [Η
2806 4507 2839 4547 ῃ

268 4559 509 4634 Solem,
564 4565 633 4620 ut
675 4558 864 4620 oculis
910 4559 1137 4621 nostris
1185 4568 1438 4642 apparet
1481 4569 1727 4642 propter
1772 4562 2030 4625 circum·
2482 4559 2485 4560 ⁷
2553 4559 2622 4639 ss'

268 4650 468 4713 fusum
517 4665 787 4709 crassum
834 4653 1053 4722 aerem,
1104 4650 1191 4711 sic
1239 4649 1425 4712 etiam
1462 4650 1671 4713 Lunae
1720 4669 2029 4732 apparere,
2489 4679 2497 4722 ἰ
2550 4695 2558 4739 „¹

266 4759 401 4803 cum
436 4754 618 4799 coma
647 4735 846 4798 lucida
872 4737 1134 4811 scilicet,
1184 4738 1339 4818 quod
1378 4740 1770 4817 contingeret,
1804 4740 1858 4801 si
1887 4741 2034 4802 sub-

266 4827 506 4892 stantia
552 4825 719 4887 circa
765 4823 972 4888 Solem
1020 4835 1189 4888 esset
1234 4828 1654 4891 crassiuscula.
1725 4830 1862 4891 Hoc
1901 4849 2034 4892 om·
2509 4821 2546 4903 '-.¹'

265 4918 444 4981 nibus
493 4914 927 4997 experimentis
973 4916 1384 4980 satisfaceret.
1453 4917 1577 4979 Sed
1626 4917 1878 4981 obstant
1924 4938 2035 4980 no-
2521 4908 2534 4939 '¹

266 5008 364 5071 bis
410 5003 681 5091 physici,
742 5012 807 5067 et
850 5004 1282 5087 aequalissima
1326 5006 1480 5070 coeli
1526 5000 1853 5072 secundum
1899 5008 2035 5072 illos
