3692 5842
491 421 493 426 ·
565 458 654 515 llts'rac
672 464 773 530 Kepleri
792 464 942 530 aliorumque
960 469 1069 515 mutuae
1429 463 1500 544 777,
1563 501 1570 517 .

148 658 217 704 cum
238 638 292 702 illo
316 637 489 716 dissertare,
535 640 667 703 Primum
688 640 848 716 admoneo,
882 639 985 703 videat
1016 660 1053 702 ne
1077 639 1147 721 quid
1170 638 1257 702 nimis
1281 639 1397 703 tribuat
1418 639 1498 702 visui

146 729 231 792 circa
262 729 440 811 qualitatem
472 736 504 790 et
535 730 672 794 colorem
696 730 889 792 macularum.
938 728 1050 810 Optica
1072 729 1150 791 ratio
1180 729 1284 802 docet,
1316 730 1343 790 si
1367 730 1498 792 Veneris

146 818 242 899 ipsius
265 837 372 899 corpus
395 817 425 880 in
449 816 520 880 Sole
553 819 658 893 fucrit,
692 819 881 899 quantumvis
911 839 949 881 ea
971 821 1035 881 luce
1069 819 1192 887 luceret,
1226 838 1285 898 qua
1315 837 1409 897 penes
1441 838 1497 881 nos

145 907 283 990 umbram
305 887 477 988 corporibus
501 907 727 983 circumscribit,
752 918 854 969 tamen
877 908 1017 988 quicquid
1035 909 1142 971 Venus
1160 915 1296 986 occupat,
1321 907 1351 974 id
1374 916 1498 988 propter

145 996 321 1059 immensum
356 989 502 1076 fulgorem
526 996 606 1059 Solis
642 1017 755 1060 meram
787 997 922 1059 umbram
953 1016 1123 1100 merumque
1154 996 1303 1076 nigrorem
1327 996 1422 1058 visum
1450 996 1496 1058 iri.

144 1086 215 1148 No'n
239 1087 373 1188 coquitur
396 1085 498 1187 igitur
510 1086 548 1147 ab
572 1106 607 1148 eo
631 1085 709 1167 quod
733 1086 844 1148 accidit
865 1086 913 1147 hic
946 1087 1023 1147 visui
1056 1086 1094 1148 ad
1127 1105 1189 1147 rem
1219 1086 1330 1164 ipsam,
1362 1086 1497 1147 maculas

144 1174 265 1240 scilicet
287 1173 365 1238 istas
388 1171 456 1236 esse
471 1174 616 1254 nigriores
631 1195 662 1239 re
681 1194 754 1237 vera
777 1194 863 1256 quam
878 1184 951 1236 sunt
966 1175 1100 1237 maculae
1117 1174 1232 1254 Lunae.
1270 1174 1414 1236 Nullum'
1406 1176 1498 1253 igitur
1530 1195 1533 1203 ·

144 1264 263 1331 censeri
286 1263 377 1330 debet
399 1264 455 1328 hoc
479 1274 686 1344 argumentum
717 1274 770 1327 aut
801 1267 883 1326 cert'e
911 1274 1055 1344 pertenue
1088 1264 1126 1324 ad
1158 1263 1406 1325 vindicandum'
1398 1282 1496 1368 ιιιειιιιι

144 1350 228 1416 Solis
252 1372 359 1433 corpus
382 1354 420 1415 ab
444 1354 491 1415 his
514 1354 651 1420 maculis.
688 1355 733 1417 At
754 1354 829 1416 illud
851 1353 980 1416 validius
997 1362 1045 1416 est
1063 1361 1279 1432 argumentum,
1302 1371 1362 1414 non
1385 1352 1497 1415 reverti

102 1460 117 1502 ·.
143 1439 269 1516 ¹easdem
291 1443 437 1518 maculas,
458 1451 619 1524 postquam
642 1462 750 1524 corpus
773 1443 855 1507 Solis
878 1443 1082 1505 absolverunt.
1119 1442 1217 1504 Video
1241 1441 1357 1503 absolvi
1381 1442 1497 1504 discum

143 1529 241 1604 Setis
252 1531 357 1593 dicbus
380 1532 498 1595 circiter
523 1531 573 1596 12.
611 1534 661 1595 Da
682 1553 755 1613 ergo
778 1543 813 1595 ut
830 1534 860 1595 in
880 1531 1101 1612 hemisphaerio
1118 1529 1199 1594 Solis
1216 1548 1321 1591 averso
1344 1543 1497 1594 morentur
1555 1611 1558 1616 Ι

143 1620 212 1683 dies
235 1620 312 1683 alias
339 1618 388 1697 12,
412 1622 514 1704 itaque
535 1630 612 1703 post
630 1623 705 1684 dies
714 1616 757 1685 24
776 1622 868 1698 iidem
887 1632 1030 1701 aspectus
1049 1621 1228 1700 eaedemque
1250 1619 1386 1682 maculae
1401 1621 1495 1683 debe·

142 1709 220 1772 bant
242 1709 357 1772 redire:
391 1712 470 1790 quod
501 1712 616 1774 lactum
645 1731 704 1774 non
727 1719 777 1772 est
799 1712 825 1773 si
849 1710 1029 1774 credendum
1052 1710 1164 1789 Apelli.
1212 1706 1389 1778 Quindecim
1407 1710 1492 1774 enim

108 1875 111 1880 Ι
144 1787 252 1861 ιιιιιιιιι
276 1799 364 1878 longe
388 1800 466 1862 aliae
489 1802 624 1864 maculae
647 1810 857 1863 successerunt
880 1800 986 1863 eodem
1009 1799 1151 1878 temporis
1180 1798 1279 1879 spatio
1303 1799 1497 1862 absolventes

144 1906 255 1969 corpus
278 1886 370 1972 Sqlis
395 1890 481 1952 Aut
503 1890 593 1992 igitur
616 1887 710 1952 series
735 1891 882 1974 quaedam
903 1900 1051 1971 perpetua
1082 1895 1131 1952 est
1154 1889 1394 1968 corpusculorum
1417 1888 1497 1951 inter

143 1995 402 2043 seconnexorum
425 1980 520 2041 fere
513 2001 541 2042 ιι
565 1979 683 2042 modum
707 1991 848 2056 catenae,
879 1999 955 2060 quae
985 1978 1132 2060 paulatim
1155 1977 1310 2039 internos
1334 1986 1366 2039 et
1388 1995 1496 2057 corpus

143 2064 229 2131 Solis
252 2066 437 2140 traducitur:
462 2077 516 2130 aut
539 2069 565 2131 si
588 2070 657 2131 aliis
680 2068 864 2150 argumentis
887 2067 1080 2149 probabitur,
1107 2068 1242 2128 maculas
1265 2066 1322 2127 has
1346 2066 1403 2147 ipsi
1426 2086 1496 2129 cor-

121 2155 211 2259 'pori
229 2153 346 2218 Solis
337 2174 447 2233 inesse,
472 2167 624 2238 sequetur,
648 2160 717 2221 illas
741 2158 824 2220 nasci
848 2168 880 2219 et
901 2156 1023 2220 interire
1046 2175 1219 2236 rursumque
1243 2154 1337 2218 veluti
1358 2154 1496 2224 efflores-
1536 2189 1539 2194 ·

89 2293 94 2304 ,
143 2249 223 2320 c'ere,
248 2246 334 2308 utin
355 2246 495 2308 candenti
518 2248 607 2323 ferro,
634 2247 739 2330 quibus
762 2247 899 2327 partibus
914 2248 952 2308 ab
967 2246 1087 2307 humido
1111 2251 1181 2307 abre
1205 2244 1392 2324 adspiratur:
1418 2245 1510 2325 quod'

143 2311 281 2416 quotidie
320 2333 417 2397 minue
453 2337 608 2418 minusque
650 2337 778 2398 absurde
808 2337 938 2412 dicetur,
959 2354 1033 2418 quo
1066 2335 1162 2414 magis
1193 2334 1324 2437 quotidie
1356 2329 1497 2415 patescet

89 2443 94 2454 ·
141 2442 244 2508 rerum
266 2412 442 2487 coelestium
466 2446 533 2488 cum
555 2426 750 2488 terrestribus
773 2425 924 2529 cognatio.
970 2425 1049 2487 Nam
1073 2424 1164 2486 etiam
1194 2425 1224 2485 in
1249 2421 1360 2504 Optica
1380 2425 1496 2487 Astro-
1536 2498 1539 2505 ι

89 2509 90 2516 '
142 2512 263 2600 nomiae
281 2512 374 2575 Parte
393 2514 492 2595 capite
499 2513 567 2578 VI.
582 2515 686 2577 Solem
709 2514 882 2594 comparavi
905 2514 1046 2575 candenti
1069 2513 1162 2594 lapidi
1185 2532 1239 2576 seu
1261 2514 1361 2594 potius
1385 2513 1496 2595 liquido
1613 2547 1639 2588 ,ι

141 2602 269 2686 metallo
292 2622 426 2666 summae
458 2604 676 2683 pelluciditatis
699 2614 732 2666 et
754 2606 841 2667 simul
865 2601 1034 2666 densitatis.
1085 2603 1173 2664 Viam
1205 2603 1250 2664 ait
1281 2602 1425 2664 munitam
1457 2603 1498 2665 ad

144 2699 248 2754 motus
274 2691 401 2755 Veneris
432 2701 464 2755 et
486 2694 627 2756 Mercurii
658 2694 856 2773 indagandos.
902 2692 1069 2755 Mercurius
1102 2692 1221 2774 quidem
1252 2692 1357 2772 paucis
1388 2693 1496 2756 abhinc

128 2779 234 2868 'annis
257 2782 351 2844 semel
374 2791 464 2863 atquo
487 2783 649 2845 iterumiu
672 2784 809 2866 clypeum
833 2783 914 2862 Solis
946 2783 1094 2844 incurrere
1127 2781 1239 2860 poterit
1270 2781 1352 2843 circa
1383 2781 1494 2862 primos

143 2870 271 2946 trientes
287 2867 481 2933 Geminorum
504 2881 536 2934 et
550 2871 724 2952 Sagittarii:
749 2871 783 2934 at
807 2873 842 2933 de
862 2873 978 2932 Venere
1001 2870 1074 2932 nihil
1097 2871 1190 2934 habet
1212 2871 1287 2932 haec
1300 2880 1397 2932 -aetas
1415 2871 1495 2953 quod

142 2968 279 3042 speret
305 2955 454 3039 Cuperem
476 2961 579 3042 Apelli
603 2970 706 3023 nostro
729 2962 840 3024 lectum
863 2980 960 3023 meum
986 2960 1237 3036 „Phaenomenon
1268 2960 1419 3040 singulare
1442 2980 1495 3022 seu

142 3048 326 3122 Mercurium
348 3043 383 3123 ιιιΙ
402 3048 505 3112 Sole.“
552 3052 631 3132 lllud
654 3070 724 3114 vero
756 3051 957 3130 maximopere
990 3050 1113 3124 mirum,
1146 3050 1275 3131 aquilam
1307 3048 1495 3112 illam-Solis

128 3133 271 3241 ¹aspectu
290 3138 361 3206 ¹frui,
375 3148 408 3201 ut
430 3133 545 3203 Lunae.
591 3140 657 3220 Ego
691 3141 746 3202 hoc
776 3160 862 3202 mane
893 3159 966 3201 sane
1000 3158 1089 3219 quam
1122 3138 1239 3200 turbido
1263 3139 1495 3201 instrumentum

142 3227 175 3289 iu
189 3225 292 3289 Solem
315 3226 419 3308 direxi,
444 3229 527 3310 cujus
553 3229 661 3315 vitrum
684 3230 822 3332 superius
845 3249 903 3290 non
927 3229 1054 3309 amplius
1075 3229 1203 3308 patebat
1222 3228 1322 3308 capite
1345 3228 1494 3290 aciculae:
1592 3233 1597 3250 ¹

142 3326 190 3380 et
199 3335 269 3379 ecce
292 3317 404 3394 unllam
427 3318 546 3402 literam
570 3320 668 3381 scribo
692 3338 757 3381 cum
776 3319 843 3399 jam
865 3319 940 3379 bora
963 3317 1086 3392 abierit,
1118 3336 1194 3419 quae
1218 3337 1276 3384 nou
1300 3318 1439 3380 flammea
1462 3326 1495 3380 et

140 3399 327 3470 rubicunda
332 3407 387 3468 sit:
410 3408 532 3488 prurigo
554 3409 656 3471 oculos
679 3407 806 3471 incessit
828 3407 1030 3481 urentissima,
1055 3407 1190 3487 quamvis
1209 3413 1241 3467 et
1259 3408 1396 3469 caeruleo
1415 3406 1493 3470 vitro
1517 3461 1520 3468 .

141 3514 191 3558 me
214 3495 390 3572 munirerim
413 3505 444 3558 et
468 3494 519 3558 ιιι
542 3498 627 3559 unius
651 3498 748 3559 nictus
781 3497 859 3559 oculi
891 3497 990 3576 spatio
1015 3496 1160 3575 fulgorem
1185 3494 1266 3558 Solis
1289 3496 1492 3571 sustinuerim.

140 3583 294 3670 Jupiter
285 3604 359 3665 rpse‚
374 3584 494 3666 benigni
518 3594 549 3648 et
574 3586 677 3650 blandi
701 3586 819 3649 luminis
838 3586 939 3663 stella,
959 3605 1013 3647 nec
1028 3587 1199 3665 frequenter
1214 3584 1365 3664 inspectus
1381 3586 1494 3648 distor-

143 3682 218 3755 quet
240 3675 391 3738 oculorum
406 3676 567 3750 musculos,
591 3676 770 3757 crebrasque
792 3677 930 3756 experior
944 3675 1043 3737 dextri
1057 3675 1135 3736 oculi
1151 3674 1375 3753 trepidationes.
1414 3675 1494 3737 Vale

127 3760 162 3824 ¹o
186 3762 273 3844 virgo
296 3772 422 3845 tuosque
446 3766 540 3827 conde
564 3765 682 3840 vultus,
704 3771 752 3828 'ne
776 3785 858 3828 meos
881 3766 1000 3845 penitus
1024 3765 1155 3843 configa's
1179 3762 1297 3825 oculos:
1321 3773 1376 3826 aut
1397 3764 1423 3826 si
1446 3784 1494 3827 me

141 3856 239 3925 amas,
256 3862 352 3938 ¹noctu
375 3854 439 3915 redi
463 3854 622 3917 luminibus
646 3854 804 3917 exstinctis
829 3863 1023 3934 temporaque
1038 3862 1120 3915 tuum
1134 3852 1212 3914 inter
1229 3853 1369 3933 Apellem
1391 3863 1423 3917 et
1445 3871 1492 3916 me
1518 3909 1521 3914 .

140 3942 422 4024 partire,=interdiu
443 3943 538 4025 ipsius
562 3944 672 4020 oculos,
697 3954 788 4007 noctu
810 3963 905 4007 meam
928 3952 1058 4006 mentem
1081 3942 1268 4005 exhilareris.

225 4027 345 4100 'Altera
368 4033 497 4113 epistola
520 4033 667 4107 declarat,
690 4054 749 4096 uon
772 4035 878 4097 deesse
903 4032 1017 4096 auctori
1041 4032 1207 4102 eonsilium,
1231 4031 1280 4112 qui
1300 4039 1332 4093 et
1347 4031 1491 4112 conjunc·

140 4120 220 4184 ¹tioni
236 4120 367 4192 Veneris
386 4123 533 4203 corporali
550 4123 667 4185 censuit
685 4124 898 4185 insidiandum:
924 4123 977 4184 sed
998 4132 1126 4184 ueneat
1147 4122 1231 4184 firmo
1250 4121 1364 4200 judicio
1390 4133 1492 4183 trans·

142 4212 216 4291 fuga
238 4210 364 4287 audivit,
389 4211 438 4292 qui
462 4211 617 4275 existimat
638 4222 812 4315 propterea
818 4212 963 4294 quasdam
979 4212 1201 4291 conjunctiones
1215 4210 1297 4274 Solis
1317 4221 1349 4274 et
1362 4211 1493 4273 Veneris

101 4347 103 4351 -
143 4297 278 4382 directae
301 4302 473 4382 corporales
496 4320 574 4376 esse,
599 4302 669 4383 quia
691 4303 832 4383 Maginus
855 4322 894 4363 ex
906 4300 1086 4377 Reinboldo,
1110 4301 1296 4363 Reinboldus
1320 4321 1358 4363 ex
1373 4299 1491 4381 Coper-
1531 4327 1535 4334 ·

142 4388 211 4452 uico
234 4390 304 4453 illas
326 4398 487 4472 praestant
507 4393 688 4478 corporales.
734 4393 932 4472 Nequaquam
955 4410 1035 4455 vero.
1082 4392 1161 4455 Nam
1176 4391 1378 4465 Ptolemaeus
1403 4407 1492 4470 quem

142 4477 328 4561 Cepernlcus
361 4479 419 4542 sibi
452 4490 602 4541 sumserat
640 4481 832 4558 imitandum,
868 4482 958 4562 plane
990 4480 1102 4542 nullam
1135 4480 1273 4541 concedit
1304 4481 1490 4581 corporalem

141 4569 273 4637 Veneris
295 4576 327 4630 et
350 4567 431 4630 Solis
454 4588 520 4648 cong
514 4569 702 4631 ’.ιιιιιιιιιιιειιι
749 4568 874 4632 Scilicet
904 4570 1167 4650 praestantissimo
1192 4569 1299 4630 artifici
1322 4569 1410 4631 unica
1433 4570 1489 4631 ob·

136 4659 233 4740 jectio
256 4658 398 4738 imposuit
421 4674 530 4733 eorum,
555 4657 615 4761 qui,
639 4670 673 4719 ut
687 4660 838 4721 Venerem
852 4659 1089 4739 Mercuriumque
1114 4677 1205 4738 supra
1219 4656 1321 4720 Solem
1345 4659 1488 4735 locarent,

140 4756 291 4833 negapunt
313 4747 404 4810 ullam
427 4766 555 4828 nuquam
577 4749 674 4810 visam
697 4748 953 4832 subincursionem
977 4749 1080 4810 horum
1100 4750 1288 4829 planetarum
1304 4737 1359 4811 sub
1374 4748 1488 4812 Solem.

140 4838 238 4920 Atqui
262 4856 316 4899 nec
340 4837 397 4917 ipsi
420 4837 615 4899 attenderunt
637 4857 691 4898 nec
715 4858 817 4900 omues
841 4838 970 4900 omnium
994 4838 1160 4900 seculorum
1183 4847 1372 4901 astronomos
1400 4838 1487 4899 audi.-

122 4935 261 4990 .verant.
307 4925 437 4988 Exstitit
460 4927 611 4987 Aterroes
636 4929 703 4998 (seu
728 4928 806 5008 quod
830 4928 969 5008 conjicio,
992 4929 1184 5002 Arenrodau,
1210 4937 1243 4988 ut
1265 4927 1489 4989 Mirandolanu's

139 5025 274 5081 testatur
297 5034 385 5097 opere
408 5024 514 5081 contra
536 5015 737 5098 astrologos),
761 5015 880 5079 exstitit
902 5027 935 5079 et
957 5018 1103 5080 Adelmus
1125 5017 1305 5093 Monachus,
1330 5018 1382 5110 qui
1403 5015 1488 5093 Mer-
