3692 5842
714 461 796 526 capue
813 449 858 512 1v'.
880 459 920 510 ro.
1433 456 1500 524 219

138 633 326 714 superficiem
351 636 461 698 Terrae
491 636 703 710 incurribinius,
739 639 814 699 adeo
839 648 871 698 ut
894 639 985 716 pilaria
1009 636 1097 697 nisibis
1121 646 1278 716 appareat.
1325 637 1415 698 Addo
1441 657 1497 717 ego

138 724 177 784 ad
202 721 377 788 Cleomedis
400 725 620 797 refutationem,
645 727 721 807 quod
746 726 771 787 si
796 747 855 807 qua
877 746 913 788 ex
938 737 1038 790 rnorrte
1063 726 1163 805 aliquo
1188 726 1386 806 despicimus,
1412 725 1441 787 id
1466 727 1500 788 lit

124 811 226 898 lineis
243 807 339 876 'infra
367 814 577 876 libramentum
610 835 706 896 aquae
740 816 1000 879 descendentibus.
1053 814 1099 876 At
1128 815 1154 875 si
1183 816 1239 877 hoc
1270 816 1498 895 phaenomenon

139 900 192 974 (de
216 920 275 982 quo
301 902 383 982 jam)
406 903 492 964 nobis
516 903 686 985 contingat,
717 904 844 967 visorias
872 904 969 967 lineas
998 904 1136 983 utrinque
1166 923 1258 983 supra
1288 904 1500 966 libramentum

139 1009 235 1070 aquas
267 991 331 1066 (cui
361 992 525 1071 parallelus
554 1001 682 1073 apparet
710 994 839 1056 visibilis
868 994 1006 1066 horizon)
1036 1000 1157 1073 oportet
1185 993 1308 1054 clevari.
1356 992 1501 1056 Testatur

139 1078 217 1141 enim
241 1080 424 1142 Maestlinns
453 1081 482 1143 iu
511 1081 658 1144 consimili
692 1082 796 1161 eclipsi
829 1101 921 1161 supra
953 1084 1088 1163 allegata
1111 1089 1143 1142 et
1174 1082 1252 1143 liunc
1283 1081 1380 1161 ipsum
1410 1081 1499 1143 Plinii

141 1168 238 1230 locum
254 1168 421 1250 explicans,
446 1170 561 1231 duobus
577 1171 719 1250 gradibus
735 1172 886 1233 elevatum
902 1172 998 1233 visum
1019 1181 1176 1250 utrumque
1196 1170 1339 1233 luminare
1363 1171 1498 1233 alternis.

233 1255 415 1321 Cleomcdes
450 1258 541 1338 igitur
578 1259 663 1321 initio
704 1262 780 1321 hanc
812 1260 902 1321 Plinii
941 1260 1144 1322 narrationem
1179 1259 1207 1320 in
1247 1259 1367 1322 dubium
1399 1270 1499 1322 vocat.
1565 1298 1572 1305 -

139 1356 208 1420 Quid
237 1355 271 1422 si,
296 1346 406 1427 inquil,
431 1357 571 1421 dicamus,
607 1359 751 1414 confictam
781 1377 843 1414 esse
878 1360 1065 1414 narrationem
1094 1358 1250 1427 hujusmodi
1280 1359 1316 1412 ab
1352 1359 1499 1429 aliquibus,

139 1453 254 1508 quornm
274 1437 394 1492 studium
416 1445 486 1501 erat,
509 1440 666 1510 astrologos
689 1449 718 1492 et
739 1440 917 1511 philosophos
945 1458 1008 1504 eos,
1031 1439 1076 1511 qui
1098 1457 1128 1492 se
1150 1439 1213 1492 huic
1234 1438 1402 1508 inquisitioni
1425 1439 1498 1493 dedi·

138 1517 254 1580 (literni,
277 1517 304 1572 in
325 1517 523 1572 dubitationem
545 1518 736 1589 conjicerottl
775 1519 819 1580 At
844 1517 1037 1581 Cleomedem
1060 1518 1242 1580 incredulum
1263 1518 1445 1580 Maestlinus
1469 1525 1501 1578 et

138 1603 242 1686 Tycho
267 1623 326 1667 non
350 1606 444 1668 semel
470 1606 497 1666 in
522 1606 784 1668 observationibus
803 1607 865 1669 suis
886 1608 993 1669 fortius
1016 1606 1271 1668 constrinxerunt.
1308 1608 1373 1668 Nec
1390 1606 1498 1686 injuria

138 1693 267 1756 miratur
290 1694 482 1767 Maestlinus,
507 1695 655 1756 affirmare
680 1692 872 1757 Cleomedem
897 1697 1042 1774 potuisse,
1067 1706 1173 1759 trullum
1191 1722 1310 1776 unquam
1330 1706 1500 1776 professione

141 1783 370 1840 mathematicum
391 1785 443 1838 hoc
464 1800 482 1838 a
503 1802 532 1838 sc
554 1784 640 1839 visum
668 1786 777 1855 scriptis
805 1787 950 1858 reliquisse
976 1792 1127 1840 testatum:
1157 1786 1280 1855 quamvis
1302 1802 1319 1839 a
1343 1786 1499 1850 Chaldaeis,

140 1864 292 1937 Aegyptiis
314 1864 468 1935 ceterisque
490 1865 607 1934 eclipses
629 1883 721 1919 omues
743 1884 830 1937 usque
846 1870 880 1921 ad
896 1866 1048 1922 Cleomedis
1070 1873 1193 1920 aet-atem
1215 1865 1318 1919 fuerint
1338 1873 1498 1920 annotatae.

140 1943 360 2004 Verumtamen
377 1942 556 2005 Cleomedes
581 1945 663 2005 etin
688 1945 744 2005 hoc
769 1944 927 2021 laboravit,
954 1945 1098 2025 quomodo
1116 1944 1213 2005 Plinio
1233 1963 1289 2004 sna
1312 1945 1386 2005 fides
1407 1944 1500 2006 reliu-

141 2039 283 2113 queretur
308 2039 339 2093 et
363 2051 454 2093 causa
477 2032 675 2111 phaenomeni
697 2033 841 2095 invisum
863 2036 1068 2107 conferretur;
1093 2033 1176 2112 isque
1196 2033 1244 2094 vel
1264 2051 1301 2093 ex
1324 2052 1500 2111 repercussu

140 2143 159 2181 a
182 2119 262 2181 nube
287 2120 370 2182 facto
395 2121 442 2182 vel
467 2139 504 2181 ex
528 2121 708 2182 refractione
729 2122 908 2184 acrassiore
930 2129 998 2184 atre
1024 2121 1180 2183 falleretur
1204 2128 1235 2181 et
1253 2139 1306 2200 pro
1327 2121 1399 2183 Sole
1420 2120 1501 2182 Solis

141 2208 253 2271 idolum
277 2207 471 2289 inspexisset.
519 2209 683 2292 Utrumque
708 2212 824 2272 modum
849 2231 941 2291 snpra
964 2209 1175 2272 ventilavimus
1199 2228 1254 2270 neo
1278 2209 1395 2271 omnino
1420 2210 1499 2289 reje-

142 2297 237 2360 cimus
273 2296 304 2359 in
338 2298 569 2361 refractionibus
602 2298 741 2360 insolitae
775 2300 1000 2380 magnitudinis.
1055 2300 1168 2361 Verum
1198 2298 1333 2379 legitima
1357 2307 1388 2360 et
1415 2318 1499 2361 coiri-

141 2385 272 2450 munitet
307 2387 396 2449 obvia
428 2406 521 2448 causa
552 2388 761 2467 phaenomena
794 2390 861 2451 huic
899 2390 1026 2462 suflicit,
1064 2388 1205 2450 refractio
1244 2407 1349 2467 nempe
1383 2388 1501 2449 luminis

141 2475 299 2555 utriusque
325 2476 479 2537 luminaris
504 2476 532 2536 in
557 2477 712 2556 superficie
737 2478 830 2551 aeris,
857 2479 906 2559 qui
930 2479 1041 2539 Terrae
1071 2477 1323 2539 circumfunditur.
1370 2477 1500 2539 Refrac-

142 2563 240 2627 tiones
265 2563 359 2644 igitur
377 2573 408 2625 et
431 2565 501 2625 olim
522 2565 549 2625 in
566 2565 659 2626 Italia
683 2567 783 2628 fuere:
809 2575 840 2627 et
854 2569 910 2629 hoc
931 2566 1135 2629 testimonium
1159 2566 1367 2643 exceptionem
1391 2567 1500 2628 nullam

140 2651 286 2715 admittit.
335 2652 506 2734 Sequuntur
535 2654 726 2733 conjecturae
754 2656 977 2719 imbecilliores.
1025 2656 1215 2717 Ptolemaeus
1240 2655 1291 2717 lib.
1317 2655 1371 2716 111.
1396 2655 1501 2734 Magni

141 2740 242 2822 operis
260 2736 305 2815 ¹⁸)
330 2744 474 2817 allinnat,
506 2760 598 2821 saepe
625 2744 730 2804 eodem
756 2744 803 2805 die
827 2766 846 2805 a
868 2765 901 2806 se
925 2744 972 2806 bis
1006 2743 1226 2824 aequinoctium
1257 2743 1449 2805 observatum
1473 2744 1501 2804 in

141 2830 271 2892 armillis
292 2830 519 2893 Alexandrinis.
559 2829 686 2914 Culpam
710 2834 828 2894 confert
851 2834 880 2894 in
905 2834 997 2895 situm
1020 2833 1211 2895 instrumenti
1236 2834 1311 2894 adeo
1336 2833 1501 2913 collapsum

141 2920 211 2982 inde
235 2939 255 2979 a
278 2920 424 3000 principio
449 2920 665 2982 collocationis.
711 2922 823 2983 Verum
848 2923 1062 3002 Hipparchum,
1088 2922 1138 3001 qni
1161 2922 1282 3001 propior
1308 2921 1365 2983 fuit
1386 2923 1502 3002 primae

141 3008 334 3070 collocationi
359 3018 390 3070 et
414 3009 463 3088 qui
487 2997 599 3071 eisdem
621 3008 648 3069 in
674 3010 798 3071 armillis
823 3012 1014 3092 aequinoctia
1033 3031 1065 3072 se
1086 3012 1265 3073 observasse
1286 3018 1418 3073 testatus
1442 3021 1500 3086 est,

141 3117 211 3159 enm
235 3097 356 3179 inquam
380 3098 573 3159 Ptolemaeus
598 3096 626 3158 in
647 3099 772 3160 eandem
796 3102 914 3179 culpam
940 3100 1044 3162 trahit.
1087 3116 1304 3182 annonamque
1329 3110 1375 3165 32.
1403 3111 1503 3166 tertiae

142 3199 293 3252 secundum
314 3197 461 3267 Calippum
481 3197 600 3266 periodi,
622 3200 665 3252 dio
688 3200 734 3253 27.
757 3200 856 3254 inermis
879 3199 991 3263 hinchic,
1021 3191 1169 3252 referente
1194 3190 1380 3264 Ptolemaeo,
1407 3198 1502 3269 aequi·

141 3277 265 3332 noctium
294 3278 455 3331 observavit
475 3277 502 3330 in
523 3295 619 3332 mane:
649 3287 680 3332 at
708 3297 772 3333 vcro
802 3280 927 3334 armillae
948 3280 1157 3334 Alexandrinae
1188 3280 1316 3350 utrinqne
1346 3280 1504 3350 aequaliter

142 3367 320 3422 illuminatae
341 3374 407 3420 sunt
430 3367 501 3421 hora
521 3366 574 3420 dici
595 3368 699 3437 quinta.
748 3355 909 3420 Concludit
933 3377 1003 3437 ergo
1027 3360 1234 3431 Ptolemaeus,
1269 3370 1342 3423 intra
1381 3368 1500 3439 quinque

142 3459 227 3511 horas
249 3473 305 3510 aon
325 3455 481 3509 consentire
501 3466 646 3528 utramque
672 3457 888 3512 annotationem.
936 3448 978 3508 Et
1001 3447 1132 3508 inculcat
1155 3448 1272 3526 quidem
1298 3448 1503 3528 Hipparchus,

141 3553 205 3592 earn
225 3535 450 3590 observationem
470 3554 532 3589 esse
554 3538 693 3607 optimam,
716 3555 786 3608 quae
808 3556 857 3607 per
878 3537 1001 3592 armillas
1022 3540 1072 3591 fiat
1092 3538 1317 3591 Alexandrinas:
1349 3554 1410 3591 eam
1431 3535 1503 3590 enim

141 3634 204 3672 esse
219 3616 318 3671 horam
332 3615 390 3670 reri
404 3615 580 3687 aequinoctii,
602 3617 629 3670 in
645 3634 700 3688 qua
714 3626 831 3688 utraque
847 3619 973 3671 armillae
988 3618 1145 3687 superficies
1161 3636 1197 3671 ex
1213 3634 1301 3687 aequo
1324 3617 1501 3671 illuminetur.

143 3695 241 3776 igitur
264 3694 325 3756 etsi
349 3694 412 3756 lieri
436 3695 554 3774 quidem
577 3704 689 3773 potest,
716 3705 747 3772 ut
768 3698 841 3757 haec
866 3697 1025 3757 dissonans
1050 3696 1304 3776 aequinoctiorum
1330 3695 1504 3757 observatio

142 3808 161 3846 a
192 3784 270 3846 vitio
301 3783 494 3844 instrumenti
526 3785 663 3845 extiterit
701 3803 831 3866 veraque
865 3785 956 3846 fucrit
990 3784 1155 3847 Ptolemaei
1193 3784 1362 3846 incusatio:
1402 3803 1503 3846 verum

142 3882 245 3935 tamen
271 3881 303 3934 et
326 3871 383 3932 hoc
406 3880 463 3946 est,
488 3872 545 3933 hac
570 3881 751 3953 tempestate
776 3896 794 3936 a
817 3874 958 3956 Tychone
981 3874 1082 3935 Brahc
1106 3874 1283 3953 saepissime
1306 3892 1361 3953 per
1383 3893 1503 3936 correc-

142 3963 267 4024 tissima
280 3968 314 4023 et
336 3960 571 4040 exquisitissime
591 3963 740 4025 collocata
764 3963 961 4024 instrumenta
977 3963 1056 4024 idem
1076 3963 1167 4025 fuisse
1187 3970 1374 4047 annotatum,
1399 3963 1504 4024 eodem
1569 3987 1573 3996 ·

142 4052 190 4113 dic
225 4048 347 4113 scilicet
379 4048 426 4110 bis
459 4050 691 4130 aequinoctium.
739 4054 829 4113 Mane
863 4052 959 4125 enini,
996 4053 1124 4113 nondum
1157 4052 1290 4114 instante
1324 4052 1505 4133 aequinoctii

141 4139 226 4202 verni
260 4144 429 4212 momento,
454 4137 508 4201 Sol
542 4135 641 4201 oriens
666 4140 703 4201 ob
734 4140 931 4202 retractiones
965 4141 1055 4201 altior
1088 4148 1217 4220 apparet
1245 4149 1276 4202 ct
1303 4143 1372 4220 polo
1404 4140 1504 4202 mnndi

142 4228 281 4301 vicinior,
306 4236 341 4290 ut
364 4225 503 4289 videatur
525 4228 584 4307 jam
608 4228 637 4290 in
662 4238 836 4309 aequatore,
861 4229 989 4290 comsit
1012 4229 1153 4291 adhucin
1179 4237 1292 4303 austro,
1317 4235 1388 4308 po'st
1411 4228 1504 4290 meri-

142 4319 233 4392 diem,
259 4316 310 4378 abi
330 4314 384 4378 Sol
409 4323 458 4378 est
481 4336 500 4377 a
522 4317 704 4379 refractione
728 4317 813 4391 liber,
838 4324 904 4378 esto
926 4326 958 4379 nt
977 4318 1043 4396 jam
1067 4319 1263 4399 compleverit
1285 4318 1504 4379 semicirculum

142 4408 332 4489 hybernum:
358 4411 428 4466 tunc
452 4405 554 4486 itaque
579 4406 674 4467 denuo
695 4415 727 4468 et
749 4426 819 4468 vere
843 4407 928 4467 etad
951 4410 1048 4468 visum
1074 4408 1102 4469 in
1127 4415 1289 4487 aequatore
1314 4406 1381 4467 erit.
1400 4417 1403 4422 ’
1421 4405 1504 4468 Cori-

143 4496 269 4559 trarium
303 4492 574 4567 sentiendumest
607 4496 644 4555 de
678 4495 843 4556 autumnali
881 4496 1082 4575 acquinoctio.
1140 4497 1289 4557 [ocenum
1326 4495 1417 4573 igitur
1447 4503 1504 4561 est,

142 4607 162 4647 a
184 4584 261 4647 vitio
292 4583 483 4645 instrumenti
507 4602 545 4643 an
570 4604 588 4643 a
616 4585 846 4646 retractionibus
875 4584 1051 4646 deducenda
1081 4605 1175 4646 causa
1198 4584 1255 4655 sit,
1284 4603 1336 4645 cur
1364 4591 1504 4646 auctores

142 4674 191 4737 bis
215 4671 438 4754 aequinoctium
462 4670 541 4733 idem
565 4674 733 4734 sevidisse
757 4675 1020 4753 persuaderentur.

232 4761 343 4824 Dicam
367 4760 490 4843 aliquid,
522 4761 601 4841 quod
625 4763 710 4842 hujus
735 4763 853 4842 quidem
878 4763 935 4823 loci
959 4782 1017 4824 non
1042 4770 1090 4822 est
1113 4761 1273 4840 proprium,
1307 4760 1502 4822 differendum

142 4851 246 4935 potins
269 4849 299 4912 in
324 4848 560 4931 disputationem
584 4851 620 4911 de
645 4852 713 4912 anni
738 4852 865 4912 ratione.
892 4848 971 4921 Quid
996 4851 1021 4913 si
1045 4869 1173 4930 namque
1198 4851 1272 4911 haec
1296 4850 1362 4910 sola
1386 4848 1502 4910 refrac-

232 4999 263 5074 ·)
282 5003 374 5060 Loout
387 4963 538 5058 moisem
559 5009 641 5060 textu
660 5003 752 5057 clarus
774 5001 840 5058 mire
860 5003 1030 5074 depravatus
1045 5008 1109 5058 erat
1122 5003 1159 5057 ab
1179 5002 1331 5072 interprete
1344 5000 1455 5056 Latino.
1467 4998 1504 5067 ³⁶)
