3692 5842
330 479 375 547 80
750 482 850 533 uteros
868 481 971 547 Koplarl
989 482 1139 548 adommquo
1157 491 1259 535 numae

421 654 497 734 Cap.
522 653 552 719 3.
600 658 646 718 De
670 658 735 719 luce
761 677 956 737 repercussa,
993 660 1070 740 qnod
1103 660 1201 737 imago
1230 656 1483 736 (repercussionis
1516 657 1610 734 opus)
1636 672 1697 715 nou

328 745 418 824 plane
443 755 474 805 et
498 764 616 825 semper
639 746 681 807 sit
706 748 734 807 in
759 748 1008 826 perpendiculari.
1057 750 1120 810 Hoc
1144 756 1236 826 caput
1260 754 1308 808 est
1330 746 1381 807 via
1403 746 1442 805 ad
1466 762 1599 825 sequens

420 830 497 913 Cap.
523 829 554 896 4.
589 834 636 895 De
656 835 788 897 retracta
812 837 893 910 luoe;
918 837 968 897 ubi
992 838 1179 916 inquiruntur
1202 854 1312 897 causae
1337 845 1368 896 ct
1391 849 1551 896 mensurae
1576 832 1696 894 refrac-

329 923 442 983 tionum
462 923 552 1001 plane
572 924 810 985 laboriosissima
834 925 1042 1004 inquisitione;
1060 927 1207 1005 repetitur
1230 924 1438 986 controversia
1452 921 1609 1004 Tycbouis
1626 937 1697 983 cum

328 1010 542 1072 Rotlnuanuo:
569 1013 745 1086 ostenditur,
771 1013 848 1075 lrauc
872 1015 968 1092 ipsam
993 1015 1117 1076 formam
1141 1013 1354 1076 refractiounm
1375 1033 1394 1073 a
1412 1013 1556 1095 Tycbone
1580 1028 1698 1090 propo·

331 1100 423 1161 sitam
448 1119 515 1160 csse
540 1111 666 1162 naturae
691 1112 924 1163 consentaneam
949 1112 980 1162 et
1004 1103 1041 1163 iis
1065 1102 1287 1181 experimentis,
1312 1121 1388 1181 quae
1409 1101 1537 1163 Vitellio
1562 1099 1592 1161 in
1618 1115 1701 1179 aqua

331 1188 456 1262 habuit3
483 1189 605 1250 additur
628 1191 803 1268 explanatio
832 1191 1003 1252 conicarum
1036 1192 1217 1266 sectionum,
1250 1191 1432 1264 ostenditur,
1463 1190 1565 1271 qualis
1588 1205 1701 1267 super·

250 1299 255 1308 ·
331 1277 413 1339 ficies
438 1277 539 1339 radios
564 1279 602 1340 ad
632 1298 720 1340 nuum
748 1290 892 1358 punctum
915 1289 1006 1359 cogat
1029 1281 1073 1351 (id
1102 1290 1226 1363 propter
1254 1298 1382 1360 sequeus
1411 1298 1479 1358 cap.
1506 1278 1578 1350 V.).
1627 1275 1700 1337 Jarn

331 1367 438 1427 modus
462 1367 653 1442 observandi,
679 1376 711 1428 et
734 1368 810 1429 vitia
833 1378 865 1429 et
889 1369 1047 1442 cautelae3
1072 1379 1163 1429 etan
1189 1368 1325 1431 omnibns
1355 1367 1429 1429 locis
1453 1377 1485 1429 et
1509 1365 1701 1446 temporibus

334 1456 461 1517 eaedem
486 1457 696 1530 retractiones,
722 1457 846 1535 etquid
871 1458 939 1519 inde
963 1458 991 1518 in
1016 1459 1230 1519 astronomiam
1254 1466 1388 1518 veterem
1412 1465 1573 1537 sequatur,
1605 1453 1702 1516 etde

330 1544 504 1624 prodigiosa
528 1544 710 1608 refractione
735 1546 764 1606 in
788 1547 973 1608 Batavorum
998 1546 1138 1607 hibernis.

421 1630 498 1712 Cap.
524 1630 553 1695 5.
599 1633 645 1694 De
671 1634 759 1695 modo
792 1635 934 1710 visionis,
966 1636 1163 1697 refutationes
1189 1633 1365 1713 Opticorum
1391 1642 1423 1693 et
1455 1630 1701 1694 anatomicornm

334 1729 366 1784 et
390 1722 454 1782 reri
477 1722 558 1783 modi
583 1723 752 1784 enucleatio
776 1743 830 1803 per
858 1743 924 1803 cap.
950 1720 980 1785 2.
1006 1722 1035 1787 3.
1060 1720 1091 1786 4.
1116 1725 1165 1785 nbi
1198 1721 1372 1784 necessaria
1396 1721 1452 1782 fuit
1475 1729 1508 1781 et
1532 1718 1702 1799 explicatio

334 1828 446 1883 eorum,
471 1828 546 1890 qnae
571 1811 599 1871 iu
625 1811 702 1872 vitro
727 1813 854 1873 rotundo
879 1832 957 1892 aqna
980 1812 1068 1890 pleno
1100 1813 1290 1892 contingunt,
1321 1820 1384 1871 tam
1413 1811 1531 1873 ratione
1556 1807 1703 1888 imaginis

336 1918 425 1980 quam
451 1899 567 1960 ratione
590 1899 728 1978 picturae
752 1901 780 1961 in
804 1919 918 1982 papyro
943 1902 1082 1961 carrdida.

422 1988 499 2049 llinc
532 1989 595 2068 jam
633 1989 807 2050 occasiones
845 1990 1010 2051 diffusionis
1049 1989 1212 2051 lucidorum
1242 1987 1270 2048 iu
1310 1989 1395 2050 oculo
1424 1995 1455 2048 et
1492 1985 1640 2049 cautelae
1673 1985 1703 2046 iu

282 2095 286 2102 ·
334 2076 525 2138 aestimanda
548 2078 710 2139 oculariter
734 2080 903 2158 quantitate
929 2078 1092 2158 eclipsinm,
1117 2087 1148 2139 et
1164 2096 1274 2138 causae
1298 2076 1537 2156 perspicillorum
1560 2083 1627 2137 tam
1651 2094 1702 2136 se-

333 2165 435 2227 nilium
459 2185 547 2245 quam
568 2166 755 2244 juvenilium.
1473 2171 1482 2186 ¹

423 2253 499 2332 Cap.
525 2251 556 2316 6.
604 2256 650 2315 De
676 2256 760 2316 varia
795 2257 859 2317 lnce
891 2255 1032 2332 siderum.
1079 2253 1126 2314 De
1151 2253 1215 2314 lnce
1240 2251 1321 2314 Solis
1347 2255 1449 2332 optica
1478 2251 1641 2333 inquisitio
1665 2251 1704 2312 ad

337 2341 506 2405 mirabilem
531 2344 605 2405 lucis
630 2351 767 2404 naturam
792 2344 955 2430 pertinens.
996 2342 1148 2415 Probatio,
1174 2341 1251 2421 quod
1267 2341 1353 2402 Luna
1376 2343 1466 2420 plano
1486 2341 1554 2404 luce
1579 2339 1705 2422 propria

332 2440 437 2494 careat
466 2441 497 2493 et
529 2433 607 2511 qnod
638 2432 731 2493 etiam
756 2453 774 2492 a
798 2432 915 2494 Tellure
941 2432 1115 2494 illustretur.

423 2520 470 2581 De
504 2521 615 2583 circulo
648 2521 895 2594 illuminationis,
930 2522 967 2580 de
992 2522 1095 2582 Lunae
1118 2518 1263 2599 phasibns
1288 2519 1435 2598 quaedam
1469 2517 1607 2580 subtilia.
1657 2517 1705 2579 De

334 2610 399 2672 lnce
424 2617 591 2671 ceterarum
615 2611 772 2672 stellarum
792 2611 856 2683 bro,
882 2629 948 2670 cnm
974 2608 1185 2689 experimentis
1206 2607 1361 2687 eclipsium
1383 2616 1415 2669 et
1438 2607 1568 2669 aliarum
1592 2607 1705 2669 obscr-

335 2699 499 2760 vationum.

424 2785 500 2866 Cap.
527 2786 558 2847 7.
605 2788 650 2847 De
676 2788 780 2847 umbra
804 2788 916 2848 Terrae
942 2795 973 2847 et
1005 2786 1094 2860 aeris,
1129 2794 1160 2846 et
1192 2786 1300 2846 rubore
1324 2784 1429 2845 Lunae
1462 2783 1706 2856 demonstratur.

335 2877 452 2939 Lunam
477 2893 534 2935 non
559 2894 578 2934 a
601 2875 713 2935 Terrae
737 2876 791 2936 sed
815 2875 854 2936 ab
878 2875 957 2937 atris
991 2874 1095 2936 umbra
1119 2875 1261 2944 delicere,
1295 2881 1327 2934 ct
1349 2871 1521 2934 ostenditur
1554 2881 1705 2952 quantum

338 2964 447 3026 hocin
473 2964 589 3024 calculo
613 2962 709 3042 possit
735 2965 865 3024 efficere.
904 2963 1117 3026 Relractiones
1141 2962 1325 3043 quarundam
1350 2962 1506 3041 regionum
1531 2979 1571 3022 ex
1596 2960 1707 3042 eclipsi

335 3053 441 3115 Lunae
465 3062 640 3130 arguuntur.

429 3139 506 3219 Cap.
531 3137 561 3202 8.
587 3140 633 3201 De
658 3140 763 3201 umbra
778 3140 891 3200 Lunae.
909 3141 1055 3220 Exenrpla
1071 3140 1149 3220 quod
1166 3137 1220 3201 Sol
1236 3147 1318 3201 totus
1337 3153 1396 3201 nou
1416 3139 1511 3200 semel
1536 3139 1707 3214 deiecerit3

336 3231 374 3291 de
399 3230 508 3290 circulo
533 3229 613 3291 circa
636 3230 753 3289 Lunam
779 3229 905 3289 lucente.

428 3316 504 3396 Cap.
530 3313 561 3380 9.
599 3319 645 3378 De
669 3317 884 3396 parallaxibus
911 3327 943 3377 et
962 3314 1179 3377 demonstratio
1194 3334 1247 3375 sen
1262 3316 1481 3395 compendium,
1507 3317 1590 3397 quod
1609 3335 1707 3397 nuper

338 3407 377 3469 ad
401 3408 444 3468 Μ.
475 3408 568 3467 Tuam
596 3406 778 3486 perscripsi:
818 3407 867 3467 nbi
896 3405 1014 3466 memini
1043 3404 1113 3464 milri
1146 3404 1277 3466 incidere
1307 3404 1412 3465 statim
1437 3415 1509 3484 post
1538 3406 1707 3487 ablegatus

338 3496 453 3570 literas,
480 3495 507 3556 in
532 3504 695 3575 praecepto
719 3515 765 3556 mc
789 3513 894 3573 parum
922 3493 1157 3566 lrallnciuatn1n3
1187 3492 1216 3552 iu
1241 3493 1378 3570 exemplo
1410 3501 1513 3555 tamen
1539 3496 1706 3557 veritatem

336 3604 447 3647 rnesse.

429 3672 505 3751 Cap.
535 3672 582 3734 ltl.
631 3674 677 3733 De
715 3671 865 3742 nrotibns;
904 3670 1076 3730 demonstro
1107 3667 1265 3746 Copernici
1304 3669 1473 3732 doctrinam
1513 3672 1636 3735 occulte
1675 3670 1705 3731 iu

338 3762 473 3824 Euclidis
489 3759 607 3838 Opticis
623 3761 741 3821 inesse:
768 3760 963 3819 fundamenta
982 3757 1180 3818 ostenduntur
1199 3758 1516 3838 prosthaphaereseon
1533 3763 1707 3840 opticarnrn

339 3859 371 3911 et
394 3850 548 3912 distinctio
572 3869 591 3909 a
614 3849 758 3929 physicis.

433 3936 509 4020 Cap.
539 3935 587 3998 ll.
625 3937 821 3999 Problemata
836 3933 1015 3995 observandi
1036 3933 1164 4010 eclipses
1179 3952 1217 3994 ex
1242 3933 1445 3996 fundamentis
1461 3937 1573 4017 positis
1587 3937 1630 3999 ad
1645 3935 1709 4010 303

342 4027 391 4088 nbi
416 4026 555 4103 encrnpla
578 4026 733 4105 eclipsinm
758 4032 790 4084 et
813 4021 1030 4083 demonstratio
1054 4022 1127 4099 ejus,
1153 4022 1229 4100 qnod
1259 4030 1321 4083 tam
1346 4023 1396 4085 diu
1420 4044 1467 4086 me
1491 4033 1647 4102 torserat,
1671 4027 1710 4089 de

340 4115 511 4197 prodigioso
538 4115 705 4175 latitudinis
730 4113 860 4174 risibilis
885 4111 995 4189 angulo
1019 4110 1047 4170 iu
1073 4109 1233 4188 eclipsibus
1257 4109 1349 4171 Solis.

428 4204 472 4266 Ut
495 4213 594 4264 autem
620 4204 724 4263 videas
748 4221 794 4262 me
827 4200 905 4261 serio
931 4218 1036 4277 agere,
1069 4208 1172 4278 typum
1206 4200 1369 4262 schematis
1393 4201 1432 4262 ad
1457 4220 1526 4283 cap.
1553 4201 1576 4266 5
1608 4203 1708 4284 perti·

340 4294 458 4365 uentis,
496 4292 544 4371 qui
572 4293 636 4370 jam
660 4293 698 4353 ad
723 4310 769 4352 me
804 4291 929 4350 affertur
953 4288 1007 4348 hoe
1040 4296 1206 4358 reuomente,
1240 4287 1320 4349 nolui
1355 4290 1478 4351 addere.
1535 4290 1639 4354 Erunt
1668 4292 1709 4354 ad

345 4377 406 4444 100
431 4383 557 4458 figurae,
596 4401 669 4459 quas
702 4378 827 4439 consilio
863 4376 1025 4456 peritorum
1054 4374 1102 4435 hio
1131 4375 1225 4454 sculpi
1259 4395 1329 4437 curo
1354 4377 1383 4438 iu
1415 4397 1484 4440 mea
1517 4379 1710 4459 praesentiri,

341 4469 506 4548 ubicunque
525 4468 588 4546 juni
613 4469 798 4546 imprimatur
823 4465 905 4538 liber,
932 4483 967 4524 eo
999 4463 1228 4524 transmissurus
1260 4484 1313 4542 pro
1338 4469 1591 4546 compensatione
1615 4469 1711 4532 sebe·

341 4568 454 4619 rnatum
478 4566 574 4637 typos.

433 4647 539 4706 Artem
576 4662 671 4703 nicam
706 4639 970 4723 aquaeductoriarn
1002 4640 1031 4700 J.
1065 4638 1194 4719 Byrgius
1227 4639 1415 4721 Landgrarii
1452 4654 1713 4728 automatopaeus

343 4735 457 4813 recepit
490 4732 693 4792 lubricnndam
722 4732 750 4791 iu
779 4728 911 4791 metallo.
960 4728 1065 4806 ltaque
1098 4728 1136 4786 D.
1163 4728 1320 4790 Welserns
1354 4750 1480 4811 operam
1513 4751 1603 4796 snam
1636 4735 1712 4798 mibi

344 4822 495 4901 pollicitus
518 4831 567 4881 est
591 4820 620 4880 iu
645 4820 777 4898 urgendo
802 4820 1000 4895 Augustano,
1026 4824 1059 4874 nt
1082 4824 1134 4875 ant
1158 4818 1236 4895 quod
1265 4820 1381 4898 recepit
1405 4821 1490 4884 brevi
1515 4821 1632 4886 efficiat
1657 4831 1713 4886 aut

345 4908 502 4987 pecuniam
525 4909 642 4970 reddat.

921 5005 975 5066 (u'n
993 5005 1123 5069 seqnitur.)
