3692 5842
753 491 897 558 couvi.
1439 491 1505 562 aaa

146 665 302 743 irnbuuut,
330 668 432 748 itaque
465 688 501 730 ne
526 668 627 732 Solem
658 671 775 750 quidem
805 670 934 732 calidum
958 670 1079 734 fatetur.
1127 670 1193 751 Ego
1218 671 1317 734 media
1339 672 1508 752 ingredi0r;

134 755 269 836 proprie
291 774 419 836 namque
443 776 500 818 non
525 768 573 820 est
596 759 725 821 siderum
758 761 807 821 vel
839 760 953 821 siccare
986 760 1033 820 vel
1066 760 1239 822 humectare
1267 762 1341 823 haec
1365 761 1509 824 inferiora

146 844 208 906 nisi
231 862 286 924 per
308 847 458 919 accidens,
482 857 659 928 antegresso
683 848 890 910 calefactionis
914 855 997 909 certo
1021 849 1126 927 gradu.
1173 849 1271 910 Multo
1296 851 1392 912 vuinus
1417 869 1454 912 ex
1473 870 1507 914 se

147 932 353 1012 frigefaciunt.
378 932 536 1005 Quatenus
560 956 630 998 vero
646 938 769 1017 quaevis
784 937 975 1011 calefaciunt,
992 944 1118 998 eatenus
1139 948 1169 999 et
1183 939 1252 1017 ipsa
1269 940 1378 1014 calida,
1404 937 1509 1002 Solem

146 1038 220 1082 vero
244 1022 496 1085 ferventissimum
521 1045 640 1087 assero:
666 1026 743 1087 unde
768 1026 885 1105 quidem
909 1045 947 1086 er
971 1025 1168 1107 qualitatibus
1192 1028 1272 1105 apud
1297 1048 1343 1088 me
1360 1030 1444 1090 nulla
1460 1037 1509 1091 est

146 1109 304 1190 aignonrm
329 1112 494 1174 distinctio.
1220 1176 1224 1186 ,

238 1196 301 1261 Sed
325 1219 415 1281 quare
435 1220 492 1261 non
517 1201 577 1262 tria
591 1202 741 1281 contigua,
767 1200 897 1276 Gemini,
919 1200 1045 1276 Cancer,
1071 1202 1135 1264 Leo
1158 1202 1257 1281 ignea,
1282 1204 1352 1284 quia
1371 1205 1506 1279 aestiva;

149 1289 340 1351 autumnalia
362 1307 432 1350 vero
456 1299 570 1363 terrea;
601 1290 728 1351 hiberna
751 1310 864 1371 aquea;
889 1309 983 1351 verna
1007 1291 1110 1352 adria?

240 1375 343 1440 Causa
365 1397 418 1438 cur
446 1378 502 1440 hoc
526 1379 670 1440 omissum
703 1380 815 1457 pendet
845 1399 882 1440 er
914 1387 1037 1457 recepto
1070 1379 1226 1441 divisionis
1251 1399 1382 1441 numero.
1431 1379 1507 1444 Cum

146 1466 227 1529 eninr
250 1476 355 1545 partes
377 1466 493 1527 zodiaci
518 1467 662 1529 fecissent
689 1466 737 1541 12,
762 1486 948 1548 consequens
972 1479 1039 1528 erat
1061 1475 1095 1529 ut
1127 1467 1215 1529 binae
1246 1469 1406 1548 contiguae
1432 1489 1506 1532 con-

146 1555 253 1618 trariis
276 1555 473 1635 qualitatibus
498 1556 713 1629 dividerentur,
736 1556 792 1617 nisi
816 1558 930 1618 vellent
953 1575 1006 1635 pro
1031 1576 1090 1617 una
1113 1565 1200 1634 parte
1223 1557 1336 1630 haberi,
1366 1576 1440 1637 quas
1465 1559 1508 1620 illi

145 1661 261 1724 magna
282 1645 347 1705 scil.
368 1662 435 1704 cum
458 1646 574 1705 ratione
598 1646 706 1707 intres
723 1646 898 1707 diviserant.
947 1644 1009 1707 Cur
1030 1664 1100 1724 ergo
1116 1645 1235 1725 singula
1253 1646 1341 1724 signa
1359 1647 1405 1707 his
1429 1665 1506 1726 qua-

145 1731 289 1794 litatibus
313 1733 435 1806 tributa,
461 1750 536 1812 quas
560 1734 672 1796 habent
687 1736 765 1813 apud
782 1735 965 1810 astrologos,
989 1752 1047 1794 non
1071 1733 1252 1795 contrariis?
1290 1732 1409 1796 Causae
1429 1737 1505 1797 duaa

145 1821 354 1895 adducuntur;
377 1821 474 1900 prima
497 1841 535 1882 ex
559 1822 720 1902 imaginum
744 1832 870 1884 natura:
900 1821 1017 1885 Cancer
1040 1822 1117 1883 enirn
1141 1832 1173 1883 et
1196 1822 1322 1901 Scorpio
1347 1831 1379 1885 et
1401 1823 1507 1885 Pisces

146 1909 291 1991 aquatica
314 1921 385 1970 sunt
415 1911 576 1983 animalia;
610 1912 697 1989 signa
727 1910 827 1991 itaque
859 1911 935 1972 haec
968 1929 1065 1990 aquea
1097 1919 1168 1973 sunt
1199 1911 1314 1973 habita.
1362 1911 1506 1973 Vicissim

145 1997 254 2072 Aries,
278 1998 358 2069 Leo,
391 1996 578 2076 Sagittarius
602 2000 768 2079 (posterius
801 2001 909 2080 equus)
942 1999 1085 2060 animalia
1118 2008 1188 2060 sunt
1219 2009 1346 2060 naturae
1379 1999 1506 2079 igneae;

144 2105 239 2167 quare
263 2095 295 2148 et
318 2086 395 2148 haec
417 2088 508 2167 signa
530 2089 629 2166 ignea.
677 2089 727 2148 Ita
750 2107 817 2148 cunr
841 2088 914 2149 haec
939 2088 1013 2159 tria,
1038 2096 1101 2149 tum
1124 2088 1214 2149 etiam
1240 2086 1372 2161 Gemini,
1395 2089 1504 2168 Aqua-

142 2174 227 2247 rius,
260 2176 397 2237 mascula
420 2185 492 2237 sunt
514 2176 626 2255 effigie,
658 2177 789 2237 maribus
814 2194 884 2236 vero
915 2176 1064 2254 copiosior
1087 2176 1177 2250 calor,
1203 2195 1294 2255 quare
1318 2185 1351 2236 et
1374 2175 1504 2251 Gemini,

142 2263 250 2338 Libra,
276 2263 427 2344 Aquarius
451 2266 551 2326 calore
574 2266 767 2344 participant.
813 2265 881 2326 Non
906 2274 1077 2325 esttamen
1100 2265 1278 2326 universalis
1302 2265 1377 2325 haec
1396 2283 1504 2327 causa:
1528 2315 1531 2322 .

141 2371 215 2414 nam
239 2370 294 2414 cur
315 2372 373 2414 non
398 2353 534 2413 humidus
558 2353 721 2433 Aquarius,
746 2354 853 2432 igneus
877 2353 993 2415 Taurus
1017 2362 1049 2414 et
1064 2351 1201 2415 Cancer?
1245 2354 1288 2415 Et
1311 2372 1363 2414 cur
1377 2354 1504 2429 Taurus,

141 2438 348 2522 Capricornus
372 2441 516 2503 feminina
539 2441 648 2521 signa?
694 2443 782 2504 Adde
814 2441 892 2521 quod
923 2442 1128 2504 discesserunt
1160 2460 1197 2503 ex
1220 2443 1316 2522 signis
1339 2442 1402 2503 sois
1426 2443 1505 2505 ima·

143 2527 250 2612 gines:
274 2538 450 2592 manserunt
473 2540 574 2591 tamen
599 2531 762 2610 qualitates
786 2532 978 2610 exipsorum
1003 2531 1152 2609 dogmate.

229 2619 400 2682 Audiamus
423 2618 526 2699 itaque
550 2618 792 2682 Albumasarem.
839 2619 970 2680 Primum
993 2619 1044 2680 ille
1068 2619 1135 2680 huic
1159 2618 1237 2680 inter
1260 2619 1412 2679 elementa
1436 2617 1502 2680 dis-

140 2705 300 2770 tributioni
324 2707 549 2769 fundamentum
572 2708 658 2787 ponit
680 2708 776 2769 minus
799 2707 856 2767 fide
881 2706 1017 2785 dignum:
1046 2706 1271 2786 bipertitionem
1294 2707 1448 2786 signorum
1471 2708 1500 2769 in

140 2795 310 2857 masculina
333 2803 365 2857 et
388 2795 541 2857 feminina.
589 2793 691 2866 Quare
720 2805 790 2857 sunt
817 2794 944 2857 alteruis
972 2796 1137 2856 masculina
1164 2805 1197 2856 et
1227 2795 1386 2868 feminina,
1417 2795 1502 2857 initio

141 2886 224 2946 facto
253 2883 292 2945 ab
316 2883 442 2946 Ariete?
487 2884 606 2945 Placuit
629 2903 733 2963 nempe
765 2885 953 2959 auctoribus,
985 2893 1018 2946 ut
1043 2883 1236 2946 Ptolemaeus
1261 2885 1320 2956 ait,
1346 2883 1504 2945 occasione

140 2980 308 3054 perpetuae
331 2972 542 3035 alternationis
566 2974 644 3035 inter
667 2973 747 3034 diem
771 2982 802 3034 et
825 2983 954 3046 noctem,
979 2982 1012 3034 ut
1035 2971 1132 3052 signa,
1157 2991 1233 3052 quae
1249 2981 1336 3034 erant
1356 2972 1422 3051 pari
1445 2992 1503 3034 nn-

138 3079 225 3124 mero
251 3059 301 3137 12,
337 3060 366 3122 in
401 3056 421 3123 6
454 3061 704 3124 distribuerentur
726 3061 891 3136 connubia,
923 3061 1057 3143 marique
1081 3062 1261 3123 adhaereret
1293 3081 1348 3122 sua
1381 3060 1501 3124 femina

140 3151 258 3214 Forsan
281 3149 360 3211 enim
388 3148 429 3212 12
452 3169 510 3212 non
535 3150 720 3221 viderentur,
750 3149 807 3210 nisi
826 3169 899 3210 seru
923 3151 1067 3230 contigua
1091 3150 1353 3228 distinguerentur.
1391 3149 1502 3212 Ratio-

141 3258 209 3302 nem
234 3237 408 3300 solidiorem
432 3259 506 3301 sane
530 3238 643 3301 nullam
667 3235 794 3299 invenio.
842 3237 900 3298 Hic
924 3248 996 3300 sunt
1020 3258 1090 3317 ergo
1115 3239 1203 3318 signa
1222 3237 1261 3300 12
1278 3238 1404 3299 alternis
1420 3258 1503 3300 mas-

140 3328 219 3403 cula,
245 3325 390 3388 feminea:
415 3337 486 3389 sunt
509 3337 540 3389 et
564 3328 713 3388 elementa
735 3323 765 3399 l,
792 3346 867 3407 quae
892 3326 1011 3405 singula
1027 3326 1238 3387 distributione
1258 3345 1405 3406 exaequo
1422 3329 1506 3388 facta

140 3413 224 3480 trina
246 3414 305 3478 sibi
329 3416 418 3495 signa
441 3416 583 3477 vidicant.
629 3418 693 3477 Aut
712 3413 802 3493 igitur
824 3410 1003 3493 3contigua
1023 3415 1123 3476 calida
1145 3433 1230 3486 esse,
1254 3424 1322 3488 aut,
1353 3415 1424 3494 quia
1446 3416 1503 3476 hoc

141 3524 198 3567 uon
223 3511 327 3583 potest
350 3505 403 3578 (ne
428 3505 568 3584 contigua
583 3504 672 3582 signa
689 3506 821 3576 coeant),
848 3501 877 3563 iu
901 3503 1177 3582 compensationem
1201 3503 1293 3582 igitur
1317 3500 1336 3564 3
1358 3502 1387 3563 in
1409 3504 1504 3582 ligura

141 3593 294 3674 triangula
315 3611 370 3672 per
392 3594 547 3655 zodiacum
572 3593 691 3672 disponi
715 3590 856 3670 oportuit.
895 3590 972 3653 Cum
995 3592 1086 3671 igitur
1102 3591 1192 3652 Aries
1215 3591 1342 3669 primum
1361 3600 1393 3651 et
1406 3611 1499 3670 praa-

142 3681 259 3763 cipunm
291 3681 408 3744 zodiaci
441 3683 558 3761 signum
591 3682 645 3748 sit',
680 3691 711 3741 et
743 3681 820 3759 ignis
843 3679 1016 3759 primarium
1045 3680 1087 3741 sit
1119 3681 1315 3755 elementum,
1343 3681 1500 3760 praeditus

143 3771 257 3844 calore,
286 3787 362 3849 quae
387 3778 435 3832 est
459 3771 589 3851 qualitas
614 3769 714 3830 activa
737 3770 775 3829 ad
799 3767 893 3829 vitam
918 3768 1044 3847 ideoque
1078 3770 1262 3840 masculina,
1295 3769 1385 3830 Aries
1410 3768 1502 3847 igitur

144 3867 262 3922 etcum
287 3876 323 3920 eu
348 3858 565 3938 triangulantia
579 3859 642 3920 Leo
668 3867 698 3918 et
722 3857 909 3936 Sagittarius
934 3865 1005 3918 sunt
1028 3857 1124 3935 ignea.
1162 3858 1199 3918 In
1213 3857 1310 3937 primo
1331 3857 1499 3937 quadrante

144 3945 318 4028 principium
333 3947 434 4021 Aries,
461 3947 489 4008 in
514 3947 644 4008 secundo
669 3947 797 4007 medinm
811 3947 884 4019 Leo,
911 3945 941 4006 in
967 3945 1055 4007 tertio
1080 3945 1146 4007 finis
1162 3944 1359 4026 Sagittarius.
1399 3943 1501 4016 Quar-

146 4045 189 4098 tus
213 4036 366 4118 quadrans
391 4035 528 4097 hiemalis
553 4045 635 4097 caret
660 4035 746 4112 signo
772 4036 868 4113 igneo.

228 4123 292 4188 Sed
316 4143 368 4185 cur
392 4125 451 4186 tria
475 4124 668 4185 succedentia
682 4124 807 4198 Taurus,
825 4124 929 4200 Virgo,
948 4121 1149 4203 Capricornus
1169 4132 1269 4184 terrea
1287 4122 1388 4202 potius
1412 4141 1501 4202 quarn

151 4219 245 4289 aerea,
280 4232 346 4276 cum
376 4220 428 4275 aer
452 4213 622 4273 ivnrnediate
647 4212 791 4273 succedat
815 4212 895 4291 igni?
929 4231 1051 4273 causam
1085 4212 1178 4272 refert
1201 4211 1384 4273 Albumasar
1407 4211 1501 4272 hanc:

151 4303 234 4366 calori
259 4301 379 4382 quidem
402 4301 553 4363 actionem
577 4321 643 4362 esse
669 4300 854 4376 vivificandi,
889 4301 993 4380 frigori
1024 4319 1094 4361 vero
1125 4299 1230 4382 itidem
1254 4300 1419 4368 actionem,
1448 4299 1503 4360 aed

99 4415 101 4420 ·
154 4390 342 4454 norlillcaudi
366 4398 398 4452 et
421 4391 641 4470 corrumpendi.
684 4388 810 4451 Omnem
834 4409 903 4451 vero
928 4389 1060 4451 activam
1085 4388 1261 4469 qualitatem
1285 4389 1411 4468 passiva
1434 4407 1502 4450 esse

154 4479 333 4544 nobiliorem:
354 4478 457 4559 itaque
482 4480 592 4554 Tauro,
617 4478 665 4559 qui
689 4480 823 4558 proxime
847 4479 983 4558 sequitur
997 4478 1144 4550 Arietem,
1169 4477 1300 4539 activam
1323 4477 1502 4557 qualitatem

157 4566 268 4632 alteram
293 4567 456 4648 obtigisse,
490 4568 585 4646 frigus
615 4586 720 4645 nempe
744 4579 776 4628 et
804 4568 882 4628 inter
906 4567 1056 4628 elementa
1078 4575 1208 4637 terram,
1241 4566 1362 4645 frigoris
1386 4566 1498 4626 sedem.

95 4661 103 4680 '
158 4651 245 4738 ltaque
270 4676 348 4739 quae
371 4656 525 4737 proportio
551 4665 599 4717 est
623 4656 704 4717 vitae
729 4656 767 4716 ad
791 4665 928 4730 mortem,
952 4656 1011 4717 diei
1028 4657 1067 4716 ad
1086 4665 1215 4727 noctem,
1240 4655 1331 4716 maris
1356 4655 1393 4715 ad
1410 4654 1498 4716 ferni-

158 4757 220 4822 Νι,
241 4747 318 4810 baec
342 4763 459 4827 quoque
482 4744 640 4806 videbatur
664 4744 773 4805 caloris
797 4745 836 4805 ad
860 4743 965 4823 frigus.
1012 4745 1090 4805 Nam
1105 4752 1138 4804 et
1157 4743 1269 4805 femina
1285 4743 1315 4805 in
1335 4741 1499 4822 generandi

159 4839 214 4896 aa
232 4834 347 4918 aliquid
370 4834 436 4914 agit
459 4833 627 4924 (juvandus.
647 4833 724 4893 enim
747 4840 796 4894 est
814 4833 999 4894 Albumasar
1021 4834 1130 4895 misere
1155 4833 1314 4907 laborans)
1337 4851 1394 4893 nec
1416 4850 1497 4894 mere

88 4939 93 4972 v
159 4921 259 4996 Mira
282 4943 316 4986 aa
340 4923 444 4986 habet.
531 4996 535 5008 Ι

88 5043 92 5052 ·
228 5011 314 5076 Dixit
335 5012 534 5080 Albumasar.
564 5027 616 5070 cur
640 5008 726 5088 igneo
750 5009 836 5088 signo
865 5018 990 5072 censeat
1013 5010 1134 5075 succedi
1158 5017 1312 5091 urpurtere
1336 5029 1355 5072 a
1379 5007 1498 5089 frigido.
