3692 5842
824 479 906 546 cmc
921 480 965 532 ¹1·
1511 477 1572 547 381

307 658 392 740 Ergo
421 658 529 722 minori
562 658 722 721 latitudine
744 659 804 723 EA
826 680 845 720 a
867 658 975 742 majori
997 656 1054 722 Dc
1086 658 1209 733 ablata,
1244 659 1268 721 si
1300 658 1412 722 luerint
1443 660 1577 740 ejusdem

224 750 337 829 plagae,
362 748 469 811 addita
491 748 517 809 si
541 747 734 825 diversamm,
754 748 913 810 habebitur
931 746 986 810 ΒΟ
1004 749 1094 810 latus.
1132 746 1192 808 Sed
1211 747 1267 809 BA
1291 756 1322 810 et
1337 748 1393 809 DE
1418 751 1573 831 aequales,

224 846 251 901 at
271 838 331 899 DE
354 837 543 918 componitur
561 855 600 896 ex
616 837 670 899 EF
689 837 908 917 praecessione,
929 838 984 899 FD
1007 836 1197 916 superatione
1221 836 1335 899 Lunae.
1373 838 1463 900 Datis
1487 839 1577 918 igitur

224 927 367 989 lateribus
390 927 473 988 circa
495 933 610 987 rectum
634 944 692 987 non
716 926 905 1005 ignorabitur
929 927 1055 1003 angulus
1076 922 1170 987 Bac.
1209 925 1243 987 In
1267 926 1371 1006 eclipsi
1394 927 1485 1005 igitur
1508 926 1578 988 anni

225 1010 318 1080 1598.
343 1015 430 1076 initio
455 1013 513 1076 fuit
534 1014 664 1076 latitudo
687 1015 792 1077 Lunae
816 1016 960 1077 australis
982 1014 1011 1076 l‘
1030 1013 1103 1088 5711,
1128 1013 1216 1075 Luna
1240 1021 1311 1076 ante
1331 1014 1432 1077 Solem
1452 1012 1506 1078 29¹
1522 1014 1576 1077 31‘.

224 1105 254 1166 lo
277 1104 337 1165 fine
362 1103 489 1165 latitudo
510 1103 561 1164 nel
587 1100 638 1167 17¹
661 1101 704 1167 6¹⁴
725 1105 775 1166 vel
801 1101 852 1168 19‘
876 1102 950 1176 21¹¹,
976 1112 1008 1164 et
1029 1103 1117 1164 Luna
1139 1104 1219 1164 ultra
1242 1100 1345 1165 Solem
1368 1104 1418 1165 vel
1442 1101 1495 1166 26‘
1510 1097 1576 1166 40:

224 1194 269 1256 rel
293 1189 348 1255 25⁴
371 1189 424 1255 4⁴:
473 1190 573 1261 Quare
597 1191 653 1253 AB
678 1189 733 1255 54¹
756 1200 788 1254 et
810 1190 864 1255 BC
887 1190 942 1255 20¹
965 1192 1109 1270 proxime,
1135 1199 1167 1251 et
1189 1190 1274 1253 BAO
1297 1191 1418 1253 circiter
1441 1189 1510 1254 21⁰.

308 1282 345 1342 In
370 1282 466 1342 altero
490 1282 625 1359 exemplo
649 1281 812 1343 clementer
835 1300 971 1360 agemus,
997 1300 1054 1342 non
1078 1280 1174 1341 secuti
1205 1289 1377 1359 suspectam
1406 1281 1473 1342 finis
1502 1280 1577 1341 visi-

224 1370 314 1433 bilem
338 1368 541 1442 latitudinem,
567 1370 665 1448 qualis
688 1389 726 1432 ex
749 1371 884 1449 exemplo
909 1369 1043 1432 elicitur:
1068 1369 1121 1431 sed
1144 1369 1241 1443 illam,
1268 1388 1343 1449 qnae
1368 1388 1406 1430 ex
1428 1386 1578 1449 praesup-

224 1459 326 1539 posita
359 1457 516 1519 latitudine
544 1458 631 1536 justa
663 1459 855 1538 sequebatur.
911 1457 987 1521 Cum
1019 1476 1090 1536 ergo
1122 1457 1210 1519 Luna
1240 1467 1322 1519 esset
1355 1457 1386 1519 7⁴
1413 1456 1474 1519 lot
1509 1467 1579 1518 aute

224 1548 344 1622 Solem,
378 1547 507 1608 latitudo
530 1547 597 1607 visa
621 1548 679 1608 luit
705 1544 756 1610 131
780 1545 823 1611 3“
847 1546 1000 1609 australis.
1047 1548 1081 1608 In
1105 1547 1163 1607 fine
1196 1547 1432 1625 computavimus
1467 1545 1579 1608 distare

224 1638 302 1698 ultra
325 1634 428 1697 Solem
452 1634 592 1695 debuisse
617 1633 671 1699 29‘
694 1632 759 1699 42⁰
783 1655 849 1697 cnm
878 1635 1131 1720 latitudineyisa
1154 1630 1187 1697 θ’
1211 1632 1287 1697 W.
1335 1635 1500 1697 Subtracta
1523 1636 1579 1695 bac

224 1726 259 1787 ab
283 1725 339 1786 illa
361 1723 462 1804 prodit
485 1719 516 1785 θ’
540 1719 614 1798 28”,
640 1726 718 1804 quod
737 1726 801 1804 jam
824 1726 880 1787 erit
905 1726 984 1786 latus
1009 1721 1071 1785 ΒΟ.
1121 1723 1252 1783 Additae
1276 1742 1347 1784 vero
1378 1724 1580 1803 longitudines

224 1813 411 1877 constituunt
434 1813 489 1873 BA
515 1808 568 1874 36¹
592 1808 668 1886 w,
692 1815 818 1893 angulus
841 1832 914 1893 ergo
937 1810 1022 1875 BAC
1049 1806 1107 1874 10⁰
1130 1812 1257 1875 circiter.
1301 1814 1385 1874 Infra
1408 1813 1503 1892 probl.
1526 1808 1578 1875 3l.

224 1902 314 1965 mium
340 1913 372 1963 ct
394 1901 602 1963 mechanicum
625 1904 744 1964 modum
768 1902 845 1964 vide.

312 1987 388 2053 Cum
411 1997 513 2051 autem
535 2010 625 2052 verae
649 1992 816 2053 latitudinis
840 1991 967 2071 angulus
986 1989 1027 2051 sit
1047 2008 1104 2050 non
1129 1987 1226 2067 major
1241 1983 1288 2062 5⁰,
1310 1989 1369 2051 dici
1390 2007 1448 2050 non
1468 1994 1579 2067 potest,

224 2082 251 2144 in
277 2088 392 2161 quanta
415 2078 588 2141 confusione
612 2081 753 2160 quamdin
775 2081 939 2155 haeserim,
963 2080 1137 2141 Ptolemaeo
1162 2086 1194 2138 et
1215 2075 1385 2139 Reinholdo
1409 2077 1481 2139 mihi
1504 2076 1580 2138 ridi-

224 2170 324 2234 culum
348 2167 560 2230 exhibentibus
583 2170 745 2249 negotium.
782 2170 861 2233 Nam
881 2170 939 2231 etsi
954 2168 1134 2230 Maestlinus
1157 2186 1203 2228 me
1222 2186 1277 2245 per
1299 2167 1404 2228 literas
1428 2165 1583 2228 admonuit

224 2260 259 2321 de
285 2257 503 2339 parallaxibus‚
525 2276 599 2336 quae
622 2259 678 2320 hoc
697 2259 846 2319 efficiant:
871 2257 942 2319 mihi
966 2266 1066 2318 tamen
1092 2256 1129 2316 ob
1153 2255 1255 2317 oculos
1279 2256 1456 2317 versabatur
1476 2255 1581 2316 Ptole-

224 2347 302 2411 maei
332 2347 505 2418 methodus,
530 2347 758 2409 Prutenicarum
789 2356 951 2427 praecepta
976 2343 1027 2419 63,
1053 2342 1104 2418 dd,
1131 2341 1181 2418 65,
1206 2344 1323 2423 Magini
1346 2345 1500 2422 exempla,
1534 2343 1583 2422 qui

224 2456 330 2499 omnes
354 2436 527 2514 parallaxes
558 2436 642 2514 prins
675 2445 825 2509 tractant,
859 2444 967 2516 postea
996 2434 1113 2495 demum
1138 2435 1176 2494 ad
1200 2433 1341 2511 angulum
1365 2433 1442 2493 bunc
1467 2450 1519 2491 seu
1543 2430 1583 2490 ad

224 2526 374 2589 initialem
399 2525 576 2603 finalemque
605 2524 793 2586 latitudinem
816 2526 911 2585 visam
941 2523 1188 2603 progrediuntur:
1224 2540 1347 2600 eamque
1372 2522 1410 2582 ab
1435 2519 1518 2581 initio
1544 2518 1583 2579 ad

225 2618 316 2677 finem
337 2612 535 2674 maximamm
555 2614 710 2692 eclipsium
730 2633 799 2675 raro
813 2615 893 2675 ultra
908 2609 939 2675 6¹
962 2613 1091 2673 variant.
1130 2610 1326 2672 Accedebant
1342 2620 1373 2671 et
1388 2616 1582 2687 argumenta:

225 2705 250 2765 si
275 2704 466 2783 negligerent
488 2712 627 2764 auctores
651 2704 835 2781 parallaxes,
860 2701 1006 2781 quomodo
1029 2700 1115 2762 initia
1134 2708 1166 2760 et
1184 2700 1258 2760 fines
1282 2699 1435 2778 eclipsium
1459 2704 1585 2777 possent

225 2802 310 2854 certo
343 2791 494 2870 prodere?
535 2792 599 2852 Imo
630 2793 777 2872 quomodo
801 2792 993 2852 Ptolemaeus
1025 2788 1234 2850 inclinationes
1266 2789 1334 2849 hinc
1366 2795 1503 2849 extruere
1527 2785 1584 2846 rite

225 2888 352 2963 posset:
378 2880 483 2960 quibus
506 2881 556 2940 ille
581 2881 608 2941 in
633 2881 925 2959 praesignificatione
949 2886 1107 2940 eventuum
1132 2876 1289 2957 plurimum
1304 2876 1415 2951 tribuit,
1441 2877 1526 2948 adeo,
1552 2883 1586 2934 ut

227 2990 303 3053 quas
327 2970 357 3030 in
381 2969 488 3048 plagas
513 2978 662 3046 spectant,
687 2971 755 3031 illas
778 2970 916 3048 regiones
941 2968 1051 3047 signari
1076 2967 1228 3028 affirmet?

317 3060 424 3136 ltaque
458 3057 623 3118 diutissime
649 3060 677 3119 in
704 3078 829 3120 erronea
853 3060 908 3119 hac
942 3057 1079 3138 opinione
1112 3055 1169 3129 lui,
1204 3054 1369 3115 mirabilem
1402 3053 1532 3133 aliquam
1555 3052 1586 3112 iu

226 3149 333 3209 Lunae
358 3155 439 3207 motu
464 3146 709 3226 inaequalitatem
731 3149 833 3219 latere,
860 3167 916 3208 non
938 3146 1177 3207 animadversam
1194 3144 1231 3205 ab
1256 3143 1437 3217 auctoribus
1463 3159 1586 3221 eamque

227 3237 387 3317 praecipue
412 3236 491 3295 circa
515 3236 644 3315 eclipses
668 3256 734 3297 sese
759 3237 939 3298 ostendere:
965 3235 1082 3315 quando
1107 3234 1193 3294 Lnna
1216 3232 1328 3293 transit
1351 3231 1531 3310 eclipticam.

316 3326 462 3403 Adeoque
487 3343 596 3402 operae
629 3326 754 3403 pretium
786 3344 853 3387 esse
882 3324 1002 3404 putari,
1037 3341 1156 3384 rnonere
1181 3331 1212 3382 et
1236 3322 1330 3395 alica,
1362 3320 1388 3381 si
1411 3319 1461 3400 qui
1484 3320 1587 3380 forsan

228 3414 283 3476 hoc
307 3414 437 3497 pelagos
459 3413 654 3491 navigabunt,
678 3424 711 3474 ut
735 3415 772 3474 ab
797 3415 852 3475 hoc
876 3414 998 3492 scopulo
1023 3420 1160 3473 caveant.

318 3501 446 3565 Notabit
469 3502 561 3581 igitur
584 3502 751 3582 hujusmodi
776 3503 898 3582 aliquis,
924 3503 1018 3581 primo
1042 3501 1249 3562 Ptolemaeum
1280 3497 1330 3559 lib.
1358 3497 1413 3557 VI.
1438 3493 1588 3575 capitibus

229 3592 344 3655 ultimis
368 3599 471 3670 aperte
496 3591 613 3664 testari,
638 3611 671 3652 se
686 3592 904 3671 praecisionem
929 3610 1074 3651 summam
1090 3590 1146 3651 hoc
1165 3586 1285 3665 negotio
1301 3605 1360 3646 non
1379 3591 1587 3663 aequaturum:

229 3701 321 3763 quare
357 3681 449 3741 etiam
484 3678 693 3742 inclinationes
723 3682 779 3742 has
812 3689 967 3741 ventorum
999 3680 1099 3758 plagis
1132 3695 1192 3738 non
1230 3674 1404 3754 exquisitius
1437 3671 1587 3732 notandas

229 3770 357 3834 censuit.
404 3768 592 3830 Reinholdus
618 3790 701 3842 nero,
726 3790 812 3850 quem
837 3770 978 3848 Maginus
1002 3777 1123 3831 secutus
1147 3772 1208 3839 est,
1234 3783 1292 3825 non
1316 3763 1384 3823 ideo
1408 3762 1490 3822 visas
1515 3758 1588 3821 lati-

229 3861 351 3923 tudines
381 3859 486 3920 Lunae
520 3859 559 3918 ad
598 3859 715 3920 initium
745 3869 776 3920 et
813 3860 900 3920 finem
940 3858 1057 3937 prodit,
1098 3855 1168 3935 quia
1199 3854 1283 3914 visas
1321 3851 1473 3932 appellat:
1512 3848 1589 3928 qnod

230 3950 393 4029 diligenter
416 3956 498 4007 nota.
545 3948 624 4009 Nam
658 3949 796 4028 exempla
828 3949 983 4026 eclipsinm
1007 3954 1038 4007 et
1067 3946 1165 4005 verior
1197 3941 1354 4002 methodus
1389 3938 1590 4020 computandi,

229 4040 327 4119 probl.
353 4035 405 4099 25.
431 4037 602 4115 proposita,
629 4046 660 4098 et
683 4038 748 4117 ipse
771 4037 938 4098 Ptolemaei
962 4036 1114 4096 discursus
1143 4050 1233 4112 super
1261 4030 1425 4092 variatione
1454 4027 1590 4108 paralla-

229 4129 309 4189 xinm
326 4126 502 4188 reclamant.
541 4126 687 4187 Tabulam
712 4125 880 4187 latitudinis
895 4126 999 4186 Lunae
1016 4123 1201 4184 Reinholdus
1225 4120 1391 4198 ingreditur
1404 4137 1459 4197 per
1479 4129 1592 4177 motum
1651 4197 1657 4204 ¹

231 4219 355 4290 Lunae,
390 4221 611 4294 competentem
642 4216 788 4294 scrupulis
814 4224 845 4275 et
868 4214 1003 4275 articulis
1037 4212 1216 4273 incidentiae
1241 4216 1272 4269 et
1295 4206 1488 4270 emersionis:
1522 4205 1592 4277 inde
1648 4219 1657 4232 ¹

230 4308 365 4368 affirmat
388 4324 421 4364 se
445 4304 528 4365 visas
553 4305 663 4365 referre
688 4305 875 4365 latitudines.
914 4304 1034 4365 Atilia
1058 4300 1226 4362 latitudinis
1250 4299 1354 4360 tabula
1378 4314 1416 4357 ex
1439 4291 1592 4356 constanti

231 4397 342 4475 angulo
367 4391 406 4456 5⁰
429 4401 477 4454 est
502 4402 650 4453 extructa.
697 4392 863 4472 oporteret
895 4392 988 4471 igitur
1012 4389 1180 4451 latitudinis
1210 4387 1379 4468 parallaxin
1404 4406 1423 4446 a
1445 4380 1592 4464 principio

231 4486 382 4546 adfinem
407 4482 481 4543 nihil
512 4481 640 4553 variari,
674 4481 698 4541 si
724 4502 792 4542 vere
821 4482 941 4561 excerpi
975 4488 1100 4559 possent
1129 4480 1213 4539 visae
1245 4476 1419 4537 latitudines
1452 4469 1593 4535 methodo

1599 3035 1628 3082 Ι

229 4572 404 4636 Reinholdi.
452 4572 496 4632 At
523 4570 715 4631 Ptolemaeus
746 4571 809 4649 ipse
843 4572 974 4632 affirmat
1002 4579 1032 4630 et
1065 4568 1186 4629 tabulae
1219 4574 1390 4638 testantur,
1426 4558 1594 4625 latitudinis

230 4663 407 4744 parallaxes
431 4680 489 4721 non
514 4658 705 4721 mediocriter
728 4660 767 4721 ad
791 4660 890 4720 omnia
914 4669 1066 4720 morirenta
1088 4655 1206 4718 mutari.
1245 4655 1313 4715 Non
1337 4661 1386 4714 est
1410 4671 1480 4731 ergo
1504 4650 1593 4729 plane

230 4752 298 4814 visa
324 4750 467 4823 latitudo,
502 4749 554 4809 sed
585 4749 671 4827 quasi
694 4748 775 4823 visa,
810 4767 886 4827 quae
909 4767 964 4828 per
994 4754 1186 4827 praeceptum
1211 4740 1263 4805 64.
1289 4742 1467 4821 excerpitur.
1517 4741 1594 4800 Nam

231 4842 395 4903 adhibetur
418 4838 536 4918 quidem
566 4838 733 4916 parallaxis
762 4837 949 4915 latitudiuis3
979 4846 1011 4898 at
1034 4857 1072 4897 ea
1095 4853 1152 4896 non
1182 4832 1303 4913 propria
1326 4832 1379 4892 sed
1407 4828 1596 4891 translatitia

232 4950 271 4991 ex
294 4928 394 4991 medio
419 4927 458 4987 ad
483 4927 677 5006 deliquiorum
703 4926 866 4988 terminos:
900 4945 956 4985 nec
980 4926 1102 4987 schema
1134 4924 1283 5003 eclipseos
1314 4918 1475 4981 secundnm
1504 4935 1593 4996 prae-

232 5029 352 5099 ceptum
378 5014 430 5080 65.
456 5015 682 5077 Prutenicarum
714 5035 816 5077 verum
850 5014 1007 5090 extruitur,
1040 5015 1094 5076 sed
1117 5032 1210 5094 prope
1234 5029 1347 5072 verum.
1395 5007 1595 5088 Utplurimum
