3692 5842
719 482 802 596 Noae*
819 489 935 541 aurare.
1318 513 1320 526 ι
1439 488 1506 556 829

151 666 286 729 vitreos
305 666 422 722 multum
441 667 513 722 enim
534 668 670 724 dissimilis
696 677 758 728 erat
778 669 994 740 Neapolitanae.
1036 669 1209 726 Flaudricam
1237 669 1374 738 depictam
1400 671 1506 726 ridebis

153 748 179 803 iu
202 745 307 815 Opiicis
328 749 379 802 sub
399 765 520 819 persona
539 752 558 804 J
564 750 711 814 essenii,
734 750 830 805 addita
849 768 912 805 mea
932 750 1134 819 explicatione,
1161 768 1242 821 quem
1261 751 1352 804 locum
1371 752 1425 821 ipsi
1446 770 1508 808 cum

152 826 308 906 gratimum
338 829 448 883 actione
477 830 652 887 monstrabis.
665 873 671 887 .
684 871 711 885 ..
748 831 905 885 Stanislaus
937 832 990 894 ait,
1020 831 1109 885 risum
1137 830 1250 885 limbum
1276 830 1348 885 Solis
1377 833 1426 902 1¹1,
1450 832 1507 904 dig.

148 909 290 990 juxtaque
311 908 423 966 limbum
442 910 538 964 Lunae
558 911 725 966 albicantem
750 915 778 982 ¹i,
803 912 861 984 dig.
884 918 914 966 et
940 911 1075 983 reliquum
1100 928 1199 981 eorpus
1228 912 1342 966 ιἰιιοιιιιι.
1384 917 1423 966 Δι
1444 913 1511 984 quia

152 989 233 1046 nulia
260 997 421 1054 causaest,
451 1007 499 1044 cur
519 991 618 1046 limbus
645 992 693 1046 ille
713 992 809 1046 Lunae
832 990 865 1057 (a
884 992 949 1048 Sole
975 1008 1090 1066 stersus
1110 1000 1141 1046 et
1161 993 1196 1046 ad
1217 1008 1267 1045 uos
1293 1008 1428 1047 unacum
1449 1000 1510 1050 toto

153 1069 260 1140 reliquo
280 1068 357 1150 finaeo
378 1070 582 1139 hemisphaerio
596 1067 759 1140 conversus)
780 1072 945 1128 albicaverit
958 1088 1025 1141 prae
1047 1073 1152 1143 reliquo
1173 1071 1395 1142 hemisphaerio,
1418 1073 1509 1128 diceu-

153 1154 218 1206 dum
236 1149 347 1219 itaque,
369 1151 526 1205 albedinem
550 1152 629 1206 iliam
648 1151 719 1207 nihil
740 1153 816 1208 aliud
841 1154 943 1216 luisse,
970 1169 1051 1222 opiam
1077 1153 1268 1212 dilatationem
1294 1168 1373 1207 arcus
1395 1154 1510 1218 Solaria,

154 1233 317 1301 impressam
347 1231 457 1284 tunicae
488 1232 620 1295 visoriae,
652 1234 793 1288 confusam
819 1251 878 1294 cum
908 1233 1000 1302 specie
1031 1233 1151 1302 corporis
1179 1233 1287 1288 Lunae.
1326 1239 1396 1304 (Opt.
1419 1241 1451 1299 V,
1471 1239 1510 1304 5.)

154 1314 225 1368 Nam
246 1318 388 1381 spectator
408 1329 541 1367 converso
561 1321 663 1367 exortu
683 1314 843 1378 retiformis,
872 1331 925 1385 quo
947 1314 1006 1366 solo
1027 1315 1058 1367 fit
1079 1314 1183 1368 directa
1204 1313 1282 1377 visio,
1305 1315 1339 1367 ad
1361 1314 1519 1370 sectionem·

154 1396 253 1449 Lunae
274 1403 304 1445 et
323 1392 404 1456 Solis,
427 1409 482 1445 nou
502 1399 598 1462 potest
626 1394 774 1464 prohibere
796 1395 859 1465 quin
881 1403 911 1447 et
931 1394 1002 1448 Salis
1024 1411 1123 1456 cornu,
1153 1397 1225 1468 quod
1246 1394 1382 1449 lateribus
1403 1396 1512 1451 retinas

155 1472 247 1541 excipi
268 1472 406 1535 debebat,
436 1473 525 1542 ipsum
545 1473 629 1527 etiam
659 1481 787 1528 exortum
813 1474 939 1537 retinas,
971 1475 1017 1545 qui
1039 1476 1073 1529 ad
1096 1473 1173 1528 aliud
1198 1475 1343 1529 videndum
1373 1475 1511 1547 dirigitur,

156 1551 299 1608 irradiet·
324 1553 402 1614 Quae
424 1552 566 1607 irradiatio
586 1553 658 1607 Solis
689 1554 823 1608 indirecta
843 1561 873 1607 et
900 1554 1046 1619 lateralis,
1077 1571 1139 1622 cum
1164 1555 1201 1610 sit
1228 1553 1327 1609 fortior
1356 1556 1512 1611 radiatione

156 1635 254 1689 Lunae
284 1631 404 1696 directa,
434 1633 532 1687 risioni
560 1634 683 1689 directae
705 1651 782 1689 suam
811 1634 992 1689 radiationem
1018 1636 1188 1690 albicantem
1215 1636 1404 1694 communicat.
1436 1643 1513 1706 (Vide

157 1720 297 1784 exemplum
316 1719 374 1784 Opa
387 1719 421 1778 V,
440 1718 478 1783 5.)
519 1715 566 1790 lta
586 1715 661 1770 subit
688 1714 822 1778 animum,
852 1732 888 1770 aa
909 1716 981 1769 haec
1007 1718 1104 1770 eadem
1125 1716 1162 1770 sit
1182 1715 1281 1786 passu’s
1303 1707 1513 1774 ctavius‘onn'o

160 1791 246 1852 1567.
268 1810 287 1848 a
306 1794 413 1848 clarore
435 1787 611 1850 substantiae
632 1796 783 1852 aethereae
798 1796 874 1850 circa
886 1796 1001 1850 Lunam'
1015 1797 1104 1858 fusae,
1126 1812 1197 1867 quac
1212 1796 1368 1852 Stauislaus
1390 1814 1409 1852 a
1430 1816 1514 1856 cornu

158 1875 261 1932 Solis..
285 1875 434 1929 Confirmat
458 1875 616 1930 Stamslaus
644 1877 756 1932 mirilico
783 1876 1044 1943 demonstrationem
1066 1878 1131 1946 Opt.
1154 1876 1186 1940 V,
1209 1877 1237 1932 3.
1259 1894 1336 1948 prop.
1359 1877 1406 1934 28.
1448 1879 1515 1934 Cum

158 1956 302 2012 enisuabr
321 1956 434 2010 nonsit
453 1956 534 2010 unius
555 1956 680 2011 milliaris
702 1951 864 2021 altitudinis,
887 1957 1056 2026 impossibile
1077 1956 1138 2021 luit,
1161 1964 1193 2010 ut
1213 1957 1236 2010 is
1258 1963 1320 2022 aer,
1343 1959 1388 2029 qui
1410 1960 1513 2030 Hispa·
1587 1943 1596 1960 ’

158 2039 222 2094 niae
243 2035 404 2105 ruperimus
426 2045 478 2099 est,
499 2037 574 2091 visus
596 2036 634 2090 sit
653 2038 681 2091 iu
700 2038 837 2100 Flandria,
860 2039 931 2108 quod
953 2036 1053 2091 fuisset
1072 2036 1266 2101 necessarium,
1288 2038 1397 2108 sipara
1419 2040 1513 2110 splen·

159 2117 232 2173 doris
254 2117 325 2172 Solis
356 2117 430 2170 iufra
449 2118 572 2181 Lunam,
603 2135 669 2186 pars
700 2118 793 2172 circuli
816 2120 850 2172 ad
881 2125 1005 2172 austrum
1035 2116 1175 2171 haesisset
1196 2118 1223 2171 in
1242 2119 1295 2172 hoc
1316 2120 1412 2174 humili
1441 2126 1515 2177 abre.
1576 2121 1579 2126 ’

159 2199 282 2254 Aceste
303 2214 378 2260 sane,
400 2204 433 2251 ut
453 2198 561 2268 aliquot
581 2199 684 2252 Terrae
705 2200 853 2252 diametros
874 2204 977 2272 aequet
997 2204 1047 2252 abr
1064 2205 1167 2261 noster,
1189 2205 1281 2252 tamen
1303 2199 1327 2252 si
1348 2217 1402 2254 non
1423 2202 1513 2272 ipsam

159 2282 266 2336 Lunam
287 2276 411 2349 attingit,
433 2279 528 2332 hiatus
548 2279 711 2333 tenebrosus
733 2281 818 2333 multo
844 2279 982 2332 videbitur
1007 2277 1124 2348 amplior
1153 2295 1266 2348 corpore
1286 2280 1383 2335 Lunae
1405 2276 1513 2351 (posita
1570 2321 1573 2325 -

160 2362 241 2416 Luna
260 2358 365 2428 majore
388 2375 469 2429 quam
490 2354 577 2426 Sole).
620 2360 757 2413 Concludo
784 2375 865 2431 ergo,
892 2359 1079 2413 substantiam
1101 2360 1274 2422 aetheream,
1302 2359 1330 2413 in
1351 2377 1408 2432 qua
1426 2363 1516 2429 Luna,

162 2439 326 2496 crassiorem
347 2456 409 2492 esse
429 2440 564 2493 interdum
584 2449 617 2494 ut
637 2455 709 2493 anno
735 2441 819 2494 1605.
842 2469 882 2480 -
920 2446 1041 2496 Adductis
1061 2446 1117 2496 dein
1142 2448 1229 2498 iisdem
1248 2449 1383 2513 exemplis,
1408 2463 1473 2516 quae
1490 2451 1517 2500 lu

163 2535 242 2586 textu,
262 2528 403 2577 concludit:
430 2522 503 2574 'l'ota
529 2522 584 2574 hac
611 2536 671 2573 cum
697 2520 871 2590 supellectile
898 2522 934 2574 ad
953 2520 1134 2575 Aristotelem
1156 2529 1184 2575 te
1213 2523 1308 2576 confer
1332 2529 1363 2575 et
1383 2523 1516 2588 delibera,

163 2620 200 2660 an
221 2601 355 2655 aetherea
376 2599 534 2657 substantia
554 2601 682 2672 patiatur
702 2601 905 2656 alterationem.
948 2605 998 2669 (Ex
1017 2622 1054 2672 ep.
1077 2606 1119 2657 11.
1139 2609 1198 2658 Feb.
1220 2605 1298 2658 1000.
1317 2608 1417 2677 Pragse
1436 2607 1517 2673 data]

251 2673 298 2741 at)
316 2696 341 2745 p.
361 2677 421 2729 009.
459 2679 515 2737 Vir,
543 2695 616 2744 quem
643 2679 702 2731 dicit
720 2680 842 2745 Keplems
870 2693 971 2745 gravem
996 2687 1022 2729 et
1047 2679 1256 2738 literatissimum,
1284 2681 1331 2730 luit
1348 2681 1372 2731 J.
1393 2681 1423 2732 G.
1441 2682 1517 2734 Her-

161 2753 298 2809 vastus,
318 2743 388 2815 cujus
406 2751 551 2802 relationem
570 2765 644 2815 supra
663 2753 698 2818 (p.
718 2750 764 2814 at)
782 2752 959 2816 proposuimus.

251 2823 291 2873 De
310 2821 394 2888 eclipsi
412 2821 447 2886 ,Θ
469 2825 529 2873 acui
547 2819 624 2873 1605.
644 2824 768 2889 Keplems
786 2824 881 2873 monuit
900 2830 1052 2874 astronomos
1076 2823 1196 2886 peculiari
1220 2823 1317 2881 libello,
1346 2839 1419 2889 quem
1438 2832 1538 2875 astro·-

161 2895 240 2947 nomis
259 2901 285 2945 et
309 2895 364 2944 aliis
392 2909 572 2961 quoquoversus
601 2885 754 2954 uadsmuit,
782 2896 927 2959 petitionem
955 2895 1113 2958 adjungens,
1141 2901 1170 2944 ut
1188 2893 1370 2946 observationes
1396 2910 1454 2947 suas
1472 2897 1519 2961 ipsi

163 2966 352 3018 communicent
390 2966 445 3027 Quo
465 2975 545 3015 motus
564 2967 674 3017 medicus
692 2966 792 3032 quidam
808 2967 831 3015 J.
847 2967 876 3015 G.
892 2967 969 3031 deel
988 2979 1028 3023 ea,
1048 2981 1113 3031 quae
1131 2967 1197 3016 iuter
1212 2965 1351 3018 vehendum
1371 2982 1418 3026 ,ex
1441 2967 1519 3018 rheda

161 3053 245 3090 versus
263 3037 385 3097 mennas,
414 3052 475 3102 quas
494 3037 572 3087 Plinio
591 3037 729 3089 Mattiacas
753 3038 832 3087 dictas
860 3037 966 3102 putant“
987 3040 1171 3094 observaverat,
1192 3037 1299 3102 Keplero
1327 3039 1520 3102 transmittenda

160 3109 268 3162 Nicolao
287 3109 400 3170 Serario,
429 3110 508 3173 presb.
529 3107 587 3158 Soc.
605 3110 685 3168 Jesu,
698 3109 853 3176 Moguntiam
881 3110 973 3158 scribit.
1009 3110 1039 3159 In
1057 3110 1095 3159 his
1123 3108 1200 3159 literis
1229 3108 1431 3174 deprehendimus
1452 3111 1519 3170 ,cbi-

161 3181 287 3250 rnrgum!¹
308 3197 382 3247 quem
411 3181 471 3230 dicit
489 3180 629 3244 Keplerus,
642 3178 645 3182 ’
658 3183 707 3246 qui,
734 3181 857 3230 referente
877 3181 993 3231 Goebelio
1023 3182 1085 3244 „ipsi
1111 3181 1236 3246 oppositus
1264 3181 1368 3231 sedebat
1395 3183 1420 3232 iu
1447 3197 1521 3247 prora

162 3253 278 3309 vehiculi,
297 3261 323 3301 et
342 3253 492 3309 affirmabat,
507 3250 588 3301 Solem
608 3253 654 3301 sibi
667 3267 715 3302 nou
730 3257 871 3300 contectum
889 3263 1017 3315 apparere,
1037 3251 1080 3300 sed
1100 3254 1182 3303 orbem
1201 3253 1333 3316 puniceum
1350 3255 1415 3302 inira
1428 3253 1519 3305 Solem.

161 3327 232 3377 Idem
249 3324 322 3374 homo
340 3324 451 3374 stellulae
469 3337 497 3375 se
515 3324 657 3373 observasse
677 3322 787 3387 aJ'ebat.“
827 3322 857 3388 ln
875 3322 962 3371 lisdem
984 3322 1061 3370 literis
1090 3324 1195 3373 occurrit
1220 3339 1311 3380 ,senex
1331 3315 1518 3381 dilaniatae*

163 3397 295 3448 Goebeiius
312 3396 405 3445 reiert:
427 3395 562 3453 ,narrabat
580 3396 638 3444 mihi
656 3397 738 3445 senior
756 3394 855 3459 quidam
869 3392 1010 3442 canonicus
1024 3393 1218 3449 Confluentinus,
1239 3408 1304 3444 auno
1321 3395 1396 3444 isto.
1417 3411 1448 3446 ea
1466 3399 1520 3461 ipss

162 3470 232 3526 hora,
252 3481 301 3532 qus
319 3467 413 3520 electus
432 3468 527 3516 noviter
545 3467 749 3532 Archiepiscopus
768 3481 797 3514 ex
815 3479 882 3514 more
902 3464 1070 3514 collocabatur
1088 3480 1162 3529 supra
1180 3466 1268 3523 altare,
1288 3466 1408 3516 deiecisse
1427 3466 1519 3526 Solem,

162 3547 192 3591 ut
208 3542 234 3590 iu
261 3551 358 3588 summa
385 3538 448 3589 aede
473 3536 577 3589 Treviris
606 3554 635 3588 ex
661 3546 767 3602 utraque
793 3543 864 3602 parte
892 3536 960 3586 chori
986 3535 1125 3599 psaltautes
1152 3537 1297 3586 sacerdotes
1316 3553 1342 3586 sc
1362 3545 1445 3587 mutuo
1471 3555 1521 3590 nou

165 3611 329 3678 agnoverint3
349 3611 492 3674 apparuisse
510 3610 569 3658 item
589 3610 672 3660 stelias
690 3608 833 3674 plurimas.“

253 3677 299 3743 35)
318 3699 342 3746 p.
364 3679 424 3732 701.
461 3681 664 3746 Brenggerus
691 3681 835 3731 medicus
854 3678 952 3729 dehac
971 3677 1072 3743 Kepleri
1099 3679 1212 3743 opinione
1230 3679 1295 3729 haec
1313 3680 1422 3743 profert:
1450 3679 1522 3741 Quod

165 3754 335 3819 crystallinum
353 3754 478 3804 humorem
498 3752 562 3802 oculi
580 3754 670 3802 tunicis
691 3768 813 3803 annexum
827 3766 913 3818 negas,
934 3765 1038 3815 eumque
1057 3764 1146 3814 rapere
1166 3750 1199 3799 aii
1213 3753 1310 3806 asseris,
1331 3757 1419 3801 norum
1433 3752 1524 3818 dogma

165 3825 299 3878 introducis
318 3826 419 3875 medicis
442 3825 589 3874 inauditum.
628 3824 700 3875 Certe
728 3834 819 3874 natura
836 3821 902 3872 male
930 3823 1096 3886 prospexisset
1119 3823 1192 3880 visui,
1222 3824 1242 3871 si
1266 3837 1322 3873 cum
1345 3825 1399 3873 siue
1426 3823 1523 3876 vinculo

167 3898 232 3948 oculi
250 3896 391 3946 humoribus
410 3899 525 3946 innatare
543 3899 709 3961 permisisset:
736 3898 771 3947 sic
792 3897 857 3945 enim
876 3895 907 3943 ad
927 3896 1036 3957 quemvis
1055 3894 1147 3942 saltum
1165 3894 1202 3943 rel
1221 3895 1523 3945 ictum-vehemehtiorem

166 3970 331 4020 descenderet
349 3975 375 4018 et
393 3969 477 4018 sedem
496 3984 567 4018 suam
586 3969 742 4033 relinqueret
780 3967 868 4030 ltaque
887 3966 1022 4016 anatomici
1041 3964 1264 4029 deprehenderunt,
1284 3967 1363 4029 ipsum
1382 3973 1434 4016 tum
1454 3967 1522 4018 cilia-

164 4043 233 4092 ribus
252 4025 405 4104 processibus
424 4041 456 4090 ab
474 4055 539 4090 uvea
556 4042 644 4090 tunica
668 4040 797 4095 demissis,
826 4047 878 4086 tum
897 4039 998 4094 tunica,
1027 4051 1091 4101 quae
1117 4038 1220 4086 vitreum
1247 4037 1374 4087 humorem
1401 4040 1480 4104 cingis
1499 4045 1525 4089 et

167 4111 309 4177 crystallino
329 4111 362 4162 ad
380 4112 461 4161 later'a
479 4112 633 4160 circulariter
650 4107 772 4166 inseritur,
791 4125 837 4158 ceu
850 4109 991 4174 ligamentis
1010 4107 1127 4172 stupendi
1146 4116 1172 4158 et
1189 4111 1316 4160 immotum
1336 4111 1422 4159 teneri.
1452 4108 1525 4172 Quod

166 4191 254 4250 aperto
273 4183 343 4232 oculo
363 4182 519 4245 crystallinus
538 4182 637 4238 excidit,
656 4184 680 4231 id
700 4182 728 4231 fit
747 4183 805 4245 quia
823 4179 1060 4230 effluente'humore
1079 4193 1158 4243 aqueo
1176 4180 1307 4243 hyaloidis,
1325 4182 1366 4244 qui
1385 4183 1408 4230 ei
1427 4182 1523 4232 adnite-

169 4258 252 4312 batur,
271 4255 356 4304 statim
375 4254 487 4302 succedit
505 4261 531 4303 et
549 4254 703 4318 prolabitur.¹
726 4253 792 4302 Nam
811 4254 897 4301 tunica
921 4251 988 4299 iilum
1016 4254 1119 4318 cingens
1139 4257 1164 4300 et
1182 4267 1310 4316 processus
1338 4253 1434 4303 ciliares
1452 4268 1523 4316 prse-

171 4327 237 4378 tensi
255 4327 379 4376 tenuiores
399 4331 457 4373 sunt
476 4331 502 4374 et
520 4325 671 4383 infirmiores,
690 4339 764 4391 qnam
784 4331 811 4373 ut
823 4339 878 4373 eum
892 4324 945 4373 sine
965 4323 1054 4371 auxilio
1074 4323 1146 4387 aquei
1164 4322 1271 4372 humoris
1291 4323 1403 4374 cohibere
1420 4326 1524 4390 possint,

169 4401 254 4463 itaque
272 4403 417 4460 rumpuntur
436 4405 462 4446 et
473 4395 643 4459 crystallinam
662 4396 714 4462 (qui
729 4397 761 4447 ab
773 4395 887 4459 hyaloide
905 4389 1066 4459 protruditur)
1086 4401 1226 4444 sustentare
1245 4395 1368 4444 desinunt.
1394 4394 1434 4445 De
1447 4397 1524 4446 nutri·

168 4476 252 4522 mento
270 4470 306 4517 sic
325 4467 437 4517 sentiunt
456 4469 561 4525 medici,
590 4469 655 4533 quod
672 4467 741 4519 nulla
759 4483 815 4531 pars
835 4468 941 4530 corporis
963 4465 1065 4515 humani
1085 4467 1208 4515 nutriatur
1234 4480 1337 4529 vapore,
1365 4467 1409 4516 sed
1428 4474 1525 4517 tantum

168 4542 309 4591 humoribus
328 4554 389 4589 suae
407 4545 515 4588 naturae
534 4543 730 4603 proportionatis.
757 4540 845 4604 Itaque
864 4538 1004 4599 crystallino
1023 4538 1089 4586 idem
1108 4540 1252 4602 contingere
1270 4539 1400 4587 verisimile
1419 4548 1466 4595 est,
1485 4541 1526 4603 qui

170 4614 269 4679 quidem
287 4627 374 4678 parum
392 4613 536 4660 nutrimenti
555 4613 676 4675 postulat,
701 4613 765 4677 quod
784 4614 806 4661 ei
825 4611 993 4660 subministrat
1011 4610 1097 4658 humor
1115 4609 1221 4666 vitreus,
1240 4616 1269 4658 ut
1286 4609 1379 4673 placuit
1397 4608 1430 4659 D.
1451 4609 1525 4674 Capi·

168 4687 255 4735 saccio
282 4683 406 4750 quondam
434 4685 589 4747 praeceptori
607 4698 662 4733 meo
681 4693 706 4733 et
728 4684 824 4733 medico
842 4683 962 4732 Patavina
989 4682 1131 4731 clarissimo.
1171 4679 1219 4742 (Ex
1243 4681 1348 4744 epistola
1364 4680 1407 4729 Br.
1426 4682 1450 4730 (1.
1470 4681 1524 4731 Cal.

170 4757 239 4820 Sept.
262 4753 338 4806 1607.
357 4772 379 4805 s.
399 4771 418 4803 s.
436 4769 460 4819 p.
482 4751 539 4817 5³.)

259 4838 428 4900 Kspierus
447 4837 572 4901 explicans
592 4851 630 4896 ea,
651 4849 713 4900 quae
732 4837 758 4885 in
776 4835 838 4885 libro
856 4833 961 4892 dixerat,
984 4835 1111 4899 respondit
1129 4831 1164 4894 (d.
1184 4834 1228 4882 ult.
1248 4831 1311 4882 Nor.
1333 4829 1429 4893 itum:
1454 4828 1524 4880 Cun-

172 4913 261 4967 lundis
286 4909 317 4967 sb
342 4920 453 4966 nectere
475 4918 504 4965 et
524 4911 671 4963 includere.
712 4909 837 4962 inclusus
859 4918 903 4962 est
923 4909 1021 4962 humor
1041 4909 1090 4962 ille
1112 4908 1219 4970 tunica,
1247 4908 1294 4959 sed
1321 4907 1423 4969 libere,
1446 4913 1524 4960 arcte

172 4995 287 5065 quidem,
309 4998 342 5045 ut
361 4992 429 5046 nihil
451 4991 566 5045 intersit.
607 4989 717 5044 Nexum
738 4989 774 5042 ab
795 5007 828 5059 eo
850 5007 923 5061 nego
945 4989 996 5042 hoc
1023 5005 1121 5053 sensu,
1144 5005 1196 5059 quo
1219 4987 1359 5040 i'ernelius
1386 4987 1455 5040 scite
1476 4989 1524 5041 ad·

171 5077 279 5129 modum
308 5072 353 5127 aui
383 5073 504 5127 tunicam
533 5071 690 5128 interiorem
719 5071 755 5124 ab
780 5069 834 5124 oris
856 5070 952 5124 tunica
981 5069 1109 5123 continuo
1137 5069 1183 5121 filo
1204 5085 1254 5138 per
1275 5067 1364 5121 omnia
1391 5067 1526 5122 intestina
