3692 5842
244 470 310 540 462
671 475 773 527 trare·
790 474 894 541 Keptert
912 474 1064 541 ΜΨ
1080 478 1183 528 m

245 651 378 718 perspicilli
405 652 497 715 primus
524 650 598 700 luerit
625 656 728 702 suctos:
757 652 821 716 quod
845 652 898 715 ipse
915 665 966 700 non
989 649 1080 715 primus
1097 651 1124 700 in
1141 649 1216 702 Lnns
1241 653 1446 705 nmmndruurlt
1471 653 1605 718 sopolim

245 723 416 788 superficiem:
447 722 511 786 quod
529 737 579 771 non
597 722 688 785 primus
715 722 807 772 mundo
826 717 950 782 ostendet,
970 722 1051 786 plnres
1068 721 1094 770 in
1113 721 1181 773 coelo
1199 723 1293 780 stellas,
1310 739 1387 790 quam
1404 738 1469 790 quse
1486 724 1605 776 wisunt

244 796 270 844 iu
291 803 402 844 veterum
421 794 517 856 scriptis
536 799 670 841 annotatus
682 794 818 843 hebemus:
837 801 863 843 et
881 807 946 857 quoe
965 799 1050 843 cetera
1061 799 1127 842 snut.
1158 791 1189 843 ln
1201 808 1251 858 qus
1269 795 1446 846 dimerudom
1458 794 1602 859 prohones·

245 866 344 915 tissime
362 867 438 914 etiem
457 866 506 914 mei
524 863 593 913 luctu
612 867 736 915 mentione
755 865 799 913 tibi
817 878 899 913 rursus
922 865 1017 929 gratiss
1036 876 1098 927 ago,
1116 879 1166 913 non
1184 879 1247 928 qnns
1265 865 1344 916 debeo
1362 865 1409 917 ssd
1426 879 1493 932 qun
1510 879 1604 930 m

245 937 376 986 munimen.
414 936 496 986 Unum
515 935 627 985 restabat
645 950 692 998 quo
711 936 793 986 odhno
812 936 922 985 exultare
941 936 1036 998 potuit:
1055 933 1172 984 videlicet
1189 937 1326 987 observatio
1343 935 1431 1002 ipsud
1448 937 1605 1001 plnum

244 1022 361 1057 novorum
380 1009 448 1057 circa
465 1006 561 1055 Jorem.
585 1005 660 1055 Hanc
679 1008 774 1057 claram
787 1008 832 1069 ipsi
851 1013 989 1056 exterorum
1007 1020 1079 1055 nemo
1092 1021 1123 1055 ex
1139 1007 1254 1057 manibus
1272 1014 1419 1073 sumtuum
1435 1013 1531 1074 potest.
1549 1009 1605 1073 μ’.

243 1077 283 1128 hio
301 1077 371 1127 nulla
388 1078 473 1141 ¹radent
491 1085 640 1140 arguments
658 1077 806 1143 theologice,
824 1077 1001 1141 philosophico.
1019 1078 1199 1135 astronomios,
1218 1079 1308 1142 option
1346 1079 1387 1130 tte
1404 1080 1492 1130 omnin
1509 1087 1604 1144 potem

244 1149 351 1199 eludere.
389 1147 455 1197 Nam
474 1146 499 1197 S.
514 1146 641 1210 Scriptura
660 1165 787 1198 nnmerum
806 1149 961 1210 planetarum
980 1148 1050 1197 nobis
1063 1148 1245 1211 non‘prodidit,
1264 1150 1323 1213 quin
1341 1150 1425 1213 potins
1438 1149 1489 1199 Dei
1506 1151 1601 1214 septen·

244 1221 306 1269 tism
324 1227 351 1268 et
369 1220 506 1283 potentiam
524 1220 669 1268 immensam
686 1220 823 1283 praedicat,
844 1222 914 1281 cujus
932 1234 1003 1268 meus
1021 1225 1105 1267 nostm
1123 1233 1204 1282 capu
1221 1235 1271 1269 non
1289 1221 1330 1269 sit.
1356 1219 1520 1284 Philusopldn
1536 1219 1602 1270 nollo

244 1292 357 1355 perfecte
375 1291 478 1355 cognite
495 1296 618 1347 nonest,
643 1292 688 1340 sed
706 1305 850 1355 quocunque
869 1292 894 1338 in
913 1304 946 1339 ea
963 1305 1007 1339 nos
1026 1291 1206 1346 convertimus,
1230 1289 1341 1340 ridemus
1363 1291 1435 1341 nobis
1454 1305 1488 1340 ex
1504 1290 1602 1341 tuffl
1635 1307 1640 1314 ·

243 1361 355 1425 psuculn
382 1375 436 1410 esse
464 1355 541 1409 notn':
570 1368 596 1409 et
619 1363 727 1426 quotidie
746 1362 816 1425 plura
841 1362 956 1417 inveniri,
985 1374 1048 1425 quae
1068 1368 1145 1410 antes
1172 1371 1244 1411 erant
1271 1363 1409 1428 incognita.
1446 1361 1602 1414 mrbus

244 1446 319 1496 qnam
339 1434 389 1480 sint
407 1432 555 1481 inexhausta
573 1434 627 1495 quis
653 1433 884 1483 mathematicorum
903 1430 1022 1496 ignorati
1051 1435 1252 1481 Astronomorum
1276 1432 1357 1482 nullm
1381 1433 1508 1483 hactenns
1525 1431 1600 1482 bosi

243 1501 358 1567 planetas
385 1504 460 1551 norit.
499 1504 533 1550 At
560 1502 655 1552 diceret
673 1504 816 1553 Galilaeus:
846 1504 1035 1551 instrumentum
1062 1502 1109 1551 hoo
1136 1517 1178 1552 eos
1206 1503 1352 1554 observandi
1376 1519 1428 1554 non
1456 1503 1600 1554 hubam

244 1572 310 1632 Quid
330 1573 361 1623 de
379 1572 487 1636 opticisi
506 1572 629 1636 Quicquid
648 1576 711 1623 alius
730 1575 891 1637 opposuisset,
911 1574 1009 1623 etamsi
1020 1573 1095 1638 longe
1112 1574 1244 1636 perfectius
1262 1574 1412 1625 coniecisset
1428 1573 1599 1639 perspicillu.

242 1644 337 1693 nullum
356 1651 441 1693 umen
460 1659 504 1693 sno
523 1653 683 1707 praestasset.
721 1645 881 1709 Horologium
909 1660 980 1694 sunm
999 1644 1062 1694 odeo
1089 1651 1234 1694 accuratum
1259 1659 1314 1695 este
1341 1645 1489 1710 prnedlont,
1517 1655 1546 1696 ttt
1561 1645 1600 1695 Sd

244 1716 317 1764 citius
337 1729 419 1764 errare
446 1717 522 1778 possit
549 1730 623 1777 quam
651 1717 709 1765 iilud
734 1717 792 1764 sitio
819 1716 941 1765 laborare
978 1714 1070 1765 Verum
1088 1714 1129 1764 hio
1148 1714 1184 1764 bl.
1202 1716 1288 1778 llorky
1306 1731 1352 1765 nos
1368 1716 1420 1766 hnc
1437 1716 1600 1768 sollicitnlht

244 1785 342 1842 liberet,
362 1787 402 1850 qui
422 1784 592 1848 deceplionem
611 1788 676 1835 risus
699 1786 923 1844 animadverterat,
943 1799 991 1835 non
1011 1787 1035 1834 in
1056 1785 1105 1834 ulio
1123 1786 1204 1843 simili,
1224 1786 1268 1836 sed
1285 1788 1312 1836 in
1329 1788 1408 1851 ipsius
1421 1787 1531 1838 Guttuet
1547 1802 1598 1852 per·

239 1856 347 1919 spiuillo,
367 1858 494 1920 ipsumque
514 1864 641 1906 auctorem
659 1873 703 1907 suo
718 1859 813 1920 proprio
832 1849 963 1922 gladio'sio
979 1856 1109 1921 jugulavit,
1128 1863 1157 1905 ut
1175 1871 1230 1906 cnm
1249 1864 1327 1907 antes
1345 1857 1501 1922 exemplaris
1512 1857 1599 1909 Siderei

243 1926 335 1976 Nuncii
353 1928 433 1976 multe
450 1929 542 1991 passim
560 1929 587 1976 in
604 1929 679 1977 Italis
697 1935 825 1988 extarent,
849 1941 915 1976 nune
943 1928 1036 1976 nulium
1054 1926 1159 1990 amplius
1177 1925 1254 1988 (sicut
1277 1925 1365 1989 rslert)
1395 1937 1492 1993 prestet
1508 1928 1596 1980 mdo

243 1997 339 2048 Idcirco
363 1996 439 2062 ipsius
457 1997 559 2048 Martini
584 2000 703 2062 scriptum
721 1997 993 2063 („Peregrinationem“
1012 1996 1132 2057 inscribit)
1145 1998 1203 2047 mihi
1222 1998 1383 2049 vehementer
1399 2000 1504 2064 pluent:
1521 2001 1599 2065 bqnoe

245 2076 330 2118 sutem
349 2070 380 2119 de
398 2071 437 2127 ils,
456 2084 520 2134 qnae
538 2072 563 2119 iu
583 2085 612 2119 eo
630 2072 725 2134 propn'e
744 2071 776 2118 ad
795 2085 845 2118 rem
864 2070 974 2125 iaciunt.
994 2075 1079 2118 cetere
1097 2071 1171 2125 onim,
1190 2083 1254 2133 quae
1272 2072 1299 2120 in
1317 2084 1348 2120 eo
1365 2085 1418 2120 non
1435 2085 1521 2134 penes
1536 2079 1596 2126 snnt.

247 2140 322 2203 plene
341 2142 433 2190 omissa
451 2148 570 2203 optarem.
607 2139 663 2190 Nou
683 2142 748 2189 enim
767 2141 865 2195 dubito,
888 2142 947 2204 quin
967 2139 1000 2188 ad
1017 2139 1061 2187 ills
1079 2147 1164 2188 cetere
1182 2140 1296 2190 Galilseo
1314 2141 1483 2206 respondendi
1500 2144 1596 2192 metens

243 2225 294 2259 non
313 2211 346 2260 slt
364 2211 493 2266 defutura,
514 2212 576 2261 ndeo
594 2219 623 2259 ut
640 2217 739 2275 propter
757 2213 852 2274 copiam
881 2225 965 2260 eorum
992 2210 1152 2274 principalem
1180 2212 1330 2275 quaestionis
1348 2217 1445 2262 sutum
1463 2213 1498 2262 sit
1514 2225 1595 2278 magus

242 2281 342 2331 silentio
360 2282 546 2344 praeteriturus.
585 2282 635 2332 Sed
653 2282 706 2332 dies
725 2283 793 2332 dabit
811 2281 869 2346 quid
893 2295 1052 2345 responsurus
1069 2281 1109 2329 sit
1147 2281 1239 2331 Verum
1264 2297 1337 2346 spero
1354 2289 1381 2333 ts
1400 2297 1500 2350 quoqne
1516 2289 1595 2335 eom

243 2366 301 2402 enm
320 2361 415 2402 mutum
434 2368 483 2402 nou
502 2353 618 2402 futurum.
639 2379 672 2389 -

335 2440 465 2491 Mittentes
482 2442 603 2491 Horlinm
621 2454 705 2505 panon
722 2454 787 2504 quae
805 2439 835 2488 de
853 2440 930 2503 ipsius
948 2441 1000 2488 vito
1018 2441 1179 2490 innotuerunt
1196 2440 1318 2490 sddimns.
1356 2439 1460 2491 Relicta
1477 2440 1593 2507 Pnp'n

240 2513 349 2574 patriam
375 2512 460 2561 urbem
478 2512 609 2563 Lochovin
636 2513 735 2562 transiit
761 2512 842 2574 ibique
868 2511 1008 2560 medicinae
1037 2524 1137 2575 opernm
1156 2511 1241 2560 debut
1277 2511 1327 2562 Per
1350 2525 1432 2560 annos
1453 2509 1591 2562 tttt-tt.

243 2581 455 2646 Constantinopoli
475 2584 628 2640 versabatur,
646 2584 729 2647 legato
747 2582 902 2645 Imperatoris
921 2583 1061 2644 adjunctus.
1099 2580 1172 2631 Circo
1190 2596 1283 2632 anuum
1298 2579 1376 2644 1616,
1397 2584 1523 2634 immixtus
1539 2583 1593 2634 terte

241 2653 318 2702 turbis
337 2654 367 2702 ob
385 2653 460 2703 iidem
479 2656 577 2716 coortis,
596 2654 744 2704 eBohemin
762 2652 884 2716 expulsus,
903 2654 995 2716 passim
1007 2668 1052 2716 per
1065 2653 1224 2702 Germsuinm
1242 2653 1391 2718 regebatur.
1412 2657 1488 2704 suuis
1500 2654 1594 2720 denque

244 2721 321 2772 1632.
342 2732 368 2773 et
386 2721 430 2773 ³³.
448 2724 585 2791 Htmbnrgi
604 2726 687 2775 sedem
706 2725 787 2773 fixisse
805 2723 901 2774 ridetur
918 2724 1067 2773 medicinam
1086 2738 1204 2775 exercens
1222 2730 1249 2774 et
1266 2726 1427 2789 prognostiss
1446 2725 1532 2776 edens

331 2812 506 2863 Gelilsens
534 2816 688 2864 inventiones
707 2826 773 2873 snas,
800 2813 837 2861 uti
856 2813 968 2866 dimmus.
997 2825 1059 2875 quas
1076 2818 1133 2875 post
1157 2812 1250 2861 edituum
1270 2811 1431 2868 ,boneium
1449 2828 1495 2878 per
1512 2827 1593 2864 m

243 2879 319 2931 1610.
339 2886 538 2947 persequebstnr,
559 2885 666 2950 Pregam
687 2885 805 2934 nunciare
823 2885 904 2948 pergit
929 2897 1021 2947 easque
1038 2885 1131 2946 primo,
1159 2884 1212 2947 ipse
1231 2883 1320 2933 dubius
1339 2883 1591 2950 confirmationum

241 2961 390 3016 exspectaus
411 2956 551 3017 repetendis
569 2956 792 3016 observationibus,
810 2969 856 3004 neo
874 2970 924 3003 non
944 2954 1054 3003 aemulos
1072 2962 1099 3003 et
1116 2954 1295 3004 obtrectatores
1321 2963 1501 3019 praesumens,
1524 2955 1593 3022 gt'qfl

240 3024 320 3073 tonna
338 3026 483 3074 transmisit.
510 3026 632 3089 Keplerus
645 3029 670 3076 in
685 3024 865 3084 ,Narratione“
880 3024 963 3082 refert,
983 3025 1075 3074 frustra
1092 3038 1119 3074 se
1138 3039 1239 3089 operam
1258 3027 1425 3076 contemsisse
1437 3029 1463 3076 ln
1481 3027 1593 3078 eetnott

239 3094 288 3142 illis
306 3094 407 3159 griphis,
427 3112 478 3146 rem
496 3099 576 3160 ipsum
593 3113 649 3147 vero
668 3098 764 3161 propius
784 3096 837 3144 adit
854 3097 879 3144 in
902 3097 1059 3159 prestatione
1082 3109 1129 3145 snt
1146 3095 1179 3145 nd
1199 3095 1399 3159 ,Dioptueeuffi
1437 3097 1511 3158 ane
1528 3113 1591 3163 pun

240 3167 339 3229 propim
349 3173 463 3230 spectent
473 3169 505 3217 ad
515 3170 660 3233 praemisse,
670 3183 757 3232 purum
765 3182 821 3215 vero
832 3166 864 3215 ed
872 3180 905 3216 ea
916 3181 980 3230 quae
993 3166 1092 3216 exhibet
1102 3166 1240 3230 Dioptrica,
1251 3167 1320 3216 illsm
1334 3168 1499 3231 prselatiouis
1507 3179 1592 3235 purte·

240 3236 288 3284 huo
307 3237 463 3287 referendam
489 3242 635 3291 censuimus.
674 3239 774 3288 Literne
802 3252 863 3302 qnae
890 3238 990 3287 exhibet
1016 3237 1080 3287 haee
1100 3238 1232 3301 praeturio.
1251 3238 1455 3288 saddueaei
1474 3239 1591 3290 onore·

239 3305 366 3357 lulianum
385 3309 496 3359 Medices
524 3313 588 3360 sicut
612 3313 704 3374 priores
723 3309 812 3357 ltslioa
833 3311 985 3372 perscriptae
1012 3315 1071 3357 sunt
1091 3309 1186 3373 lingue,
1213 3323 1305 3373 easque
1322 3308 1450 3374 Keplsrns
1469 3311 1555 3361 butino
1569 3319 1591 3360 tt

239 3376 328 3429 ltsllco
347 3394 459 3430 sermone
477 3382 603 3446 prodidit,
623 3396 667 3431 nos
686 3396 742 3430 vero
761 3379 866 3429 Latinus
885 3387 983 3429 tentum
1003 3380 1177 3443 imprimendas
1196 3381 1345 3429 curadmns.

330 3478 453 3543 Repterus
473 3478 537 3530 haec
555 3480 710 3542 praemittit:
761 3470 867 3530 Annus
887 3469 951 3547 jam
975 3469 1117 3536 vertitur,
1142 3487 1180 3529 ex
1204 3486 1261 3548 quo
1287 3465 1448 3531 Gelilneus
1473 3469 1589 3549 l‘rapsn

241 3559 437 3638 perscripsit,
472 3579 505 3620 se
539 3559 606 3619 nori
640 3558 709 3637 quid
743 3556 771 3617 in
796 3557 880 3617 coelo
909 3565 1031 3635 praeter
1061 3556 1163 3636 priora
1197 3557 1447 3636 deprehendisse.
1493 3559 1533 3620 Et
1559 3575 1589 3617 ue

242 3646 397 3721 existeret,
424 3648 472 3726 qui
497 3645 727 3708 obtrectationis
752 3644 852 3706 studio
876 3645 1004 3724 priorem
1028 3665 1061 3705 se
1086 3653 1290 3725 spectatorem
1314 3645 1505 3722 venditaret,
1527 3665 1586 3726 spe·

240 3735 314 3796 tium
329 3733 412 3797 dedit
425 3737 613 3815 propalandi,
639 3754 714 3814 quae
731 3734 855 3813 quisque
871 3752 949 3794 nova
974 3733 1119 3807 vidisset;
1149 3733 1214 3812 ipse
1238 3735 1359 3798 interim
1383 3755 1471 3798 suum
1494 3736 1586 3798 iuren-

243 3830 304 3883 tum
329 3823 426 3884 literis
451 3824 645 3906 transpositis
670 3824 698 3884 in
723 3822 799 3883 hunc
824 3823 942 3884 modurn
966 3821 1147 3901 descripsit:

545 3953 1292 4036 smotemrmttmepoetateomtbanmupuootrat.

331 4068 377 4129 Er
396 4069 479 4130 hisce
500 4072 595 4132 literis
615 4089 670 4149 ego
694 4089 814 4131 tersum
838 4070 950 4131 conieci
971 4069 1220 4139 semibarbarum,
1245 4088 1334 4151 quem
1349 4067 1582 4133 Narratiuusnlee

241 4175 326 4218 meae
349 4158 470 4232 inserui,
495 4180 597 4222 mense
621 4159 791 4237 Septembri
817 4159 978 4238 superioris
1002 4160 1090 4221 anni:

409 4281 526 4346 Salve
561 4283 821 4346 umbistineum
854 4282 1080 4358 geminatum
1104 4282 1256 4344 Martia
1288 4283 1428 4363 proles.

330 4386 391 4448 Sed
423 4390 595 4466 longissimo
628 4409 646 4448 a
674 4390 826 4450 sententia
860 4389 1013 4449 literarum
1044 4388 1197 4462 aberrari;
1236 4389 1309 4450 nihil
1343 4390 1397 4450 ills
1430 4390 1468 4450 de
1501 4388 1581 4450 Morte

240 4475 424 4538 continebat.
464 4477 506 4538 Et
525 4497 561 4538 ne
585 4488 615 4538 te
641 4479 734 4537 lector
758 4477 919 4549 detineant,
944 4497 980 4536 ne
1007 4476 1207 4538 detectionem
1232 4478 1332 4557 griphi
1352 4478 1448 4558 ipsine
1470 4469 1581 4538 Getttai

241 4564 374 4624 auctoris
402 4566 518 4626 verbis:
559 4567 632 4638 ,sed
657 4566 750 4625 titud
775 4569 902 4627 alterurn
927 4575 1018 4645 caput
1037 4566 1101 4643 jam
1126 4567 1259 4638 reniam,
1283 4568 1364 4646 quod
1387 4568 1428 4628 D.
1453 4568 1582 4645 lieplerttt

240 4649 269 4711 in
299 4652 351 4712 illa
378 4671 433 4712 sua
460 4654 642 4714 Narratione
667 4672 780 4733 nupera
803 4656 883 4735 typis
907 4653 1042 4715 exhibuit
1065 4654 1188 4727 literas,
1215 4675 1290 4735 quae
1314 4673 1373 4736 ego
1397 4654 1581 4734 transpositu

242 4739 280 4797 ad
310 4739 422 4801 illustr.
461 4742 496 4800 D.
522 4742 556 4800 T.
589 4742 672 4813 misi;
705 4762 771 4802 curn
796 4754 827 4803 et
855 4744 1053 4820 significatum
1087 4741 1158 4803 milri
1184 4744 1244 4818 sit,
1269 4761 1381 4823 cupere
1405 4745 1580 4824 Maiestatem

242 4821 335 4887 Suam
358 4828 458 4888 doceri
482 4847 601 4888 sensum
626 4829 758 4900 illarum3
787 4851 823 4890 en
858 4831 940 4892 illum
968 4831 1006 4890 ad
1035 4832 1078 4891 lll.
1105 4831 1144 4891 D.
1170 4831 1205 4891 Τ.
1233 4833 1427 4910 trunsrnitto,
1461 4845 1494 4896 nt
1513 4847 1579 4896 eon·

244 4913 374 4975 municet
396 4935 462 4976 eum
487 4934 552 4976 cum
576 4917 616 4976 bt.
641 4915 674 4977 S.
700 4936 764 4977 cum
788 4918 826 4978 D.
852 4920 983 4998 Keplero
1007 4927 1039 4979 et
1063 4938 1188 4998 quocum
1212 4920 1355 4983 soluerit

330 5001 453 5063 Literse
478 5003 578 5081 itsque
602 5003 681 5065 inter
703 5021 736 5064 se
759 5025 912 5069 connexae
935 5017 969 5070 ut
990 5016 1112 5087 oportet
1134 5008 1193 5071 boo
1215 5009 1341 5072 dicunt:
