3692 5842
490 493 608 561 158
1423 497 1803 563 Paralipomena
1839 499 1891 548 in
1929 493 2261 549 vitellianum.

476 673 703 736 habere
768 674 1000 734 censeri
1067 682 1341 753 possunt.
1437 671 1580 735 Sive
1645 694 1787 751 ergo
1855 676 2024 737 radio
2089 681 2295 736 creato
2361 674 2546 736 semel
2613 673 2848 736 infinita
2913 673 3044 736 sive
3106 672 3203 735 bis

485 763 721 824 infinita
768 762 999 823 tribuas
1049 764 1243 825 latera
1291 763 1537 842 perinde
1587 773 1700 824 est.

655 851 906 912 Lemma
952 851 1000 911 I.
1052 852 1127 910 ad
1177 853 1649 931 propositionem
1698 861 2065 931 sequentem.
2159 850 2376 911 Trian
2396 850 2579 930 gula
2644 849 3012 931 aequales
3078 851 3202 911 vel

477 940 780 1002 easdem
830 939 1511 1018 aequidistantium
1544 941 1839 1002 duarum
1879 940 2267 1019 portiones
2308 939 2648 1001 cruribus
2697 938 3202 1019 intercipien-

477 1029 584 1091 tia
660 1030 1166 1090 terminantur
1230 1028 1643 1089 verticibus
1730 1030 1817 1089 ad
1920 1028 2222 1090 tertiam
2317 1028 2985 1108 aequidistantem.
3105 1025 3206 1089 Sit

759 1135 867 1199 Εἰς.
908 1131 993 1181 47.
1282 1125 1451 1177 recta
1495 1116 1661 1178 NEP
1708 1118 1904 1178 divisa
1949 1118 2008 1177 in
2067 1116 2342 1195 aequalia
2390 1115 2445 1176 in
2496 1116 2548 1176 E
2597 1117 2769 1197 eique
2827 1115 3207 1196 aequidistet

705 1253 741 1293 3„-
946 1244 978 1293 E
1190 1248 1220 1293 1·
1282 1203 1454 1265 FOG
1519 1205 1797 1266 similiter
1862 1205 2058 1267 divisa
2123 1206 2178 1265 in
2247 1204 2524 1284 aequalia
2590 1205 2647 1265 in
2711 1203 2785 1266 Ο.
2883 1204 3209 1266 Ducantur

784 1301 850 1305 ’“”
924 1301 958 1318 ”·
990 1301 1016 1305 “
1194 1301 1202 1337 -“
1281 1304 1482 1355 rectae
1515 1293 1641 1365 Po,
1690 1294 1814 1368 EF,
1866 1295 2054 1354 donec
2102 1300 2458 1356 concurrant
2507 1294 2563 1353 in
2594 1293 2673 1353 K.
2749 1292 2983 1355 Eodem
3026 1293 3206 1354 modo

1102 1389 1150 1465 fs
1281 1384 1572 1443 ducantur
1618 1381 1763 1457 EO,
1814 1384 1924 1444 NF
1970 1382 2064 1442 vel
2116 1380 2253 1455 PG,
2305 1381 2492 1442 donec
2541 1393 2904 1443 concurrant
2953 1383 3012 1443 in
3066 1383 3093 1443 I
3144 1391 3209 1441 et

1050 1469 1102 1553 J
1146 1481 1162 1537 ᾖ
1282 1480 1717 1532 connectantur
1765 1472 1839 1543 K,
1894 1472 1940 1544 1,
1991 1470 2123 1531 dico
2158 1469 2247 1530 KI
2296 1470 2704 1548 aequidistare
2755 1471 3006 1531 basibus
3038 1469 3212 1533 NEP

1122 1561 1142 1641 ,ε’
1284 1570 1345 1621 et
1394 1558 1583 1622 FOG.
1678 1560 1836 1620 Nam
1884 1562 1941 1619 in
2011 1558 2329 1636 triangulis
2378 1557 2561 1631 ΝΕῘ,
2611 1557 2749 1619 FOl
2819 1557 2996 1639 aequi
3063 1569 3212 1620 sunt

757 1645 1162 1733 μ-ῧᾼῇ-ᾖῦ
1285 1649 1484 1724 anguli
1533 1648 1706 1721 NEI,
1759 1646 1896 1709 1201
1948 1648 2052 1718 (Ε.
2103 1647 2149 1720 I,
2201 1644 2336 1719 29).
2431 1644 2535 1709 Sic
2595 1656 2660 1708 et
2703 1647 2877 1721 ENI,
2951 1646 3096 1709 01³1
3145 1658 3212 1708 et

773 1769 829 1797 ,ψ
1078 1725 1102 1818 ..θ’
1284 1738 1611 1798 communis
1659 1738 1734 1796 ad
1787 1738 1833 1797 1.
1930 1735 2348 1815 Aequiangula
2414 1735 2591 1811 igitur
2664 1747 2804 1797 sunt
2870 1737 3201 1816 triangula,

741 1853 753 1885 .·
1059 1821 1078 1884 s'
1286 1835 1348 1886 et
1397 1826 1498 1897 (Ε.
1551 1826 1662 1897 VI,
1710 1822 1782 1896 4)
1853 1826 2047 1886 latera
2112 1823 2600 1903 proportionalia.
2698 1822 2904 1894 Quare
2976 1836 3046 1886 ut
3092 1824 3207 1888 ΝΕ

777 1993 785 2001 .
870 1996 874 2001 ν
950 1926 954 2018 1
1029 1933 1050 2013 ᾖ]
1286 1915 1363 1975 ad
1401 1912 1506 1974 FO
1556 1914 1642 1974 sic
1685 1915 1766 1974 ΕΙ
1797 1914 1871 1973 ad
1904 1911 2011 1974 01.
2090 1912 2317 1972 Eodem
2365 1913 2540 1973 modo
2588 1913 2881 1992 probatur
2931 1915 2988 1975 in
3035 1913 3205 1975 ΕΡΚ

950 2020 1027 2159 w
1285 1999 3208 2169 3303.”tages2512552311s11ffl231223525

902 2141 978 2305 R.
1285 2181 1459 2242 Prius
1526 2199 1667 2240 vero
1725 2181 1809 2240 sic
1877 2179 2056 2239 etiam
2119 2186 2252 2238 erat
2298 2179 2382 2239 EI
2432 2179 2510 2239 ad
2559 2177 2675 2252 01,
2746 2199 2931 2260 quare
2983 2186 3052 2240 ut
3100 2179 3211 2240 PK

525 2293 581 2338 ..1
898 2245 998 2357 2³1
1287 2269 1365 2330 ad
1413 2267 1530 2329 01<
1578 2268 1664 2330 sic
1710 2269 1797 2328 EI
1846 2268 1922 2327 ad
1973 2265 2078 2327 01.
2154 2266 2236 2326 Et
2283 2266 2383 2338 (E.
2418 2268 2496 2339 v,
2543 2266 2615 2339 5)
2665 2275 2732 2328 ut
2777 2267 2886 2329 Po
2938 2268 3016 2330 ad
3068 2267 3213 2343 OK,

849 2353 871 2357 *⁴
969 2354 970 2357 ’
1038 2353 1142 2357 —
1292 2359 1378 2419 sic
1430 2355 1537 2418 EO
1588 2358 1664 2417 ad
1712 2356 1819 2430 01,
1872 2365 1936 2417 et
1981 2355 2367 2434 permutatim
2419 2363 2482 2415 ut
2530 2354 2637 2417 ΡΟ
2688 2357 2763 2417 ad
2806 2355 2919 2417 ΟΕ
2968 2359 3056 2419 sic
3091 2355 3214 2418 ΚΟ

490 2453 567 2515 ad
635 2450 742 2513 OI.
838 2450 954 2511 Est
1020 2457 1220 2509 autem
1289 2444 1455 2507 ΕΟΡ
1520 2446 1790 2525 aequalis
1852 2444 2069 2523 angulo
2130 2441 2277 2504 IOK
2339 2444 2417 2504 ad
2482 2446 2768 2505 verticem
2832 2446 2976 2507 sito.
3068 2446 3215 2507 'rri-

490 2541 713 2621 angula
779 2538 961 2618 igitur
1008 2535 1207 2611 ΕΟΡ,
1257 2533 1408 2596 ῙΟΚ
1458 2534 1559 2607 (Ε.
1614 2535 1730 2607 VI,
1784 2529 1854 2605 6)
1921 2540 2061 2593 sunt
2121 2532 2521 2612 aequiangula
2586 2543 2649 2595 et
2717 2535 3005 2614 aequales
3072 2543 3219 2596 sunt

491 2628 640 2691 ΟΚΙ
690 2630 784 2691 vel
833 2627 975 2688 PKI
1023 2634 1086 2686 et
1132 2623 1295 2685 OPE
1345 2625 1437 2685 vel
1489 2623 1673 2683 KPE.
1752 2620 1954 2692 Quare
2005 2621 2106 2693 (E.
2140 2622 2188 2693 Ι,
2222 2618 2355 2696 28),
2407 2620 2511 2681 ΕΡ
2560 2629 2621 2682 et
2668 2622 2756 2683 KI
2806 2633 2950 2684 sunt
2997 2624 3217 2704 aequi-

493 2719 808 2781 distantes.
906 2716 1070 2776 Idem
1137 2715 1322 2774 etiam
1389 2713 1463 2772 de
1510 2711 1675 2772 EPK
1733 2721 1796 2772 et
1841 2710 1978 2771 EPI
2041 2729 2242 2770 verum
2310 2720 2444 2783 est;
2512 2729 2665 2789 quae
2734 2711 2904 2772 basin
2971 2712 3217 2793 quidem

491 2824 895 2875 communem,
943 2802 1247 2883 portiones
1311 2820 1450 2862 vero
1509 2799 1972 2879 aequidistantis
2021 2796 2130 2858 FG
2179 2799 2463 2878 aequales
2522 2799 2931 2878 intercipiunt.
3027 2800 3223 2862 Patet

498 2916 643 2976 ergo
693 2891 1084 2975 propositum.

671 2986 924 3045 Lemma
970 2981 1051 3042 II.
1100 2979 1440 3040 Problema.
1520 2977 1876 3038 Punctum
1929 2974 2284 3046 iuvenire,
2337 2976 2522 3053 quod
2573 2977 2892 3038 totidem
2943 2977 3221 3039 diame-

494 3074 640 3135 tris
692 3069 1023 3133 lucentis
1073 3069 1320 3129 distet
1368 3088 1404 3128 a
1455 3068 1781 3138 lucente,
1835 3073 2013 3143 quot
2068 3063 2461 3124 diametris
2523 3067 2922 3126 fenestrae
2972 3067 3223 3127 distat

498 3183 535 3222 a
583 3162 940 3221 fenestra.
1036 3156 1130 3217 Sit
1176 3157 1343 3218 ΝΕΡ
1408 3156 1702 3215 diameter
1769 3152 2048 3226 lucentis,
2119 3153 2288 3231 eique
2357 3153 2770 3230 aequidistans
2828 3164 2890 3214 et
2952 3173 3222 3235 perpen-

502 3249 857 3311 diculariter
924 3248 1200 3326 subjecta
1264 3242 1430 3305 FOG
1502 3244 1796 3303 diameter
1863 3242 2199 3312 fenestrae,
2270 3250 2332 3301 et
2395 3240 2507 3301 ΕΟ
2569 3244 3086 3322 perpendicularis
3144 3244 3224 3304 ad

504 3349 841 3417 utramque.
936 3336 1246 3396 Ducantur
1294 3353 1367 3393 ex
1414 3333 1469 3394 Ν
1521 3340 1583 3391 et
1632 3332 1679 3391 P
1727 3339 1927 3392 rectae
1985 3349 2091 3409 per
2137 3330 2184 3389 F
2232 3339 2293 3390 et
2341 3329 2394 3390 G
2450 3332 2764 3404 terminOS,
2825 3333 3017 3393 donec
3067 3353 3219 3393 con-

498 3433 766 3492 currant.
863 3424 1206 3486 Concursus
1254 3424 1335 3483 sit
1384 3422 1453 3482 1:
1515 3421 1645 3480 dico
1697 3418 1807 3479 hoc
1859 3439 1991 3479 esse
2049 3426 2326 3497 punctum
2385 3418 2756 3497 imperatum.
2855 3419 3007 3483 Cum
3060 3421 3223 3482 enim

499 3516 556 3578 in
612 3515 913 3593 triangulo
961 3512 1106 3574 ME
1158 3511 1333 3571 lateri
1383 3510 1495 3571 M:
1544 3508 1909 3587 aequidistet
1957 3506 2089 3573 FO.
2150 3507 2264 3566 erit
2327 3517 2391 3568 ut
2442 3505 2528 3568 10
2589 3509 2663 3567 ad
2715 3506 2824 3569 OF
2872 3510 2959 3570 sic
3011 3509 3096 3570 11⁴2
3147 3510 3224 3570 ad

502 3603 656 3674 ΕΝ,
726 3623 909 3683 quare
959 3611 1022 3662 ut
1071 3599 1193 3672 10,
1266 3598 1555 3660 distantia
1604 3597 1631 3657 I
1682 3596 1757 3656 ab
1807 3594 1882 3667 Ο,
1933 3596 2007 3655 ad
2058 3594 2159 3655 fc}
2216 3595 2483 3673 duplam,
2549 3616 2701 3676 quae
2763 3607 2860 3657 est
2921 3599 3225 3659 diameter

501 3695 828 3764 fenestrae,
879 3691 963 3753 sic
1005 3690 1088 3751 ΙΕ
1138 3687 1431 3749 distantia
1476 3686 1503 3745 1
1552 3686 1627 3744 ab
1671 3684 1720 3743 Ε
1774 3686 2005 3744 lucente
2054 3684 2129 3743 ad
2171 3684 2298 3756 NP,
2348 3685 2590 3763 duplam
2640 3686 2717 3744 ad
2748 3686 2860 3745 NE
2910 3698 2975 3746 et
3025 3688 3223 3748 dime-

502 3782 749 3842 tientem
820 3780 1110 3851 lucentis,
1183 3776 1337 3856 quod
1406 3783 1535 3834 erat
1604 3772 1960 3833 faciendum.
2074 3772 2227 3832 llinc
2304 3783 2502 3834 autem
2578 3783 2787 3852 patet,
2858 3775 3224 3837 diametrum

507 3872 808 3930 fenestrae
858 3868 1074 3928 debere
1125 3867 1413 3926 minorem
1464 3882 1616 3934 esse,
1668 3880 1842 3939 quam
1894 3861 2162 3921 lucentis,

686 3956 865 4034 Prop.
901 3957 1012 4017 VI.
1066 3953 1234 4015 Cum
1289 3955 1622 4013 fenestra
1671 3950 1991 4010 totidem
2042 3949 2197 4008 suis
2248 3948 3224 4031 dimetieutibusapariete

504 4046 787 4119 distat,
859 4054 1036 4125 quot
1103 4042 1554 4122 superficies
1622 4040 1873 4100 lucens
1942 4038 2137 4098 suis:
2207 4037 2544 4097 confusio
2625 4041 3033 4118 figurarum
3106 4052 3227 4103 est

501 4133 1104 4202 evidentissima,
1154 4143 1223 4191 et
1275 4130 1512 4208 figura
1560 4127 1746 4187 radii
1799 4146 1882 4186 ex
1944 4145 2167 4204 aequo
2225 4125 2645 4204 participat
2694 4128 2775 4187 de
2827 4130 3225 4211 utriusque

503 4222 781 4302 figura.
877 4222 975 4282 At
1024 4240 1172 4280 cum
1224 4218 1695 4298 paucioribus
1744 4216 1900 4275 suis
1949 4215 2517 4274 dimetientibus
2568 4217 2788 4277 abest
2837 4238 2874 4277 a
2922 4220 3226 4298 pariete

503 4314 868 4383 fenestra,
924 4310 1167 4386 figura
1216 4306 1404 4368 radii
1457 4306 1791 4383 situsque
1842 4304 2003 4382 ejus
2051 4303 2354 4381 propius
2404 4304 2706 4365 accedit
2755 4305 2846 4366 ad
2897 4307 3227 4385 figuram

503 4402 899 4462 fenestrae.
1014 4395 1182 4457 Cum
1260 4414 1430 4454 vero
1500 4395 1761 4453 lucens
1836 4391 2323 4470 paucioribus
2402 4391 2555 4452 suis
2647 4393 3229 4458 dimetientibus

503 4490 715 4549 abest
781 4509 816 4546 a
878 4485 1191 4563 pariete,
1269 4484 1515 4562 figura
1584 4481 1771 4541 radii
1822 4481 2049 4557 magis
2118 4481 2451 4541 imitatur
2518 4482 2832 4560 figuram
2900 4484 3228 4546 lucentis

503 4594 763 4638 everso
811 4575 983 4645 situ,
1036 4582 1111 4633 et
1159 4591 1290 4652 quo
1331 4572 1560 4648 magis
1619 4569 1828 4640 illud,
1890 4569 2020 4628 hoc
2074 4568 2304 4646 magis
2362 4578 2435 4628 et
2490 4569 2638 4632 hoc.
2728 4570 2823 4631 Sit
2873 4571 3230 4651 superficies

375 4734 390 4749 .
506 4667 709 4726 lucens
757 4661 1056 4734 QRSPN,
1106 4669 1310 4721 centro
1359 4659 1437 4724 Ε,
1488 4658 1779 4717 diametro
1827 4658 1955 4720 NP.
2007 4656 2089 4716 sit
2135 4667 2196 4717 et
2245 4658 2512 4717 fenestra
2551 4656 2744 4730 FOG,
2791 4659 2884 4720 eui
2923 4660 3040 4721 NP
3087 4661 3229 4722 dia-

507 4761 696 4815 meter
742 4762 806 4813 et
854 4759 986 4810 tota
1040 4750 1230 4829 figura
1287 4745 1649 4825 aequidistet
1705 4745 2276 4823 perpendiculariter
2341 4744 2636 4823 subjecta.
2724 4748 3004 4810 Ducatur
3049 4768 3127 4811 ex
3174 4748 3229 4810 E

506 4838 1013 4920 perpendicularis
1060 4856 1168 4915 per
1215 4835 1308 4906 Ο,
1372 4852 1522 4915 quae
1569 4833 1652 4893 sit
1697 4832 1799 4893 ΕΙ.
1896 4832 1978 4892 Et
2024 4834 2080 4892 in
2142 4834 2299 4893 linea
2342 4832 2424 4893 ΕΙ
2475 4852 2581 4911 per
2630 4835 2850 4896 lemma
2895 4838 3230 4899 secundum

506 4929 846 4995 inveniatur
910 4936 1220 5006 puni-tum,
1291 4923 1446 5003 qnod
1524 4922 1772 4981 totidem
1841 4921 2141 4982 fenestrae
2227 4920 2537 4983 diametris
2598 4923 2762 4986 absit
2827 4943 2865 4984 a
2932 4925 3231 4998 fenestra,
