3692 5842
251 453 318 522 308
745 461 918 512 &nonomine
936 460 997 512 Parc
1016 460 1116 525 Optlea.

251 653 346 714 neque
380 634 445 713 quis
477 641 634 696 contentus
667 654 734 696 esse
764 637 840 698 velit
871 645 905 698 nt
937 639 1068 713 dicatur,
1106 644 1224 717 partem
1253 636 1338 699 illam
1369 636 1504 699 maxima
1532 635 1617 699 Solis

252 724 381 785 refracta
407 723 533 784 lucentis
557 733 644 803 parte
668 724 855 798 camisse.*)

339 812 383 874 Ut
406 821 506 873 autern
531 821 561 874 et
585 816 776 890 ostendatur,
808 816 914 894 quibus
938 817 1097 877 Terrarum
1125 814 1296 894 regionibns
1323 811 1526 877 refractionee
1552 814 1618 893 jam

251 901 454 979 investigatae
487 902 663 978 obveniant,
697 904 740 966 sic
765 924 899 983 agamus.
947 905 1111 967 Testantur
1143 903 1372 966 observationes
1395 902 1552 985 Tychonis
1578 902 1618 963 ad

251 990 472 1070 Uraniburgnm
503 993 757 1068 accommodatae,
789 995 924 1073 coepisse
950 994 1066 1055 Lunam
1100 1012 1254 1074 emergere
1286 993 1376 1073 paulo
1405 1000 1479 1054 ante
1507 991 1618 1054 horam

251 1076 281 1141 7.
306 1075 371 1142 50‘.
418 1079 483 1158 Ego
508 1100 578 1141 vero
602 1101 667 1143 cnm
691 1083 819 1162 primurn
842 1085 906 1162 jam
932 1084 1095 1145 enitentem
1119 1102 1184 1144 sum
1208 1082 1411 1160 conspicatus,
1436 1080 1538 1161 digito
1563 1090 1618 1143 ant

250 1167 341 1246 paulo
366 1169 462 1228 minus
486 1180 605 1232 auctam
629 1171 699 1246 vidi,
726 1173 815 1234 inerit
838 1172 929 1252 igitur
951 1172 984 1234 id
1007 1173 1082 1234 hora
1097 1170 1127 1235 7.
1143 1165 1243 1256 52¹l2‘
1257 1171 1450 1251 Uranibnrgi.
1492 1168 1621 1233 Gradus

251 1265 322 1318 sunt
348 1256 409 1319 127
434 1258 563 1321 circiter.
611 1261 670 1321 Tot
693 1262 837 1340 gradibus
868 1281 974 1324 versus
1007 1263 1193 1324 occidentem
1217 1260 1271 1322 Sol
1295 1261 1325 1323 in
1348 1260 1518 1323 meridiano
1549 1260 1622 1333 init,

251 1344 281 1406 in
305 1345 427 1425 regione
450 1345 602 1410 Jncatana
625 1351 796 1411 Americae.
833 1350 911 1412 Erat
935 1360 1035 1413 autern
1056 1350 1110 1413 Sol
1133 1351 1164 1413 in
1188 1344 1250 1414 23ο
1268 1348 1321 1414 20¹
1342 1354 1367 1426 Q
1391 1349 1525 1424 circiter,
1551 1368 1618 1412 cunr

249 1434 452 1497 declinatione
480 1433 539 1499 13⁰
561 1436 616 1501 47¹
640 1449 718 1520 sept.
765 1440 871 1502 Posito
904 1459 976 1520 ergo
1009 1442 1105 1502 altero
1138 1438 1240 1502 circini
1264 1440 1340 1520 pede
1364 1437 1496 1502 indicti
1522 1438 1616 1499 meri-

252 1523 334 1584 diani
366 1533 397 1585 et
430 1527 568 1605 paralleli
599 1528 828 1603 intersectione,
861 1531 959 1592 altero
992 1539 1118 1591 extenso
1148 1537 1182 1591 ut
1211 1530 1323 1608 gradus
1353 1528 1445 1609 paulo
1476 1526 1548 1607 plus
1571 1524 1614 1591 90

249 1612 408 1689 metiatur,
443 1615 572 1678 circulus
604 1619 753 1680 scribetur
785 1619 1012 1680 illuminationis
1036 1620 1162 1693 Terrae,
1197 1638 1296 1698 aquo
1324 1617 1472 1697 surgebat
1495 1617 1610 1678 umbra

249 1702 282 1762 Is
306 1702 434 1764 circulus
458 1716 652 1785 aequatorem
670 1708 781 1769 Terrae
806 1709 933 1770 secabat
955 1728 1061 1770 versus
1083 1708 1272 1770 occidentem
1293 1707 1373 1769 inter
1396 1725 1510 1768 novam
1535 1703 1609 1766 Gni-

250 1810 338 1852 neam
358 1800 391 1852 et
408 1793 521 1856 insulas
537 1794 708 1858 Salomonis
730 1798 758 1859 in
779 1807 867 1860 vasto
892 1818 1005 1859 oceano
1013 1818 1022 1872 3
1047 1818 1152 1859 versus
1176 1808 1273 1859 ortum
1294 1816 1309 1857 e
1329 1798 1455 1877 regione
1476 1794 1607 1857 Gnineae

251 1880 416 1942 Africanae
441 1886 496 1945 sub
520 1886 613 1965 ipsius
643 1888 839 1949 occidentalis
872 1887 970 1949 litoris
993 1885 1160 1967 Hispaniae
1189 1887 1363 1948 meridiano.
1412 1884 1608 1965 Pertingebat

249 1987 320 2031 vero
344 1988 450 2034 verens
474 1984 609 2036 austrum
633 1976 662 2037 in
687 1976 908 2038 mediterranea
930 1977 1168 2056 Magellanicac,
1198 1997 1257 2057 qna
1280 1976 1451 2037 Peroanam
1481 1983 1606 2056 spectat,

250 2076 357 2122 versus
388 2066 624 2140 septentrionem
656 2066 725 2144 polo
762 2067 827 2145 ipso
859 2068 914 2127 sub
951 2075 1106 2146 aspectum
1136 2066 1218 2128 Solis
1250 2065 1423 2141 vindicato,
1459 2064 1607 2127 transibat

250 2148 376 2210 hiberna
398 2151 585 2217 Batavorum
618 2164 689 2235 post
711 2156 909 2217 Moscoviam.
958 2154 1092 2235 Cumque
1125 2155 1199 2217 hora
1231 2154 1284 2216 illa
1313 2156 1343 2217 in
1377 2156 1432 2216 alt.
1468 2155 1530 2234 poli
1553 2147 1608 2217 ‘li‘

248 2237 377 2302 oriretur
404 2238 463 2304 18⁰
484 2250 513 2317 3(
537 2243 675 2306 circiter:
700 2245 768 2306 hinc
793 2265 831 2306 ex
854 2245 960 2306 tabula
984 2243 1142 2324 Copernici
1168 2246 1238 2307 folio
1257 2241 1301 2307 42
1325 2244 1420 2305 sectio
1445 2244 1607 2306 horizontis

279 2379 333 2446 rig.
354 2378 396 2431 98.
434 2334 665 2485 {tXeYcliptictam
698 2334 728 2483 In
759 2331 1094 2485 schenlratesstidtillv
1118 2335 1176 2397 fuit
1194 2332 1554 2486 bcircitZeYObffiiolrgo
1583 2331 1606 2393 in

554 2442 729 2501 recongno
763 2443 890 2503 angnus
997 2443 1064 2485 aur
1095 2444 1161 2486 curn
1216 2445 1262 2486 asr
1348 2472 1355 2496 ,
1382 2444 1400 2483 a
1512 2441 1561 2483 a:
1582 2441 1606 2483 u

436 2508 493 2576 18⁰
516 2519 545 2587 3<
570 2536 610 2567 =
635 2509 705 2574 25⁰.
752 2514 830 2574 Hinc
853 2512 942 2575 XZY
966 2514 1094 2575 habetur
1117 2514 1237 2575 circiter
1262 2505 1466 2587 71045¹.⁸⁸)
1505 2511 1604 2575 Decli-

433 2604 528 2664 nabat
550 2622 621 2664 vero
647 2600 701 2664 01)
725 2622 815 2664 cornu
839 2603 978 2677 lucidum,
1004 2603 1083 2681 quod
1106 2603 1311 2665 observationi
1332 2623 1420 2684 quarn
1442 2604 1605 2685 proximum

435 2704 491 2767 est,
518 2693 610 2754 etiarn
633 2691 753 2753 circiter
767 2686 828 2754 20ο
847 2714 866 2753 a
880 2691 1017 2753 verticali
1041 2711 1094 2770 per
1118 2703 1254 2755 centrum
1278 2694 1403 2756 umbrae
1428 2694 1478 2754 rel
1494 2692 1604 2755 Lunae.

434 2783 516 2862 Ergo
541 2782 590 2862 qui
613 2799 669 2859 per
692 2791 797 2843 centra
819 2781 924 2843 Lunae
949 2790 980 2843 et
1003 2781 1126 2843 umbrae
1152 2783 1263 2845 transit
1285 2784 1411 2845 secabat
1435 2783 1605 2868 eclipticam

437 2872 545 2950 angulo
570 2864 700 2932 51045‘
724 2870 852 2943 circiter,
878 2880 910 2932 et
932 2877 1036 2950 partes
1061 2874 1182 2934 umbrae
1197 2873 1223 2935 F
1241 2882 1329 2935 erant
1351 2872 1489 2953 proxime
1516 2874 1605 2953 eclip-

383 2952 400 2993 ¹
438 2963 539 3034 ticam,
565 2960 681 3021 Evero
705 2960 840 3040 proxime
864 2961 1048 3021 verticalem.
1086 2962 1162 3023 Illae
1186 2962 1421 3042 projiciebantur
1440 2962 1480 3023 ab
1504 2962 1605 3024 ineolis

245 3048 419 3113 Salomonis
443 3059 474 3111 et
498 3047 619 3111 Gninea
642 3068 737 3122 nova;
762 3048 905 3129 quivero
930 3051 1230 3130 interspergebantur
1254 3052 1387 3126 refracti,
1413 3052 1499 3131 passi
1525 3059 1605 3113 erant

243 3141 458 3203 refractionem
484 3140 511 3200 in
537 3138 660 3200 Africae
686 3138 816 3199 desertis
847 3139 971 3201 intimis.
1019 3140 1085 3200 Hae
1117 3160 1188 3202 vero
1213 3163 1231 3201 a
1255 3141 1462 3220 Magellanica
1485 3149 1603 3202 exortae

243 3230 338 3295 radiis
363 3228 445 3292 Solis
470 3229 499 3290 in
533 3228 724 3289 Finmarohia
757 3236 788 3288 et
816 3228 926 3289 circum
958 3250 995 3290 ea
1028 3230 1095 3291 loca
1127 3230 1267 3292 refractis
1300 3230 1601 3310 interspergebantur·

243 3321 345 3400 Major
376 3319 477 3400 itaque
502 3317 558 3378 init
591 3317 734 3379 refractio
765 3318 821 3378 hoc
850 3329 1000 3380 momento
1028 3318 1057 3380 in
1091 3329 1195 3382 nostro
1229 3320 1434 3399 septentrione
1467 3319 1601 3401 qnamin

244 3410 363 3473 Africa.

333 3497 487 3570 Quantum
510 3496 540 3556 in
563 3494 621 3556 bac
645 3493 718 3555 nulli
750 3493 881 3573 priorum
906 3495 979 3556 trita
1012 3498 1123 3558 semita
1152 3498 1295 3575 prolicere
1318 3497 1420 3575 potui,
1455 3497 1598 3577 praestiti.

244 3589 327 3652 Nihil
352 3585 478 3665 impedit
503 3584 571 3664 quin
597 3585 670 3644 haec
700 3583 836 3645 doctrina
860 3585 897 3644 ad
922 3586 1095 3647 nonnullam
1126 3586 1287 3646 utilitatem
1317 3595 1476 3649 excrescat
1500 3588 1538 3649 ab
1560 3587 1599 3648 bie

245 3678 353 3739 vilibus
378 3683 444 3737 orta
467 3672 641 3735 seminibus.
689 3672 795 3750 ltaque
820 3674 985 3753 quicunqne
1010 3693 1043 3734 es
1066 3673 1207 3735 veritatis
1231 3681 1349 3735 amator
1368 3683 1401 3736 et
1424 3674 1597 3754 cognitionis

244 3786 341 3827 rernm
367 3764 506 3843 cupidus,
540 3762 616 3822 haec
639 3761 669 3821 in
694 3761 787 3840 primo
819 3770 885 3822 ortu
919 3762 1080 3824 imbecillia
1103 3783 1140 3824 ne
1165 3763 1316 3844 opprimas
1346 3763 1504 3840 ludibriis3
1537 3764 1595 3846 quin

245 3854 346 3934 potius
370 3850 509 3914 secundis
532 3849 700 3913 rumoribus
724 3850 841 3911 firmare
866 3860 897 3911 et
921 3852 1049 3914 educare
1073 3850 1200 3914 coneris.

799 4186 919 4287 Caput
946 4187 1045 4261 VIII.

575 4348 631 4410 De
652 4346 764 4409 umbra
788 4347 901 4408 Lunae
924 4354 953 4408 et
975 4346 1109 4409 tenebrio
1131 4345 1266 4410 diamur.

329 4489 481 4552 Pertionit
503 4489 578 4550 haec
602 4486 739 4566 quaestio
760 4487 904 4549 facilioris
925 4488 1095 4551 intellectus
1120 4509 1213 4550 cauea
1237 4490 1275 4551 ad
1300 4509 1345 4562 ea,
1370 4508 1449 4569 quae
1469 4490 1591 4555 infredo

240 4575 378 4640 diametri
402 4580 507 4639 Lunae
531 4576 701 4658 quantitate
725 4594 825 4637 sumus
850 4578 967 4639 dicturi.
1003 4579 1140 4640 Methodi
1164 4596 1234 4640 vero
1260 4578 1414 4658 elegantia
1437 4600 1496 4643 non
1519 4578 1591 4661 pati·

239 4674 289 4728 tur
311 4667 445 4728 umbram
469 4667 572 4727 Lunae
598 4665 635 4726 ab
659 4665 763 4724 umbra
786 4666 896 4726 Terrae
920 4686 1073 4745 separare.

319 4832 345 4898 ⁸)
368 4837 423 4889 lrno
444 4836 552 4889 etalio
573 4835 702 4904 exceptio
723 4836 814 4897 valet,
836 4834 907 4887 haec
928 4852 1043 4905 nempe,
1067 4838 1138 4908 qnod
1160 4836 1251 4890 omnia
1264 4855 1300 4891 ex
1323 4838 1519 4895 aestimatione
1538 4856 1591 4893 rea·

241 4928 320 4968 snum
341 4916 492 4969 constituta
511 4924 542 4967 et
561 4925 721 4969 mensurata
742 4924 819 4975 aunt,
842 4917 1006 4984 praesertim
1030 4917 1078 4971 lol.
1102 4918 1169 4971 307.
1196 4917 1243 4971 lin.
1268 4919 1299 4981 1,
1324 4925 1355 4971 et
1374 4936 1463 4990 supra
1481 4922 1530 4977 lin.
1551 4916 1590 4974 22

239 4999 324 5062 atque
344 4994 390 5049 hie
410 5013 447 5049 ex
468 4995 568 5048 tiducia
588 4994 662 5048 risus
683 4996 766 5048 facile
787 4995 814 5048 in
838 4995 995 5065 quantitate
1017 5012 1151 5051 erremus.
