3692 5842
790 501 897 567 capa
912 502 983 555 vm.
1004 502 1029 553 s.
1537 494 1599 564 att

243 681 412 744 doarinam
426 681 464 744 de
488 680 649 743 altitudine
664 680 809 743 materiae
833 681 1073 760 crepusculorum
1089 699 1155 741 curu
1175 677 1322 741 totalibus
1337 676 1418 740 Solis
1437 675 1601 756 eclipsibus

241 779 274 832 et
296 771 387 832 meris
410 769 545 832 tenebris
570 770 683 831 diurnis
708 771 785 831 citra
807 771 1010 849 prodigiosam
1035 769 1165 831 Lunaris
1195 768 1335 832 diametri
1363 765 1601 847 magnitudinem

240 861 415 923 concilient.
430 854 474 935 ⁶³)

328 950 411 1011 Nam
434 959 469 1011 nt
490 948 676 1028 propositum
700 948 822 1029 propius
846 966 1015 1027 urgeamus,
1041 947 1172 1009 existere
1196 946 1347 1007 interdum
1370 945 1512 1007 tenebras
1535 951 1600 1007 ιιιιιι

234 1038 425 1119 profundas,
459 1038 643 1100 auctoritate
668 1047 700 1100 et
722 1037 857 1099 historiis
882 1037 993 1117 liquido
1017 1037 1170 1116 probatur.
1218 1036 1384 1115 Propterea
1407 1035 1597 1111 Plutarchus,

234 1135 272 1190 ut
294 1127 483 1190 validissimo
507 1135 684 1205 argumento
712 1126 873 1201 evinceret,
897 1128 1015 1187 Lunam
1037 1144 1096 1187 uon
1122 1144 1188 1187 esse
1210 1125 1391 1204 pellucidam
1415 1143 1470 1185 nec
1494 1133 1599 1186 traus-

234 1215 361 1279 mitterc
385 1216 469 1280 Solis
490 1216 613 1289 radios,
647 1216 685 1276 ad
710 1217 865 1293 vulgarem
887 1222 1035 1296 provocat
1058 1213 1284 1295 experientiam.
1331 1226 1465 1289 Tantum,
1492 1213 1598 1293 inquit,

234 1319 322 1372 abest
343 1336 379 1372 ne
400 1318 518 1390 hulgeat,
540 1322 573 1371 ut
593 1332 653 1369 cum
674 1317 737 1386 ipsa
756 1316 785 1369 in
806 1317 880 1370 coitu
901 1317 1018 1369 obscura
1041 1304 1264 1384 (inconspicua)
1296 1315 1340 1379 sit,
1362 1321 1420 1369 tum
1442 1330 1527 1385 saepe
1547 1330 1599 1369 nu·

236 1424 313 1462 merc
334 1408 426 1463 selem
447 1423 555 1478 qnoque
576 1407 737 1460 abscondet.
781 1394 824 1455 Et
842 1394 966 1456 adducit
987 1393 1216 1474 Empedoclem,
1241 1393 1291 1473 qui
1315 1394 1405 1456 etiam
1430 1393 1598 1456 evidentius

238 1486 317 1550 hanc
341 1487 525 1550 senteutiam
548 1485 684 1546 versibus
708 1483 864 1563 exprimit:

532 1612 571 1664 Et
590 1611 695 1664 Terrae
715 1610 836 1679 spatium
856 1616 914 1663 tam
936 1610 1023 1662 latum
1044 1607 1146 1661 lumine
1166 1607 1268 1678 privat,

533 1691 620 1753 Quam
641 1691 729 1744 latum
749 1691 869 1760 glaucae
889 1692 987 1744 Lunae
1009 1687 1200 1757 complectitur
1220 1688 1303 1743 orbis.

325 1805 423 1867 Paule
448 1804 546 1867 miuus
569 1804 704 1884 intellige
729 1804 870 1885 spatium,
895 1813 930 1867 ut
953 1804 1012 1866 fert
1034 1802 1113 1863 ratio
1137 1802 1328 1881 geometrica.
1371 1799 1457 1873 Quae
1481 1801 1622 1882 Empe,

241 1894 333 1957 doclis
366 1894 461 1956 verba
491 1894 672 1955 Plutarchus
709 1894 753 1954 it'a
782 1894 993 1974 prosequitur:
1030 1901 1163 1964 Perinde,
1192 1891 1250 1965 ait,
1281 1918 1314 1956 sc
1341 1903 1414 1957 siin
1439 1908 1547 1957 noctem
1568 1908 1598 1956 et

239 1996 379 2057 tenebras,
401 2011 456 2047 non
477 1994 505 2048 iu
526 1994 602 2047 aliud
623 2000 727 2048 astrrun
748 1995 841 2048 lumen
862 1992 934 2048 Solis
956 1990 1105 2046 incidisset.
1159 1980 1254 2042 Paulo
1285 1989 1355 2060 post
1387 1981 1491 2042 ecdem
1525 2000 1596 2042 usus

239 2082 416 2153 argumento
445 2081 563 2134 noctem
593 2072 798 2152 quotidianam
828 2083 919 2134 ausus
950 2078 998 2132 est
1020 2087 1194 2148 comparare
1218 2089 1285 2131 cum
1309 2070 1356 2131 his
1380 2068 1514 2132 tenebris
1538 2069 1593 2131 sub

238 2161 365 2241 eclipsin
389 2161 487 2237 Solis,
522 2161 648 2241 indeque
674 2171 705 2222 et
729 2162 839 2222 Terrae
869 2169 900 2223 et
923 2161 1028 2222 Lunae
1062 2159 1187 2220 eandem
1219 2159 1350 2220 tribuere
1383 2157 1596 2232 substantiam,

235 2261 399 2333 propterea
422 2251 501 2330 quod
524 2258 650 2329 utraque
665 2248 767 2311 Solem
793 2251 898 2311 eadem
919 2251 1010 2330 plane
1034 2247 1150 2311 ratione
1172 2247 1318 2328 impediat
1336 2250 1483 2329 rebusque
1508 2257 1596 2309 tene-

235 2342 307 2404 bras
331 2340 466 2402 inducat.
515 2339 575 2402 Ubi
597 2339 748 2401 Theonem
772 2359 845 2402 suae
870 2338 982 2401 aetatis
1006 2338 1252 2399 mathematicum
1282 2337 1397 2399 inducit
1423 2338 1514 2417 plane
1538 2337 1595 2399 hoc

234 2431 340 2493 thema
362 2429 584 2499 defendentem,
610 2429 688 2508 quod
712 2448 768 2509 ego
788 2430 855 2509 jam
880 2437 978 2490 tracto
1003 2435 1034 2489 et
1057 2426 1164 2488 iisdem
1187 2428 1373 2506 argumentis
1398 2427 1436 2487 ab
1460 2425 1594 2488 auctori-

234 2528 298 2582 tate
327 2525 465 2580 veterum
500 2518 646 2581 deductis.
700 2530 811 2593 Theon,
838 2518 949 2599 iuquit,
973 2528 1018 2581 hic
1038 2535 1145 2592 noster,
1168 2527 1191 2582 si
1212 2546 1266 2582 non
1287 2526 1458 2591 concedetis,
1489 2523 1594 2576 tantas

234 2608 355 2672 scilicet
377 2608 440 2669 fieri
466 2608 618 2683 tenebras,
650 2617 831 2672 Mimnernum
852 2617 992 2689 allegabit
1012 2624 1041 2670 et
1062 2618 1176 2689 (lydiam
1197 2623 1228 2670 et
1246 2617 1442 2672 Archilochum
1463 2625 1493 2671 et
1513 2633 1594 2687 prae·

232 2706 276 2756 ter
296 2700 350 2753 hos
371 2698 560 2753 Stesichorum
582 2715 615 2752 ac
634 2698 790 2762 Pindarum,
813 2699 860 2769 qui
881 2700 1029 2768 deplorant
1049 2698 1077 2753 in
1098 2698 1250 2753 defectibus
1272 2698 1520 2767 splendidissimum
1541 2698 1594 2752 sibi

233 2780 302 2850 eripi
322 2779 417 2835 Solern
438 2786 468 2833 et
489 2778 568 2849 quasi
588 2779 616 2833 in
637 2780 727 2833 media
746 2788 829 2834 nocte
851 2797 880 2832 se
909 2796 971 2832 esse
998 2779 1145 2849 radiosque
1167 2778 1238 2833 Solis
1265 2780 1412 2833 tenebroso
1443 2779 1509 2833 ferri
1537 2785 1595 2832 tra·

232 2869 314 2925 urite:
349 2886 435 2939 snper
462 2884 554 2922 omnes
585 2858 729 2929 (omnium
753 2858 987 2938 antiquissimus,
1014 2877 1066 2919 seu
1090 2866 1160 2918 aute
1180 2860 1300 2929 omnes)
1324 2870 1468 2933 Homerus,
1486 2854 1594 2930 (Chri-

232 2948 353 3010 stianus
383 2948 493 3029 aliquis
516 2945 642 3008 Esaiam
671 2947 814 3027 adjunget
843 2967 867 3009 c.
895 2946 962 3020 13.)
985 2958 1030 3029 qui
1052 2957 1136 3012 facies
1157 2958 1295 3013 hominum
1315 2965 1397 3012 nocte
1420 2964 1450 3012 et
1472 2957 1594 3030 caligine

233 3047 364 3119 occupari
385 3047 435 3112 ait,
457 3046 604 3118 Solemque
625 3053 655 3101 et
674 3048 782 3101 Lunam
803 3049 836 3100 de
857 3049 935 3102 coelo
955 3048 1082 3117 periisse.
1110 3038 1197 3099 Adeo
1222 3038 1278 3099 hoc
1302 3037 1381 3116 apud
1400 3036 1596 3099 Plutarchum

233 3128 263 3190 in
297 3127 439 3190 confesso
470 3134 528 3188 est.
574 3126 621 3187 De
650 3124 825 3189 Stesichoro
854 3134 885 3187 et
913 3126 1045 3188 Pindaro
1078 3126 1193 3188 Plinius
1224 3127 1275 3189 lib.
1312 3126 1353 3189 ΙΙ.
1383 3145 1450 3206 cap.
1485 3122 1535 3189 12.
1565 3126 1595 3187 in

233 3217 310 3279 hunc
335 3215 473 3278 modum:
516 3226 663 3281 Hominum
690 3234 781 3280 mente
804 3227 831 3281 in
857 3227 1009 3280 defectibus
1035 3227 1180 3281 stellarum
1206 3229 1315 3280 scelera
1335 3231 1386 3280 aut
1405 3232 1520 3281 mortem
1541 3226 1593 3281 ali·

234 3324 315 3382 quam
344 3306 463 3370 siderum
490 3313 626 3376 parente:
659 3324 711 3378 quo
733 3308 760 3361 in
781 3314 856 3361 metu
877 3306 963 3361 fuisse
985 3306 1136 3361 Stesichori
1156 3314 1187 3361 et
1206 3306 1318 3362 Pindari
1342 3313 1438 3362 ratum
1464 3306 1593 3361 sublimis

233 3404 282 3442 era
302 3388 400 3459 palam
421 3392 473 3452 est,
497 3386 615 3458 deliquio
636 3386 717 3441 Solis.

320 3464 501 3529 Cleomedes
524 3466 604 3528 idem
627 3467 717 3544 plane
740 3484 807 3527 cum
826 3464 988 3527 Plutarcho
1011 3484 1175 3545 persuasus
1199 3484 1308 3526 causas
1332 3464 1425 3526 etiam
1449 3466 1587 3544 phaeno-

229 3555 309 3618 meni
334 3555 576 3617 decantatissimi
603 3555 729 3615 reddere
757 3555 931 3634 profitetur,
967 3574 1019 3616 cur
1042 3555 1128 3616 Luna
1151 3552 1232 3615 Solis
1262 3553 1363 3615 radios
1396 3573 1455 3615 non
1484 3562 1589 3617 trans-

230 3646 354 3720 mittat,
380 3645 458 3725 quod
482 3663 520 3707 ex
543 3652 607 3705 tam
629 3644 785 3723 profundis
810 3644 942 3704 tenebris
976 3643 1192 3723 colligebatur;
1225 3644 1319 3716 item,
1349 3671 1397 3707 eur
1425 3672 1485 3708 cum
1510 3656 1593 3709 Luna

227 3737 318 3791 minor
340 3735 386 3801 sit,
408 3734 501 3791 Solem
522 3737 644 3790 occultet
664 3734 788 3789 omnihus
810 3735 932 3805 corporis
953 3734 1014 3805 ejus
1034 3736 1162 3808 partibus
1183 3735 1298 3789 obstans
1323 3735 1430 3805 totique
1451 3735 1511 3804 ejus
1532 3734 1591 3789 dia·

227 3833 319 3882 metro
342 3827 486 3880 cabanas.
532 3815 573 3877 Et
609 3834 673 3876 cum
707 3814 838 3893 priorum
876 3816 1075 3894 quorundam,
1108 3813 1266 3894 Sosigenis
1295 3822 1382 3896 puto,
1420 3815 1590 3894 opinionem

226 3904 449 3977 recensuisset,
484 3916 554 3985 quod
585 3914 613 3968 in
644 3914 775 3984 perfectis
806 3913 1060 3983 conjunctionibus,
1092 3918 1200 3985 quaudo
1231 3921 1327 3969 centra
1356 3914 1531 3971 luminarium
1560 3916 1589 3971 in

227 3997 327 4051 cadem
348 4001 428 4050 recta
448 4002 607 4058 cernantur,
629 3994 701 4050 Solis
723 3993 815 4048 orbita
836 3994 937 4050 circulo
957 3997 1064 4050 Lunam
1087 3997 1273 4067 amplectatur
1292 3995 1413 4066 undique
1434 3998 1587 4053 excedens:

229 4095 322 4137 susus
351 4081 400 4136 est
429 4074 549 4155 obloqui
578 4073 771 4147 Cleomedes,
810 4074 895 4153 quasi
926 4103 979 4138 non
1008 4086 1045 4140 sit
1074 4086 1127 4139 hoc
1157 4086 1351 4141 observatione
1379 4088 1588 4156 deprehensum.

226 4175 341 4231 Fuisset
360 4174 441 4239 enim,
465 4163 579 4244 inquit,
613 4173 693 4228 nohis
722 4174 797 4228 visus
828 4180 930 4229 extans
964 4176 1017 4230 iste
1046 4176 1161 4241 limbus,
1198 4192 1257 4229 curu
1288 4176 1325 4229 sit
1359 4176 1586 4247 fulgentissimus.

228 4256 277 4317 Ita
299 4255 391 4334 plane
415 4254 474 4316 sibi
497 4272 613 4334 qnoque
637 4254 749 4314 totales
773 4253 902 4333 eclipses
927 4254 1009 4316 visas
1032 4255 1163 4317 affirmat
1186 4262 1218 4317 et
1241 4255 1381 4334 generale
1407 4255 1462 4316 hcc
1486 4256 1589 4318 thema

228 4343 313 4406 iacit.
360 4343 427 4405 Hoc
459 4342 537 4404 idem
560 4342 732 4404 Martianus
757 4341 903 4422 Capella:
934 4356 1045 4419 Crebro,
1071 4344 1184 4425 inquit,
1215 4353 1243 4409 in
1271 4354 1382 4409 climate
1402 4354 1459 4408 Dia
1477 4353 1587 4411 Merces

225 4442 391 4515 proveniens
412 4442 485 4498 Solis
515 4443 639 4497 defectus
667 4442 791 4512 ejusdem
818 4462 856 4498 ex
881 4446 953 4498 omui
978 4452 1060 4514 parte
1086 4452 1175 4499 totum
1202 4444 1378 4499 obumbravit
1397 4446 1499 4499 orbem.
1543 4435 1586 4497 Et

225 4522 430 4602 Albategnius
453 4541 508 4603 pro
532 4523 672 4583 confesso
696 4530 823 4601 usurpat
846 4531 944 4585 totum
963 4522 1065 4585 Solem
1088 4524 1161 4603 tegi.
1193 4524 1320 4585 Vitellio
1345 4523 1437 4584 etiam
1461 4542 1584 4586 causam

225 4612 328 4686 affert,
355 4630 408 4672 cnr
431 4612 459 4673 in
484 4611 574 4674 totali
597 4610 679 4672 Solis
713 4612 834 4673 defectu
857 4613 944 4674 Luna
967 4614 1049 4674 cerui
1071 4613 1180 4693 possit.
1225 4611 1268 4673 Et
1291 4613 1320 4673 in
1342 4630 1462 4674 summa
1485 4614 1583 4675 nullus

225 4720 356 4783 unquam
387 4700 445 4763 fuit
472 4709 678 4773 astronomus,
712 4701 762 4781 qui
790 4702 847 4763 hoc
874 4702 939 4764 fleri
970 4703 1159 4765 dubitasset:
1191 4709 1379 4783 quotcunque
1403 4701 1583 4765 diametrum

225 4791 331 4853 leucae
352 4790 500 4870 morem
523 4810 592 4852 esse
615 4790 768 4853 tradidere
791 4790 939 4853 diametro
962 4790 1046 4855 Solis
1069 4794 1108 4855 ad
1131 4792 1246 4865 visum;
1271 4810 1375 4853 omnes
1399 4801 1501 4854 autem
1525 4793 1581 4856 hoc

226 4880 363 4943 decuere.
409 4880 476 4943 Nec
496 4881 624 4943 mirum:
656 4882 763 4959 plenae
787 4899 914 4960 namque
937 4889 1009 4943 suut
1032 4881 1177 4944 historiae
1199 4881 1421 4961 exemplorum,
1455 4900 1581 4962 querum

227 4965 326 5051 aliqua
348 4981 387 5031 ex
400 4969 567 5032 llaestliuo
591 4977 623 5031 et
636 4970 807 5032 Mercatore
831 4978 864 5030 et
886 4968 1039 5034 historicis
1063 4971 1195 5053 antiquis
1217 4970 1248 5032 in
1267 4970 1398 5032 medium
1417 4971 1578 5035 adducam.

226 5058 303 5122 lin
319 5059 401 5123 *haec
423 5060 753 5124 enumerationes
780 5066 900 5123 unhrm
926 5060 979 5123 hic
1005 5060 1095 5125 culis
1125 5068 1188 5133 est,
1221 5059 1277 5124 sed
1304 5060 1396 5125 stiam
1428 5062 1467 5126 ad
1497 5060 1580 5127 aliud
