3692 5842
321 464 365 534 60
739 473 841 522 Literaa
859 472 961 535 Kepleri
983 471 1131 537 aliorumque
1148 478 1247 521 mutuae

414 650 497 712 Tuae
523 650 627 711 literae
652 649 799 710 vaticinia
824 655 903 710 sunt.
951 648 1137 710 Praescribis
1166 648 1283 710 modum
1308 647 1488 711 observandi
1512 646 1689 726 parallaxiu

322 748 469 802 cometae.
516 738 562 799 En
587 738 642 798 tibi
669 746 834 811 cometam,
864 756 950 817 quem
975 733 1027 799 26.
1053 736 1138 817 Sept.
1163 739 1289 818 primum
1314 736 1375 799 vidi
1410 737 1477 809 (alii
1501 734 1554 799 25.
1580 735 1690 816 Sept.)

320 828 351 910 ig
382 823 436 892 18ο
459 832 500 903 εἶ,
527 828 582 888 lat.
600 820 706 903 367,ο
728 847 754 888 c.
802 828 911 887 Fertur
935 827 962 886 in
988 826 1097 887 circulo
1122 845 1245 904 magno,
1271 826 1322 906 qui
1346 834 1433 888 secat
1457 825 1634 905 eclipticam
1659 825 1689 885 iu

322 918 387 978 loco
413 935 508 977 novae
533 916 655 988 stellae,
691 934 748 994 quo
768 917 861 976 fertur
889 925 1017 976 cometa.
1064 915 1180 979 lindius
1204 915 1233 975 in
1258 911 1320 978 26⁰
1342 925 1389 980 Ω
1413 914 1484 991 fuir,
1509 915 1564 976 lat.
1579 906 1691 995 3421,ο

322 1024 347 1067 c.
365 1003 395 1068 2.
417 1004 486 1067 Oet.
532 1005 603 1067 Etsi
627 1005 701 1065 haec
724 1004 824 1082 potius
848 1004 987 1065 mouendi
1012 1024 1113 1078 causa,
1143 1023 1230 1084 quam
1254 1012 1288 1066 ut
1311 1012 1341 1066 te
1361 1023 1467 1084 meque
1491 1004 1586 1066 selim
1610 1002 1687 1064 lati·

323 1113 397 1174 gare
421 1094 639 1173 parallaribus.
687 1093 765 1154 Nam
790 1093 815 1154 si
840 1093 887 1153 rel
912 1092 943 1154 in
968 1092 1031 1171 ipso
1055 1092 1168 1154 vertice
1197 1101 1280 1154 esset
1303 1093 1441 1155 alterutri
1465 1101 1604 1155 nostrum
1629 1091 1689 1152 ha·

324 1184 469 1260 beretque
502 1181 672 1261 parallaxin
696 1182 857 1244 maximam
882 1176 952 1243 66⁴:
977 1182 1061 1242 vides
1085 1182 1114 1242 in
1138 1200 1206 1243 mea
1229 1182 1427 1261 parallactica
1450 1187 1543 1254 (comp.
1564 1189 1626 1255 opt
1641 1203 1687 1239 au-

321 1286 374 1329 uot.
394 1276 458 1340 89),
488 1272 647 1333 intervallo
680 1268 720 1334 4⁰
747 1271 850 1332 circuli
884 1270 984 1350 magni
1017 1278 1132 1331 tautum
1161 1264 1238 1351 ‹l'l2‘
1272 1271 1443 1332 habiturum
1475 1269 1685 1350 parallaxeos.

321 1357 401 1430 Quis
425 1379 496 1421 vero
521 1361 595 1421 haec
618 1361 648 1421 iu
673 1369 735 1421 tam
760 1359 908 1438 inaequali
934 1369 1068 1420 cometae
1093 1359 1196 1420 diurno
1221 1359 1298 1420 citra
1317 1379 1447 1422 errorem
1472 1357 1687 1421 discerneret?

321 1449 478 1528 Aequasit
502 1455 620 1510 cometa
643 1449 759 1510 Lunam
785 1448 955 1510 eeleritate.
1003 1447 1171 1511 Contentus
1195 1447 1237 1508 sis
1261 1448 1358 1510 hisee:
1390 1467 1458 1509 nam
1483 1467 1531 1509 me
1556 1465 1688 1527 superas

322 1537 570 1599 observationum
595 1538 787 1599 dexteritate.
835 1537 915 1597 Vale
945 1546 976 1597 et
998 1555 1094 1616 pauca
1117 1536 1187 1597 boni
1210 1537 1346 1612 consule,
1382 1537 1476 1598 donec
1500 1536 1569 1599 Deo
1594 1537 1688 1598 dante

341 1627 409 1688 lura
433 1646 465 1686 se
490 1636 608 1688 uantur.

319 1644 338 1705 p
409 1646 564 1777 Respllmsum
582 1715 719 1779 Breuggeri
740 1711 775 1774 (d.
795 1710 836 1761 30.
858 1710 927 1773 Oea)
948 1712 980 1762 ad
998 1713 1043 1761 has
1062 1713 1164 1777 Kepleri
1183 1713 1266 1763 literas
1284 1715 1343 1762 item
1362 1713 1459 1762 brevius
1478 1720 1518 1763 est
1536 1727 1620 1778 neque
1640 1711 1687 1762 alt·

321 1785 378 1852 quid
398 1786 430 1834 ad
450 1786 566 1850 Opticam
584 1787 709 1850 pertinens
729 1785 835 1833 exhibet.
885 1784 966 1843 Quam
985 1785 1085 1833 obrem
1104 1784 1143 1833 hic
1161 1784 1222 1834 illud
1240 1783 1402 1834 omittendum
1416 1798 1555 1844 censemus,
1585 1793 1687 1835 αωο-

319 1865 392 1906 nutes
410 1860 462 1918 jam
482 1857 514 1905 ad
534 1859 680 1920 posteriores
700 1857 809 1918 ejusdem
829 1856 928 1913 literas,
958 1857 982 1903 in
1011 1855 1097 1919 quibus
1123 1864 1270 1920 argumenta
1293 1869 1308 1903 a
1331 1855 1440 1918 Keplero
1464 1854 1546 1904 allata
1565 1868 1687 1905 enarrare

321 1937 434 1977 conatur.
473 1928 510 1977 Ex
529 1929 566 1977 his
584 1929 661 1977 literis
680 1935 706 1976 et
725 1942 738 1976 e
756 1926 860 1989 Kepleri
879 1928 1037 1989 responsione
1057 1926 1144 1974 eadem
1163 1940 1213 1989 qua
1231 1941 1305 1989 snpra
1323 1928 1419 1975 ratione
1447 1939 1479 1975 ea
1505 1928 1686 1990 excerpsimus,

320 2012 384 2062 quae
414 1998 529 2061 Opticam
559 2001 681 2054 attinent.
714 1998 807 2061 reliqua
828 1997 859 2045 ad
883 1998 957 2046 libres
983 1997 1014 2046 de
1039 1995 1118 2045 Stella
1146 2012 1209 2046 nora
1238 2006 1311 2062 atque
1337 1997 1367 2045 de
1394 1996 1503 2046 Cometis
1532 1999 1688 2061 pertinentia

319 2070 357 2119 lxix
375 2072 521 2120 inserentes.
1574 2107 1579 2117 ·

408 2140 448 2191 De
468 2141 636 2205 Opticis‚
656 2143 740 2192 scribit
758 2140 1009 2203 Breuggerus.
1028 2151 1238 2200 supervacaneum
1257 2138 1320 2187 duco
1339 2139 1418 2187 multa
1436 2138 1539 2194 addere.
1559 2139 1687 2204 siquidem

317 2214 370 2273 lam
390 2213 485 2275 aliquot
503 2214 587 2264 allatis
606 2215 732 2263 instantiis
752 2213 813 2260 satis
833 2211 1015 2264 demonstrari.
1041 2209 1143 2257 locum
1162 2210 1315 2273 imaginis
1342 2224 1387 2272 per
1414 2211 1575 2259 reflexionem
1607 2224 1686 2275 appa·

318 2284 394 2332 rantis
414 2299 535 2333 concursu
553 2296 651 2335 tnamm
670 2284 790 2333 lineamm
809 2281 973 2330 metatricium
993 2280 1088 2327 deliniri
1107 2295 1155 2327 uon
1175 2295 1253 2342 posse.
1292 2280 1320 2329 ld
1339 2296 1396 2329 saro
1415 2280 1688 2345 inprimis‘lueulauter

317 2355 415 2404 ostendi
443 2357 611 2419 experimento
638 2370 693 2404 meo
719 2355 750 2402 de
777 2352 878 2415 speculo
907 2364 1015 2399 concavo
1040 2351 1169 2399 uerissime
1197 2352 1328 2414 proposito.
1372 2352 1432 2400 Esto
1461 2354 1528 2401 euius
1556 2352 1687 2416 speculum

801 2436 936 2471 concavum
947 2420 998 2476 Bc,
1018 2424 1087 2483 cujus
1107 2430 1217 2471 centrum
1237 2421 1260 2469 D
1279 2437 1322 2486 pro
1335 2424 1432 2472 ratione
1451 2425 1489 2472 sui
1501 2424 1687 2474 semidiametri

801 2495 918 2542 elevatur.
956 2492 1008 2541 Res
1027 2493 1089 2547 risa.
1108 2493 1158 2540 sire
1177 2492 1262 2557 globus
1283 2494 1333 2542 sire
1351 2493 1444 2551 lumen,
1464 2495 1489 2542 in
1508 2494 1564 2544 loco
1584 2495 1688 2545 sublimi

799 2579 874 2627 supra
893 2562 1019 2627 speculum
1039 2562 1161 2611 elevatum
1182 2564 1212 2611 A.
1252 2562 1323 2612 Oculi
1342 2563 1390 2613 dun
1409 2566 1560 2629 spectatoris
1581 2566 1644 2616 Est
1656 2566 1686 2624 F.

800 2637 875 2685 etiam
895 2635 985 2683 elevari
1003 2634 1121 2682 nonnihil.
1160 2634 1189 2682 ln
1210 2635 1252 2682 tali
1271 2636 1352 2697 positu
1370 2636 1503 2698 objectiA
1529 2638 1629 2700 speeies
1648 2652 1684 2688 re

799 2707 908 2755 flectitur
932 2720 948 2752 a
976 2704 1069 2752 duobus
1089 2705 1181 2767 speculi
1207 2706 1267 2754 locis
1286 2705 1307 2754 B
1328 2713 1354 2754 et
1372 2705 1392 2754 C
1411 2708 1444 2756 ad
1463 2707 1549 2757 oculos
1569 2709 1590 2757 i'
1610 2719 1638 2759 et
1656 2708 1688 2766 E.

799 2792 829 2826 ex
856 2791 903 2839 quo
933 2775 961 2822 iit
988 2784 1016 2823 ut
1043 2777 1124 2839 imago
1152 2778 1205 2837 ejus
1224 2785 1345 2839 appareat
1363 2778 1472 2841 gemina.
1501 2793 1556 2828 uua
1577 2780 1688 2830 iuliuea

799 2847 954 2897 retractionis
974 2845 1093 2908 producta
1113 2846 1187 2898 ΓΒΗ,
1208 2847 1287 2896 altera
1307 2850 1331 2895 iu
1349 2848 1417 2897 linea
1436 2848 1516 2899 ECK.
1555 2849 1608 2900 ilie
1627 2852 1688 2917 quia

800 2932 932 2967 concursus
951 2917 1071 2965 linearum
1090 2919 1255 2966 metatricium
1275 2917 1303 2966 fir
1322 2920 1347 2967 iu
1367 2919 1402 2974 G.
1430 2935 1460 2969 ex
1488 2929 1535 2970 tua
1554 2925 1687 2972 sententia

692 3039 700 3058 1,
718 2989 720 2995 ’
800 2988 900 3036 deberet
920 2989 1002 3051 imago
1023 3000 1141 3049 apparere
1160 2989 1236 3037 unica
1254 2990 1279 3036 in
1297 2989 1350 3051 ipso
1369 2989 1391 3037 G
1410 2992 1475 3040 citra
1487 2992 1639 3055 speculumr
1659 3001 1687 3043 at

685 3065 689 3074 '
800 3060 953 3121 experientia
971 3058 1025 3105 illas
1045 3058 1143 3106 exhibet
1161 3061 1284 3122 geminas,
1304 3074 1396 3124 easque
1414 3069 1471 3125 post
1489 3064 1632 3126 speculum,
1650 3066 1688 3114 ita

800 3137 828 3177 ut
846 3129 931 3178 oculus
952 3128 1036 3177 dexter
1055 3128 1075 3176 E
1094 3129 1228 3193 imaginem
1255 3140 1342 3179 cernat
1366 3140 1421 3194 post
1439 3135 1569 3183 sinistram
1589 3135 1687 3200 speculi

800 3206 895 3263 partem
916 3199 951 3255 C,
971 3200 995 3246 in
1015 3199 1080 3247 linea
1100 3198 1159 3254 CK.
1179 3202 1277 3249 sinister
1294 3216 1350 3250 rere
1370 3203 1389 3250 F
1415 3211 1471 3267 post
1494 3204 1612 3256 dextram
1632 3210 1687 3270 elus

801 3277 895 3333 partem
915 3270 936 3317 B
955 3271 980 3317 iu
999 3268 1066 3318 linea
1085 3269 1139 3319 ΒΗ.
1178 3271 1214 3319 Ex
1233 3286 1280 3335 quo
1300 3280 1325 3320 et
1344 3274 1399 3321 aliis
1417 3275 1502 3324 multis
1521 3276 1651 3330 hactenus
1670 3292 1687 3328 a

799 3356 840 3390 me
858 3341 983 3403 productis
1002 3343 1166 3390 convincitur.
1192 3356 1337 3391 concursum
1361 3348 1531 3395 metatricium
1558 3364 1610 3397 nou
1630 3363 1687 3399 etse

798 3412 879 3460 locum
904 3412 1025 3474 imaginis.
1070 3410 1160 3458 l'emm
1185 3414 1243 3475 quia
1266 3413 1349 3469 siden.
1378 3416 1422 3463 tibi
1447 3420 1604 3481 propositum
1631 3433 1688 3470 esse

800 3484 950 3531 sententiam
970 3482 1045 3529 semel
1064 3489 1205 3543 susceptam
1219 3486 1290 3538 tueri.
1310 3485 1366 3532 nolo
1380 3487 1486 3550 amplius
1504 3489 1551 3537 tibi
1564 3492 1688 3541 molestus

801 3567 864 3607 esse.
884 3553 1028 3614 praesertim
1048 3567 1103 3600 curu
1123 3568 1170 3601 non
1191 3553 1308 3611 dubitem,
1329 3557 1387 3617 quin
1400 3559 1453 3620 ipse
1473 3559 1612 3623 aliquando
1633 3565 1688 3625 ejus

433 3635 451 3678 s
799 3624 935 3671 falsitatem
954 3624 987 3669 sis
1011 3622 1225 3684 deprehensursus.
1253 3647 1287 3658 -
1314 3625 1386 3686 Quod
1406 3630 1517 3678 ostendis
1538 3627 1574 3694 (p.
1590 3631 1688 3692 ΜΝ

422 3689 444 3738 F
540 3698 561 3742 r.
800 3709 848 3741 uno
869 3701 960 3756 puncto
980 3694 1013 3741 rei
1028 3693 1126 3741 visibilis
1139 3695 1246 3743 infinitos
1260 3697 1291 3745 ad
1305 3698 1421 3760 pupillam
1435 3700 1518 3749 radios
1532 3705 1686 3764 transmitti,

316 3778 495 3827 supervacuum
523 3776 570 3816 est.
613 3769 700 3833 Neque
724 3769 789 3816 enim
813 3764 859 3813 hoc
879 3778 959 3826 nego.
986 3763 1029 3812 sed
1055 3765 1080 3812 id
1104 3765 1238 3819 contendo.
1263 3768 1326 3829 quod
1350 3783 1379 3816 ex
1403 3770 1507 3819 infinitis
1532 3772 1582 3822 illis
1609 3777 1689 3825 radiis

315 3849 379 3886 unus
404 3836 493 3884 saltem
516 3839 540 3886 iu
564 3841 634 3888 oculo
660 3840 809 3902 recipiatur,
828 3838 868 3897 qni
894 3849 992 3882 sensum
1010 3844 1121 3890 movent.
1147 3850 1195 3883 non
1218 3837 1278 3893 duo.
1301 3839 1392 3888 nedum
1417 3841 1517 3891 infiniti.

407 3906 604 3985 lieplerus:
630 3911 748 3971 Novum
765 3906 903 3986 producis
920 3916 1126 3982 argumentum
1142 3916 1246 3967 centra
1262 3929 1358 3970 meam
1375 3912 1547 3990 opinionem
1563 3915 1602 3976 de
1620 3918 1688 3979 loce

317 3992 457 4071 imaginis
473 4013 526 4073 per
541 3998 715 4060 metrtrices
731 3992 908 4057 deliniendo.
934 3994 992 4053 liin
1009 4001 1070 4068 est,
1090 4012 1157 4055 cnm
1172 3994 1226 4055 tibi
1241 3998 1340 4058 remisi
1357 4002 1594 4077 generalitatem
1611 4024 1687 4086 pre-

316 4082 477 4160 positionis
493 4103 587 4146 ureae.
614 4087 680 4148 Non
697 4103 818 4164 semper
832 4081 1007 4141 metatrices
1023 4083 1098 4141 (lirae
1115 4083 1215 4143 sociae
1232 4084 1376 4148 definiunt
1389 4089 1497 4154 locum.
1523 4091 1688 4157 Interdum

319 4189 377 4231 uon
402 4180 505 4249 potest
528 4173 587 4234 nisi
612 4194 687 4236 nnus
711 4170 847 4236 adbiberi
872 4169 992 4239 oculus,
1027 4179 1095 4230 tuuc
1129 4171 1211 4232 locus
1241 4172 1381 4252 imaginis
1410 4179 1445 4237 tit
1469 4179 1595 4257 dubius,
1633 4191 1689 4245 aut

318 4258 410 4319 fundo
444 4261 557 4338 speculi
589 4273 713 4341 putatur
747 4261 921 4321 adhaerere.
978 4258 1013 4317 ln
1043 4258 1148 4334 posita
1175 4278 1244 4320 sero
1270 4261 1528 4329 demonstratione
1553 4270 1688 4341 falleris.

320 4347 403 4408 locus
428 4348 566 4426 imaginis
591 4363 717 4430 utroque
742 4349 828 4409 oculo
852 4347 936 4406 risus
959 4352 1008 4404 est
1031 4347 1147 4407 omnino
1172 4346 1214 4420 G,
1248 4350 1385 4414 eleratus
1409 4373 1502 4434 supra
1526 4363 1689 4438 speculum

317 4453 424 4496 versus
448 4438 567 4509 oculos3
592 4438 671 4517 quod
696 4436 785 4498 facile
808 4442 909 4514 patet,
934 4432 960 4491 si
983 4432 1100 4493 visibile
1115 4436 1145 4495 A
1160 4436 1201 4496 sit
1224 4438 1312 4499 valde
1335 4442 1469 4518 risibile,
1495 4454 1530 4507 ut
1553 4450 1690 4511 candela

318 4523 356 4583 de
380 4533 479 4584 nocte.
528 4519 682 4586 Vidistine
706 4532 811 4603 guttas
844 4521 901 4582 olel
926 4519 973 4579 vel
998 4519 1095 4599 adipis
1124 4524 1297 4588 innatantes
1316 4530 1444 4607 jusculis
1469 4534 1510 4594 ad
1533 4537 1688 4599 candelas

317 4610 459 4671 ardentes
483 4620 515 4671 et
538 4612 575 4673 iis
599 4612 855 4691 supervolitantes
878 4608 1040 4684 igniculos,
1074 4611 1190 4689 species
1204 4614 1368 4678 candelae?
1393 4621 1437 4699 (p.
1455 4617 1526 4696 56.)
1561 4623 1686 4707 Nempe

317 4697 345 4757 in
370 4698 502 4760 inferiori
527 4720 604 4761 casa
628 4709 714 4778 parte
735 4706 840 4777 guttae
864 4696 1061 4774 repercutitur
1084 4699 1184 4759 radius
1208 4703 1351 4765 candelae
1382 4708 1420 4768 ad
1451 4710 1557 4772 oculos
1589 4714 1687 4795 litque

317 4784 402 4846 locus
426 4787 566 4866 imaginis
591 4789 682 4850 altior
705 4795 802 4866 gutta.
850 4784 929 4845 lt'aru
953 4782 977 4842 si
1002 4785 1030 4845 A
1060 4804 1116 4846 non
1141 4786 1182 4848 sit
1212 4790 1299 4851 valde
1324 4793 1442 4858 risibile
1467 4807 1500 4859 et
1523 4804 1686 4881 speculum

317 4880 424 4933 contra
456 4875 640 4949 evidentius,
674 4884 744 4936 tuuc
778 4872 890 4951 speculi
923 4872 952 4932 in
979 4870 1031 4933 CB
1055 4874 1136 4937 color
1163 4877 1242 4955 rapit
1274 4880 1312 4940 ad
1346 4902 1379 4942 se
1405 4885 1504 4949 risum
1528 4899 1561 4952 et
1585 4893 1686 4955 siucit

317 4959 446 5041 speciem
470 4963 599 5025 debilem
623 4964 653 5025 in
679 4961 707 5024 G
732 4971 873 5024 stantem.
921 4959 1027 5041 ltaque
1048 4971 1172 5044 utroque
1191 4964 1276 5027 oculo
1300 4968 1330 5030 in
1355 4968 1380 5034 0
1401 4973 1534 5052 directo,
1558 4980 1686 5045 videtur
