3692 5842
243 487 309 555 560
857 489 984 553 preparas

243 668 361 730 omnino
385 667 549 747 proximae,
576 667 673 729 etsie
698 689 717 728 a
739 686 834 746 parva
857 667 995 747 portione
1020 685 1171 728 convexae
1196 665 1289 728 lentis
1318 665 1472 745 allapsae:
1505 683 1577 744 quare

243 765 311 837 (per
326 755 457 829 CXIX.)
483 756 590 817 debilis
615 764 662 818 est
685 756 763 817 visio
786 776 840 836 per
863 757 973 818 lentem
997 774 1090 835 parvo
1114 753 1258 816 caritatis
1282 754 1406 816 circulo.
1452 751 1527 814 Idem
1546 753 1578 824 it,

241 846 267 907 si
292 846 329 908 de
353 846 488 908 cavitate
512 845 613 924 magni
638 844 729 906 etiam
754 844 856 906 circuli
876 846 918 906 sit
940 845 1040 923 portio
1064 851 1197 920 angusta
1219 854 1253 905 et
1276 843 1372 905 minor
1394 841 1513 921 pupilla.

331 932 447 996 CXXI.
495 934 728 1014 Propositie.
783 934 934 996 Portionis
967 935 1004 994 de
1036 932 1258 1013 hemisphaerio
1292 950 1347 1010 per
1384 931 1481 991 lentes
1514 929 1580 990 visae

241 1043 312 1104 pars
337 1022 438 1083 media
461 1031 492 1084 et
515 1022 754 1102 perpendiculari
771 1022 908 1102 proxima
922 1023 1033 1084 clarius
1053 1030 1085 1083 et
1108 1020 1215 1082 fortius
1240 1021 1361 1082 ridetur
1383 1037 1472 1099 quam
1493 1016 1582 1078 limbus

241 1111 444 1175 circumcirca.

332 1198 434 1261 Causa
481 1200 518 1260 ad
566 1199 682 1260 oculum
729 1207 815 1277 patet
857 1200 885 1259 in
933 1199 1088 1260 schemate
1135 1195 1184 1259 12.
1232 1197 1261 1257 in
1300 1216 1360 1277 quo
1397 1195 1440 1257 sit
1475 1195 1583 1256 latitudo

241 1290 372 1368 pupillae
398 1287 468 1358 QG.
517 1286 631 1348 Oculus
665 1288 741 1348 enirn
775 1289 803 1347 in
828 1286 889 1357 QG
922 1308 976 1348 seu
1007 1286 1102 1347 nudus
1135 1306 1187 1347 seu
1219 1291 1383 1364 praetenta
1414 1283 1495 1346 lente
1524 1303 1583 1344 cara

242 1378 427 1451 collocatas,
475 1376 576 1455 puncti
614 1377 640 1436 E
678 1377 861 1437 radiationes
899 1396 1002 1437 omnes
1048 1374 1125 1436 inter
1170 1371 1274 1448 ΕΛΘ,
1312 1371 1402 1434 EBG
1441 1371 1583 1452 intercipit,

241 1467 343 1546 puncti
377 1484 446 1525 veru
472 1464 496 1526 C
522 1485 577 1525 non
604 1484 724 1538 omnes,
758 1466 811 1525 sed
850 1465 981 1544 penicilli
1015 1461 1152 1526 OAFBC
1184 1469 1303 1542 partem
1336 1462 1448 1523 saltem
1479 1461 1583 1540 echpir,

242 1554 361 1615 scilicet
383 1555 462 1632 quod
486 1561 534 1615 est
559 1554 636 1613 inter
660 1551 742 1627 CAI,
768 1552 872 1614 GIIG:
899 1555 976 1633 quod
1001 1571 1071 1612 rere
1092 1552 1156 1630 jam
1180 1560 1228 1612 est
1251 1550 1332 1612 inter
1356 1549 1446 1612 CIIG
1464 1559 1496 1610 et
1512 1547 1585 1618 clar.

242 1643 273 1703 id
304 1643 469 1703 aberrata
500 1641 615 1721 pupilla
639 1640 709 1712 QG.
759 1640 859 1711 Quare
893 1661 960 1703 cum
988 1641 1015 1701 I]
1044 1641 1182 1701 videatur
1215 1658 1268 1718 per
1295 1640 1372 1714 AB,
1398 1637 1425 1700 C
1449 1656 1518 1699 sero
1544 1657 1584 1717 per

243 1731 311 1803 ΑΗ,
335 1750 389 1808 per
413 1729 529 1791 CXIX.
556 1729 662 1791 fortius
686 1739 722 1815 et,
742 1730 852 1791 clarius
877 1731 1027 1791 ridebitur
1049 1730 1075 1790 E
1100 1749 1189 1809 quarn
1213 1727 1249 1790 C.

332 1819 463 1881 CXXII.
524 1819 750 1898 Propositie.
812 1821 954 1899 Angusta
992 1819 1081 1879 lentis
1126 1836 1278 1879 convexae
1319 1815 1460 1894 portione
1495 1814 1584 1875 ceteris

241 1907 364 1986 paribus
390 1907 581 1969 distinctiora
607 1916 872 1987 repraesentantur
896 1907 1037 1980 visibilia,
1063 1908 1127 1968 lata
1151 1905 1330 1967 confusiora.

330 1996 410 2058 Nam
436 2016 512 2076 quae
537 2014 753 2076 permagnam
777 1997 944 2075 portionem
969 1996 1170 2057 convexitatis
1195 1995 1224 2054 in
1248 1994 1368 2054 oculum
1396 1992 1524 2063 radiant,
1545 1991 1583 2052 illr

244 2103 299 2164 per
333 2085 451 2148 CXIX.
487 2086 593 2145 fortius
628 2086 765 2158 radiant,
799 2106 858 2165 qua
890 2085 1065 2147 fortitudine
1094 2084 1221 2163 primum
1252 2082 1336 2143 iridis
1369 2082 1502 2156 colores,
1531 2081 1583 2140 inde

243 2172 372 2234 nebulae
397 2172 577 2234 excitantur.
622 2173 710 2234 Oculi
733 2174 812 2235 eninr
836 2193 911 2234 cava
935 2184 966 2234 et
989 2172 1151 2234 retiformis
1176 2171 1277 2233 tunica
1301 2179 1351 2230 est
1374 2169 1480 2249 spiritu
1502 2169 1582 2248 plena

244 2269 276 2322 et
300 2262 375 2322 licet
394 2282 413 2322 a
431 2271 542 2341 puncto
558 2263 653 2323 solurn
678 2257 830 2342 tangatur,
855 2272 956 2324 tamen
973 2263 999 2323 si
1014 2261 1043 2321 id
1067 2270 1208 2340 punctum
1228 2279 1265 2321 ex
1289 2279 1437 2321 concursu
1455 2258 1582 2320 radiemn

244 2350 403 2411 multorum
436 2351 477 2411 sit
508 2352 705 2411 immoderate
737 2351 1035 2431 lucidrrm,‘spiritus
1059 2351 1089 2411 ln
1118 2350 1219 2430 aliqua
1250 2347 1412 2410 latitudine
1443 2344 1583 2408 retilonnis

241 2440 324 2501 circa
349 2439 404 2500 hoc
428 2447 570 2518 punctum
599 2440 771 2501 imbuuntur
799 2441 978 2519 contagione
1007 2439 1159 2518 passionis
1188 2438 1396 2518 penetrantis;
1426 2436 1493 2497 ride
1515 2433 1582 2496 LXI.

243 2528 352 2606 Itaque
376 2547 431 2607 pro
464 2529 675 2590 commoditate
706 2528 797 2603 oculi,
832 2529 1021 2589 instrumenti
1045 2538 1076 2589 et
1104 2528 1179 2589 lucis
1213 2526 1336 2587 diurnae
1365 2525 1415 2586 rel
1443 2535 1582 2586 noeturnae

243 2615 407 2696 ampliatur
431 2625 463 2675 et
487 2618 633 2696 retegitur
657 2637 791 2679 convexa
819 2619 893 2692 leus,
919 2627 972 2678 aut
1000 2623 1180 2695 angustatur
1204 2625 1234 2676 et
1257 2615 1389 2694 tegitur:
1421 2633 1474 2674 seu
1496 2613 1582 2674 imme-

242 2705 324 2766 diate
349 2725 402 2767 seu
429 2706 495 2766 loco
521 2707 698 2768 intermedio
729 2708 806 2767 inter
834 2707 942 2780 lentes,
969 2705 1103 2766 adhibito
1129 2704 1360 2784 diaphragmate
1383 2713 1521 2781 pertuso,
1543 2710 1581 2759 aut

242 2794 321 2854 collo
345 2795 536 2855 instrumenti
569 2795 730 2856 introrsum
760 2798 835 2857 llexo
860 2805 891 2856 et
916 2802 1096 2874 angustato,
1129 2802 1181 2853 aut
1211 2791 1408 2871 productione
1438 2789 1501 2852 tubi
1521 2790 1583 2851 ulra

242 2882 353 2942 lentem
379 2901 554 2953 convexam,
580 2894 613 2943 nt
637 2884 699 2963 ejus
723 2884 903 2964 cylindracei
929 2883 1071 2944 oriticium
1094 2880 1239 2943 remotius
1261 2900 1316 2960 per
1339 2879 1473 2942 varr.
1496 2875 1582 2940 minori

242 2970 352 3048 angulo
387 2978 527 3031 ceruatrrr·
563 2974 722 3051 valeatque
757 2981 889 3048 tautum,
929 2980 1070 3051 quantum
1110 2968 1268 3048 angustius
1305 2969 1430 3049 aliquid.
1486 2969 1583 3030 Xatura

241 3058 390 3136 praelusit
415 3059 608 3138 ampliatione
633 3062 788 3122 foraminis
812 3082 904 3121 meae
930 3062 968 3121 ad
993 3062 1088 3124 lucem
1118 3067 1306 3132 nocturnam,
1333 3058 1535 3119 contractione
1555 3055 1582 3116 rd

241 3147 389 3207 diurnam.

331 3236 432 3295 Habet
456 3235 657 3317 diaphragma
673 3247 703 3299 et
718 3240 794 3299 hunc
819 3258 914 3312 usum,
940 3247 973 3299 ut
988 3238 1067 3297 intus
1092 3235 1309 3297 obscuritatem
1335 3235 1441 3306 iaciat,
1464 3251 1582 3314 quorsum

243 3333 273 3383 et
298 3325 381 3385 color
405 3324 490 3403 niger
523 3327 601 3387 iutrrs
635 3329 781 3388 obductus
811 3327 919 3398 servit,
953 3333 983 3386 et
1008 3325 1073 3385 litui
1098 3327 1208 3404 ligura,
1238 3343 1401 3404 progressu
1435 3333 1581 3384 extrorsum

242 3414 322 3473 flexa
345 3413 460 3473 habens
486 3416 597 3491 latera,
623 3418 651 3477 in
677 3417 773 3476 medio
798 3416 976 3488 introrsum,
1003 3435 1039 3474 ne
1064 3415 1139 3475 radii
1165 3433 1256 3492 prope
1285 3433 1453 3474 convenam
1476 3409 1582 3490 ingressi

241 3520 356 3563 rursum
381 3522 577 3585 prorsunrqne
602 3506 788 3566 revibrentur
812 3512 843 3564 et
867 3504 1036 3566 claritatem
1062 3504 1185 3563 faciant.

329 3591 443 3651 Eodem
468 3594 563 3653 seruit
588 3603 619 3654 et
643 3595 797 3673 productio
823 3593 885 3652 tubi
911 3594 999 3671 longe
1023 3594 1104 3652 ultra
1129 3593 1240 3652 lentem
1264 3610 1442 3664 corruerem,
1468 3609 1502 3650 ne
1523 3607 1578 3650 cen·

241 3698 348 3740 venum
374 3680 535 3742 irradietur
560 3704 577 3742 a
602 3683 777 3742 lateralibus
802 3681 1015 3760 hemisphaerii
1038 3681 1185 3759 partibus.

330 3769 478 3830 CXXIII.
526 3771 735 3832 Problerna.
785 3770 914 3831 I'isibile
940 3771 967 3830 in
993 3770 1122 3844 sublimI,
1148 3770 1175 3829 in
1201 3767 1360 3847 profunde,
1387 3789 1406 3827 a
1425 3768 1526 3831 dextra
1544 3762 1578 3820 rel

241 3853 365 3915 sinistra
390 3867 421 3917 et
446 3859 495 3919 nbi
521 3860 595 3919 nelis
620 3861 730 3920 ridere.

330 3945 389 4016 Fit,
414 3947 438 4006 si
465 3966 558 4007 carae
583 3948 672 4008 lentis
698 3949 845 4009 diameter
869 3949 909 4008 sit
934 3946 1023 4007 latior
1046 3945 1161 4024 pupilla
1184 3944 1261 4005 oculi
1287 3953 1316 4005 et
1342 3943 1421 4004 satis
1447 3945 1537 4022 larga,
1557 3953 1577 3999 rt

241 4031 344 4091 oculus
369 4054 387 4092 a
410 4044 512 4095 centro
538 4037 601 4113 ejus
626 4039 710 4115 juste
741 4038 839 4116 spatio
865 4038 902 4096 ad
928 4037 1025 4096 latera
1052 4036 1150 4113 possit
1173 4035 1266 4094 exire.
1313 4033 1394 4094 Nam
1418 4031 1540 4111 penicilli
1559 4029 1577 4088 ir

241 4120 384 4181 lateribus
408 4141 501 4183 carae
527 4125 728 4201 refringantur
752 4126 807 4186 toti
833 4133 864 4184 et
888 4125 1027 4203 oblique:
1058 4123 1265 4184 sinistrorsum
1291 4123 1320 4182 in
1346 4121 1494 4194 sinistris,
1520 4121 1576 4180 der·

242 4218 369 4270 trunsum
394 4210 423 4271 in
449 4213 575 4273 dextris.
624 4214 673 4273 Sit
701 4215 778 4274 enim
804 4215 829 4273 in
860 4214 1013 4274 schemate
1043 4209 1096 4273 25.
1126 4211 1243 4274 ABOX
1276 4211 1358 4272 linea
1389 4211 1488 4271 media
1515 4207 1578 4269 unius

240 4298 371 4376 penicilli
389 4300 510 4360 veniens
528 4302 554 4360 in
572 4310 704 4362 centrum
720 4304 861 4381 pupillae.
883 4303 936 4362 illa
951 4320 1004 4381 per
1019 4301 1053 4374 ll,
1071 4303 1098 4360 (l
1114 4313 1225 4379 puncta
1240 4300 1417 4379 refringitur
1436 4311 1579 4360 extrorsum

240 4386 277 4445 ad
303 4386 472 4462 sinistram,
506 4390 574 4468 quia
603 4399 633 4450 et
658 4391 712 4451 Bt)
743 4403 790 4450 est
819 4411 888 4469 pars
919 4390 1007 4451 lentis
1037 4389 1171 4450 sinistra.
1220 4391 1317 4450 tlculu
1349 4390 1442 4464 igitur
1465 4409 1483 4448 a
1505 4383 1579 4447 medin

240 4475 305 4534 cavi
331 4478 479 4537 translato
509 4480 546 4537 ad
573 4479 650 4537 latus
685 4480 838 4539 sinistrum
863 4479 904 4551 sl,
941 4489 1083 4556 punctum
1107 4480 1134 4539 X
1166 4497 1219 4556 per
1250 4487 1365 4539 rectam
1389 4477 1483 4539 Xllbl
1505 4475 1580 4534 risum

240 4562 394 4638 putabitur
418 4585 483 4625 esse
510 4568 536 4626 in
563 4568 595 4625 ll
620 4567 678 4626 sitrr
703 4569 872 4641 dexteriori,
901 4587 953 4646 per
973 4569 1062 4628 XIX.

329 4652 475 4715 CXXIV.
535 4654 738 4716 l'roblenra.
798 4656 1037 4735 Magnitudinem
1077 4655 1240 4733 ampliatae
1282 4656 1396 4733 speciei
1442 4653 1580 4716 artificiose

239 4740 413 4801 aestimare.

327 4829 484 4908 Dirigatur
522 4831 645 4893 sinister
681 4833 782 4892 oculus
818 4833 844 4891 in
885 4853 945 4893 rem
984 4833 1132 4895 risibilem
1168 4832 1231 4891 sine
1270 4833 1472 4893 instrumento
1507 4831 1580 4890 liberi

240 4914 346 4976 denter
376 4937 445 4978 vero
480 4927 562 4978 trans
602 4921 698 4980 lentes
735 4922 858 4981 carralem
896 4922 1056 5004 adspiciat.
1115 4923 1189 4982 t'urn
1224 4922 1315 4998 igitur
1347 4923 1470 4982 sinister
1498 4919 1532 4980 sit
1557 4914 1578 4970 il

240 5001 358 5064 visibile
382 5006 524 5079 directus,
550 5007 655 5069 denter
675 5019 774 5070 autern
791 5010 914 5072 sinistro
936 5020 1045 5088 sponte
1065 5031 1121 5070 sua
1145 5029 1264 5088 semper
1286 5020 1410 5072 maneat
1428 5003 1576 5091 parallelus.
