3692 5842
812 499 842 550 re
862 499 941 550 sesua
959 498 1038 550 mn.
1537 497 1601 566 595

335 675 490 738 Hactenus
515 692 586 753 ergo
608 676 788 754 processerit
804 677 879 737 haec
903 676 1090 738 exercitatio.
1128 676 1214 738 Nunc
1230 676 1267 736 ad
1284 675 1345 736 alia
1364 676 1466 754 capita
1484 683 1603 741 tuarum

243 767 400 828 literarum
426 757 547 825 accedo.
586 764 699 844 Negas,
725 766 929 827 necessariam
954 785 1021 827 esse
1039 766 1135 844 trigae
1160 764 1440 825 considerationem.
1478 767 1599 840 Fateor,

243 856 284 917 ad
309 852 598 923 considerationem,
619 874 706 933 ¹quae
731 875 801 934 pars
835 855 964 916 chordae
994 854 1089 914 minor
1122 853 1245 914 dimidia
1269 873 1334 914 curn
1358 860 1425 915 tota
1448 863 1600 931 consonet,

243 942 359 1005 sufficit
381 942 472 1014 scire,
508 942 586 1019 qnod
614 943 710 1003 omnis
742 963 829 1023 pars,
864 943 970 1004 similis
997 943 1076 1022 parti
1111 942 1212 1003 circuli
1243 941 1423 1021 geometrice
1455 951 1601 1016 resectae,

243 1037 392 1095 consonet
423 1050 490 1091 cum
520 1039 587 1091 tota
617 1032 745 1106 chorda;
777 1042 810 1093 ut
839 1027 887 1112 ¹l„
923 1030 1137 1110 geometricum
1168 1037 1231 1101 ost,
1265 1038 1296 1090 et
1325 1049 1396 1109 pars
1427 1030 1440 1092 1
1469 1051 1534 1092 cum
1561 1030 1601 1094 10

243 1126 394 1184 consonat
421 1125 636 1198 τριςόιαπασων
666 1141 732 1181 cum
756 1122 848 1181 tertia
878 1121 960 1182 dura.
1011 1121 1114 1198 ltaque
1139 1126 1173 1180 ut
1196 1118 1251 1180 hoc
1276 1120 1319 1179 ita
1342 1119 1391 1191 sit,
1416 1137 1519 1181 verum
1543 1128 1600 1194 est,

243 1210 321 1272 nihil
354 1210 487 1270 conferre
520 1209 670 1269 residuum
696 1206 715 1271 9
741 1218 772 1269 11
794 1210 1003 1288 proportiones
1035 1202 1080 1289 ι1,,
1111 1201 1177 1289 9110.
1225 1209 1270 1268 At
1292 1216 1325 1268 ut
1354 1208 1448 1282 scias,
1479 1229 1516 1269 an
1545 1203 1597 1291 ll„

242 1300 287 1361 sit
310 1296 481 1366 harmonia,
515 1314 639 1356 necesse
669 1307 717 1358 est
748 1300 900 1376 praescire
931 1291 963 1378 ⁵l,
993 1317 1049 1357 non
1084 1317 1151 1356 esse
1184 1296 1379 1357 harmoniam.
1427 1298 1483 1357 Hic
1517 1299 1600 1358 vides

242 1386 355 1468 requiri
379 1384 659 1463 contemplationem
684 1387 794 1447 residui
819 1385 848 1461 9,
874 1388 917 1448 uti
942 1406 1009 1446 sese
1034 1386 1156 1445 habeat.
1195 1385 1391 1445 Manifestum
1415 1386 1523 1465 quippe
1543 1396 1599 1458 est,

243 1477 344 1538 divisa
376 1470 531 1537 chordali
564 1476 744 1552 geometrice
778 1477 806 1535 in
836 1477 846 1535 1
885 1483 917 1536 11
945 1473 980 1548 5,
1016 1483 1077 1534 tres
1112 1472 1242 1534 existere
1281 1474 1530 1534 concordantias:
1568 1482 1602 1534 at

244 1566 347 1629 divisa
369 1563 483 1624 chorda
510 1559 549 1623 12
572 1563 754 1641 geometrice
779 1565 807 1624 in
835 1563 846 1623 1
876 1572 907 1624 11
936 1564 982 1636 11,
1008 1582 1097 1624 unam
1128 1563 1223 1622 solam
1252 1562 1381 1622 existere
1415 1563 1602 1623 concordan-

244 1656 323 1718 tiam
347 1660 378 1713 et
401 1652 476 1712 duas
501 1651 733 1713 discordantias.
772 1653 868 1731 Hujus
883 1653 925 1713 rei
946 1672 1037 1712 cansa
1056 1651 1217 1730 quaeritur,
1242 1671 1293 1711 cur
1317 1644 1349 1732 ⁶l,
1374 1651 1415 1711 sit
1437 1652 1602 1724 harmonia,

243 1763 305 1808 non
338 1759 409 1801 vero
449 1733 544 1821 ¹¹l„?
581 1741 688 1819 Itaque
722 1743 870 1802 tradenda
901 1750 950 1802 est
978 1740 1109 1801 definitio
1144 1747 1315 1818 dacigenam
1353 1740 1601 1815 harmonicarum,

244 1849 322 1912 quae
357 1826 376 1890 3
408 1829 594 1889 constituunt
624 1830 864 1890 concordantias.
916 1830 1033 1890 Deinde
1068 1828 1137 1889 mihi
1175 1828 1304 1888 maxime
1341 1829 1514 1889 necessaria
1546 1829 1603 1889 fuit

243 1922 391 1999 trigarum
415 1917 540 1978 istarum
563 1918 775 1991 consideratio,
800 1919 870 1998 quia
894 1938 946 1997 per
975 1919 1042 1978 illas
1066 1916 1185 1978 definivi
1218 1923 1359 1995 aspectus
1383 1915 1411 1977 in
1437 1916 1604 1996 astrologia

243 2008 396 2080 antehac;
431 2015 503 2085 quot
527 2006 604 2066 enim
635 2006 797 2068 divisiones
830 2009 960 2069 chordae
990 2007 1100 2085 trigam
1132 2004 1412 2066 concordantiamm
1445 2005 1601 2079 facientes,

244 2107 294 2161 tot
317 2096 379 2157 dixi
403 2114 470 2154 esse
495 2103 645 2172 aspectus.
671 2102 738 2163 (Vol.
759 2102 779 2158 1,
799 2119 822 2166 p.
840 2100 910 2163 tlt.)
941 2093 1036 2155 Vides
1061 2112 1131 2173 ergo
1156 2093 1369 2154 necessitatem
1393 2094 1603 2156 considerandi

245 2188 345 2266 trigas
368 2184 530 2244 secundum
555 2182 672 2262 quidem
697 2202 746 2258 ea,
772 2203 848 2261 quae
877 2185 1023 2245 hactenus
1048 2204 1066 2243 a
1089 2202 1135 2243 me
1160 2182 1315 2261 disputata
1343 2190 1422 2243 sunt.
1470 2182 1548 2242 Nam
1572 2183 1603 2244 iu

246 2276 295 2339 his
330 2273 427 2334 literis
453 2271 520 2349 jam
550 2272 666 2331 demum
699 2272 808 2350 incipio
846 2273 1041 2352 astrologiam
1074 2272 1228 2349 ingressus
1262 2270 1398 2331 omittere
1428 2270 1483 2331 has
1507 2272 1603 2350 trigas

246 2374 391 2444 tanquam
415 2379 473 2420 non
497 2361 686 2420 necessarias
720 2362 857 2441 amplius.
907 2361 1069 2423 Cavillaris
1102 2359 1210 2437 trigam
1239 2359 1268 2420 in
1297 2366 1469 2421 διαπασωνε
1502 2360 1604 2438 bigam

244 2452 345 2516 mavis
378 2451 486 2510 dicere.
533 2450 597 2509 Imo
629 2449 708 2527 triga
741 2459 797 2510 est.
844 2451 911 2511 Non
944 2451 1021 2511 enim
1053 2450 1154 2528 loquor
1183 2448 1218 2508 de
1250 2448 1471 2508 concordantiis
1502 2450 1602 2527 specie

244 2538 462 2610 differentibus,
484 2537 539 2597 sed
554 2556 693 2611 numero;
719 2539 755 2597 de
772 2538 894 2598 vocibus
910 2538 1017 2618 quippe
1038 2539 1132 2599 tribus
1148 2545 1216 2597 actu
1233 2543 1264 2596 et
1283 2536 1419 2613 subjecto
1440 2536 1600 2598 distinctis.

244 2631 310 2694 Sed
343 2627 501 2688 absurdior
532 2626 587 2686 tibi
617 2646 681 2687 sum
705 2627 733 2685 in
765 2627 845 2702 triga
877 2628 981 2687 muta?
1019 2627 1141 2686 Habeas
1173 2627 1228 2685 hoc
1260 2626 1397 2703 spolium.
1443 2623 1602 2685 Absurdus

244 2730 348 2782 tamen
372 2735 437 2776 sum
461 2734 519 2775 non
543 2715 591 2775 hic
616 2716 720 2787 solum,
747 2717 800 2773 sed
825 2724 855 2774 et
880 2716 907 2775 in
929 2713 1047 2794 Opticis
1064 2714 1153 2793 (Cap.
1170 2714 1229 2774 IV.
1246 2709 1290 2786 4),
1318 2712 1367 2773 ubi
1392 2712 1467 2780 dico,
1492 2712 1602 2774 lineam

243 2816 362 2872 rectam
393 2823 460 2864 esse
494 2803 723 2884 hyperbolarum
755 2803 990 2864 obtusissimam.
1037 2803 1080 2862 Et
1111 2801 1250 2863 Cusanus
1282 2800 1428 2861 infinitum
1461 2800 1604 2862 circulum

243 2896 325 2960 dixit
358 2913 424 2955 esse
457 2892 565 2953 lineam
598 2900 720 2952 rectam.
768 2893 808 2951 Et
836 2893 865 2951 in
900 2892 974 2952 libro
1007 2893 1043 2951 de
1077 2890 1176 2952 Stella
1203 2908 1281 2950 nova
1305 2888 1397 2969 (Cap.
1422 2890 1496 2961 IX.)
1529 2889 1600 2963 dixi,

242 2991 390 3068 punctum
420 2981 666 3042 mathematicum
698 2999 765 3039 esse
797 2980 945 3041 divisibile
979 2981 1007 3040 in
1039 2981 1158 3058 plagas.
1213 2978 1255 3038 Et
1285 2986 1458 3056 geometrae
1492 2978 1603 3049 dicunt,

243 3073 390 3153 angulum
413 3070 608 3130 mixtilineum
633 3088 701 3129 esse
725 3076 878 3129 acutorum
902 3070 1031 3129 omnium
1057 3069 1217 3129 minimum.
1264 3066 1399 3127 Plurima
1423 3066 1498 3127 talia
1521 3074 1601 3139 sunt,

244 3182 324 3246 quae
349 3159 489 3237 analogia
511 3158 555 3219 sic
578 3158 641 3218 vult
666 3158 780 3228 efferri,
804 3176 861 3217 non
887 3158 985 3219 aliter.
1034 3155 1186 3217 Circulum
1214 3156 1291 3215 eninr
1316 3156 1343 3215 in
1369 3151 1387 3215 6
1412 3162 1443 3215 11
1470 3153 1501 3228 1,
1527 3154 1555 3214 in
1581 3151 1600 3217 5

243 3263 277 3317 et
306 3252 332 3325 l,
357 3249 385 3309 in
413 3246 426 3308 1
455 3254 486 3307 11
513 3246 525 3307 1
554 3246 699 3320 dividens,
727 3246 848 3306 tandem
872 3246 949 3315 dico,
974 3245 1104 3306 dividere
1129 3245 1206 3305 velle
1234 3244 1375 3304 circulum
1399 3243 1427 3303 in
1452 3250 1548 3304 totum
1572 3252 1603 3303 et

243 3341 337 3413 nihil,
367 3337 396 3397 id
422 3344 470 3396 est
493 3335 521 3395 in
546 3333 567 3394 0
590 3342 622 3395 et
650 3334 683 3407 l,
717 3335 765 3395 ubi
799 3334 892 3412 prinro
924 3334 1131 3395 consideratur
1163 3332 1289 3392 circulus
1314 3332 1378 3410 ipse
1407 3329 1437 3397 l,
1472 3331 1539 3391 dein
1564 3350 1602 3392 ex

243 3431 313 3510 ejus
337 3425 470 3487 sectione
494 3432 597 3503 partes
621 3421 641 3483 0
666 3433 696 3482 et
724 3425 750 3484 l.
790 3421 896 3492 Qualis
920 3424 1024 3493 sectio,
1050 3420 1121 3480 talis
1145 3439 1225 3499 pare,
1250 3418 1321 3479 talis
1346 3419 1434 3496 triga.
1474 3416 1600 3497 Objicis,

250 3511 318 3601 ί111,
348 3510 416 3596 ¹¹1„
445 3532 502 3573 non
528 3532 595 3572 csse
619 3511 776 3590 trigamet
795 3521 893 3571 tamon
919 3511 1084 3591 exprimere
1109 3517 1274 3586 aspectum.
1312 3505 1600 3583 Trigaestvocum,

243 3608 301 3670 sed
325 3623 384 3666 non
408 3601 643 3663 consonantium.
690 3600 731 3661 Et
755 3600 867 3679 repetis
891 3600 1102 3679 objectionem,
1129 3615 1216 3676 quam
1240 3613 1295 3673 ego
1318 3602 1348 3653 te
1376 3593 1472 3654 docui.
1520 3592 1601 3654 Sane

246 3698 306 3758 hac
330 3692 501 3772 objectione
524 3690 588 3769 ipse
620 3709 703 3749 meas
731 3690 827 3766 trigas
861 3689 955 3749 everti
979 3696 1010 3748 11
1033 3706 1126 3746 noras
1160 3692 1334 3763 aspectuum
1367 3701 1474 3742 causas
1505 3681 1602 3762 incepi

247 3800 403 3866 quaerere,
427 3777 528 3839 uthis
554 3780 581 3837 in
607 3777 704 3838 literis
727 3778 822 3838 vides.

336 3867 466 3930 Boethio
489 3867 624 3945 ignotam
649 3866 742 3926 luisse
768 3866 969 3944 quantitatem
993 3871 1130 3925 tonorum
1154 3881 1212 3921 non
1236 3868 1284 3920 est
1306 3858 1426 3933 mirum,
1451 3858 1604 3937 componit

245 3961 327 4024 enim
350 3956 524 4019 harmonias
549 3974 585 4015 ex
610 3955 688 4015 tonis
713 3973 765 4014 ceu
791 3974 828 4013 ex
857 3952 1026 4027 elementis,
1051 3972 1118 4013 cum
1142 3960 1250 4011 natura
1277 3948 1403 4028 primum
1430 3946 1604 4027 suppeditet

245 4049 369 4113 auribus
401 4044 588 4115 harmonias,
624 4042 801 4104 secundario
825 4049 912 4102 tonos
936 4049 967 4101 et
995 4042 1109 4121 reliqua
1137 4038 1312 4111 intervalla,
1346 4044 1490 4115 tanquam
1515 4035 1603 4095 diffe-

244 4137 361 4203 rentias
383 4135 468 4215 prius
491 4140 639 4193 notorum.
686 4131 799 4191 Verum
824 4138 885 4203 est,
916 4148 974 4189 non
999 4130 1086 4190 facile
1110 4126 1254 4205 distingui
1287 4135 1388 4187 tonum
1417 4125 1604 4203 majorema

245 4225 354 4291 minori
385 4222 524 4295 auribus;
556 4219 730 4298 agnoscitur
760 4227 860 4279 tamen
889 4237 943 4296 per
974 4218 1053 4278 aliud
1087 4216 1253 4295 quippiam,
1285 4213 1400 4274 scilicet
1427 4230 1480 4290 per
1511 4211 1601 4270 situm

245 4311 409 4384 semitonii,
431 4328 543 4390 perque
567 4328 678 4386 genera
700 4317 850 4378 cantuum,
876 4326 950 4385 quos
970 4315 1056 4366 tonos
1081 4305 1215 4365 dicimus.
1255 4303 1354 4380 Atque
1374 4320 1409 4360 en
1434 4299 1489 4360 tibi
1513 4299 1604 4359 situm

245 4405 275 4468 in
307 4409 399 4463 cantu
431 4400 524 4460 duro:
557 4395 755 4476 G(major),
781 4417 799 4456 a
822 4396 964 4468 (minor),
989 4396 1009 4455 h
1033 4394 1220 4467 (semiton),
1255 4389 1415 4466 c(rnaj.),
1445 4386 1601 4460 d(min.),

245 4490 393 4570 c(rnaj.),
418 4488 433 4548 f
444 4487 559 4561 (sem),
579 4503 618 4564 g;
642 4486 670 4546 in
691 4493 781 4546 cantu
801 4484 900 4545 molli:
927 4481 957 4543 G
972 4484 1085 4562 (maj.)‚
1112 4483 1259 4552 alsam),
1285 4478 1433 4548 himin),
1457 4475 1605 4562 c(maj.),¹

245 4583 265 4646 d
290 4578 406 4653 (mim),
430 4596 446 4635 e
471 4576 588 4649 (sem),
613 4574 761 4653 f(maj.),
787 4592 815 4651 g.
863 4574 970 4651 Itaque
1000 4573 1029 4632 in
1058 4570 1161 4650 quinto
1186 4576 1216 4628 et
1244 4576 1329 4627 sexto
1364 4573 1434 4625 torro
1464 4564 1501 4624 ab
1525 4565 1550 4623 F
1572 4563 1602 4624 in

246 4672 278 4733 A
308 4669 384 4729 dnos
421 4664 552 4744 majores
588 4670 675 4724 tonos
709 4662 852 4723 canimus.
906 4661 947 4721 Et
980 4668 1087 4721 natura
1123 4656 1258 4718 ostendit
1294 4653 1379 4713 nobis
1410 4652 1503 4732 quinti
1537 4651 1602 4713 toni

246 4760 454 4822 characterem
476 4753 506 4813 in
535 4758 600 4812 toto
631 4759 721 4811 cantu
751 4769 809 4810 non
841 4758 960 4810 tantum
984 4748 1012 4809 in
1036 4750 1112 4822 fine,
1146 4766 1213 4806 cum
1244 4753 1345 4804 tamen
1378 4742 1548 4801 nesciamus
1572 4739 1602 4800 iu

247 4866 306 4929 quo
335 4845 387 4906 ille
417 4843 574 4904 character
604 4840 768 4908 consistat,
800 4837 857 4898 nisi
888 4838 914 4898 si
947 4837 1108 4917 diligenter
1137 4834 1269 4895 rationes
1301 4831 1449 4892 rimemur.
1495 4829 1600 4909 Neque

247 4935 394 5017 sequitur,
418 4950 477 4992 non
500 4948 568 4990 esse
592 4928 751 4989 discrimen
776 4927 854 4987 inter
876 4927 942 4999 hos,
967 4926 991 4987 si
1012 4945 1099 4987 aures
1125 4942 1180 4983 non
1205 4927 1373 5001 agnoscant
1397 4917 1468 4979 illud
1491 4937 1544 4998 per
1568 4936 1600 4978 se

246 5025 344 5107 primo
358 5026 478 5084 conatu.
515 5018 597 5081 Nam
611 5018 758 5096 quaedam
772 5014 948 5095 simpliciter
971 5015 1256 5084 animadvertuntur,
1282 5008 1429 5089 quaedam
1440 5026 1496 5087 per
1510 5004 1600 5068 aliud.

1330 5110 1391 5163 38*
