3692 5842
849 490 938 560 aaa
953 491 999 544 m
1539 433 1606 563 ⁶25

243 661 364 733 zodiaci
393 670 432 732 ad
462 670 597 749 integras
631 671 697 750 ejus
728 677 832 751 partes
868 671 975 732 eodem
1004 670 1165 732 intervallo
1195 663 1364 736 distinctas.
1419 672 1496 737 Cum
1526 674 1606 738 enim
1699 744 1705 756 ‚

243 759 396 838 astrologi
419 759 574 821 zodiacum
597 759 734 821 dividant
756 759 785 822 in
810 758 966 821 duodecim
988 767 1092 839 partes
1116 761 1269 841 aequales,
1293 761 1378 823 initio
1401 763 1483 824 facto
1503 783 1605 826 asec-

243 846 330 910 tione
352 848 469 910 mediae
493 847 590 909 lineae
613 867 668 929 per
690 848 846 910 zodiacum
862 849 961 910 euntis
984 868 1051 910 cum
1074 850 1154 910 linea
1176 849 1254 911 inter
1266 850 1355 930 polos
1369 850 1472 913 mundi
1494 852 1603 928 media,

244 953 338 1019 quam
362 936 527 999 sectionem
550 936 603 999 Sol
627 956 720 998 verno
743 944 877 1017 tempore
901 938 1026 1013 transit,
1050 957 1175 1018 quarum
1194 938 1314 1018 quidem
1333 939 1464 1018 partium
1483 941 1605 1005 nomina

409 1058 492 1123 Sunt
513 1060 619 1134 Arica,
644 1060 784 1136 Taurois,
811 1061 949 1136 Gemini,
975 1059 1106 1137 Omnem,
1130 1063 1208 1138 Leo,
1233 1041 1345 1145 Virgo,

408 1148 581 1232 Libraque,
606 1146 770 1233 Scorpius,
784 1150 991 1224 ,Arcitmeaa
1018 1150 1131 1233 caper,
1154 1151 1329 1235 Amphora,
1354 1151 1477 1216 Pisces.

338 1289 505 1362 Duodecim
536 1289 628 1371 igitur
658 1291 688 1352 in
710 1291 770 1353 tria
793 1289 898 1353 divisis
932 1290 1024 1371 (quod
1054 1291 1114 1352 tria
1143 1293 1181 1353 ad
1211 1292 1394 1373 triangulum
1416 1293 1604 1355 formandum

244 1377 473 1453 adsciscantur)
497 1380 638 1442 zodiacus
662 1381 772 1443 habere
795 1379 904 1442 dicitur
926 1387 1055 1460 quatuor
1077 1381 1228 1460 trigonus,
1257 1401 1332 1462 quos
1356 1391 1388 1444 et
1409 1381 1603 1462 triplicitates

244 1467 412 1548 appellant

335 1557 455 1619 Primus
483 1563 546 1618 est:
576 1556 709 1631 Arietis,
738 1555 867 1631 Leonis,
897 1555 1071 1636 Sagittarii;
1113 1559 1277 1620 secundus:
1315 1557 1423 1633 Tauri,
1455 1558 1603 1639 Virginis,

246 1643 440 1726 capricorno
464 1645 588 1707 tertius:
614 1645 817 1720 Geminorum,
842 1645 964 1720 Librae,
989 1646 1116 1727 Aquarii
1123 1667 1133 1722 ;
1166 1656 1306 1728 quartus:
1332 1646 1452 1723 Cancri,
1475 1647 1602 1728 Scorpii,

244 1731 390 1798 Piscium.

335 1821 395 1887 Ubi
423 1821 525 1897 vides,
556 1822 634 1883 inter
655 1821 792 1884 Arietem
822 1829 853 1882 et
875 1819 1009 1883 Leone'm
1037 1821 1185 1885 interesse
1215 1831 1320 1904 partes
1349 1832 1429 1900 tres,
1459 1825 1602 1898 Taurum,

245 1909 411 1987 Geminos,
443 1910 607 1985 Cancrum;
638 1910 716 1972 inter
737 1911 870 1972 Leonem
902 1918 934 1972 et
963 1911 1162 1991 Sagittarium
1191 1913 1295 1975 itidem
1324 1920 1405 1988 tres,
1435 1912 1603 1992 Virginem,

243 1999 387 2075 Libram,
419 1999 592 2079 Scorpium;
624 1998 750 2081 denique
781 2000 907 2060 totidem
940 2000 1032 2062 etiarn
1061 2001 1138 2063 iuter
1166 2001 1366 2082 Sagittarium
1397 2009 1429 2063 et
1454 2001 1602 2073 Arietem,

245 2088 367 2153 scilicet
381 2087 616 2168 Capricornum,
639 2089 816 2169 Aquarium,
839 2088 955 2164 Pisces,
980 2097 1012 2151 et
1034 2089 1078 2151 sic
1101 2091 1138 2151 de
1162 2091 1308 2153 omnibus.
1350 2094 1456 2172 Itaque
1480 2089 1507 2152 si
1527 2108 1602 2170 par-

242 2185 294 2240 tes
318 2177 375 2240 hae
399 2178 429 2239 in
453 2178 564 2240 circulo
588 2178 786 2257 disponantur
813 2179 1227 2259 rectisque,connectantur,
1256 2181 1424 2261 perfectum
1453 2178 1603 2241 creabitur

242 2265 436 2352 triangulum.

334 2356 383 2418 Ex
412 2356 581 2418 nominibus
611 2354 741 2434 partium
771 2354 957 2433 singularum
987 2363 1084 2417 ortum
1115 2364 1162 2417 est
1192 2375 1300 2418 nomen
1324 2356 1417 2437 signi,
1448 2372 1603 2417 commune

243 2443 383 2507 omnibus
419 2444 576 2505 duodecim
606 2436 771 2523 partibus‘
807 2445 912 2523 Itaque
948 2443 1076 2506 circulus
1112 2445 1163 2506 ille
1202 2445 1388 2525 signorum
1424 2443 1603 2517 circulus,

242 2531 364 2596 Graece
387 2535 540 2604 Ζωδιακος
561 2532 680 2618 dicitur.
728 2532 935 2613 Triplicitates
963 2552 1035 2594 vero
1059 2540 1186 2614 quatuor
1210 2533 1397 2614 distinguunt
1426 2532 1603 2594 denomina-

241 2618 377 2684 tionibus
402 2622 616 2684 elementorum
638 2629 775 2703 quatuor.
822 2621 955 2682 Primam
979 2622 1082 2684 dicunt
1104 2622 1238 2702 igneam;
1270 2624 1433 2685 secundam
1454 2629 1601 2695 terream

241 2708 366 2772 tertiam
389 2718 524 2786 aeream;
549 2719 688 2792 quartam
711 2729 847 2792 aqueam.

334 2800 414 2861 Tota
436 2799 510 2860 haec
534 2798 691 2860 divisionis
714 2806 746 2860 et
767 2798 1011 2860 nomenclaturae
1035 2799 1113 2861 ratio
1137 2820 1197 2862 non
1220 2797 1287 2860 ideo
1310 2806 1429 2861 tantum
1447 2796 1604 2860 retinenda

241 2895 293 2950 est
316 2886 346 2948 in
368 2887 509 2963 mathesi,
533 2887 603 2969 quia
626 2887 844 2969 antiquissima,
869 2888 1029 2950 sedetiam
1052 2888 1128 2963 ideo,
1154 2889 1224 2970 quia
1238 2888 1412 2950 necessaria
1430 2885 1602 2960 memoriae,

241 2995 301 3040 usu
324 2994 396 3037 vero
421 2977 672 3039 commodissima.
704 2979 783 3040 Nam
807 2977 865 3038 etsi
889 2997 957 3038 cum
980 2978 1165 3040 astronomia
1188 2979 1256 3057 ipsa
1278 2978 1399 3058 penitus
1415 2974 1603 3055 exstirpare-

239 3071 293 3128 tur
316 3083 355 3126 ex
377 3063 528 3127 homiuum
551 3066 668 3141 animis,
692 3075 793 3127 tamen
817 3066 867 3147 qui
891 3065 1060 3127 successuri
1083 3076 1196 3142 essent,
1222 3067 1369 3148 siquidem
1388 3063 1603 3142 astronomiam

241 3151 323 3216 inter
345 3153 481 3216 homines
505 3173 648 3215 revocare
672 3155 801 3230 vellent,
825 3154 997 3233 hujusmodi
1020 3154 1136 3216 ratione
1160 3157 1261 3236 aliqua
1279 3164 1383 3236 partes
1404 3153 1482 3217 coeli
1504 3153 1602 3216 nomi-

234 3241 331 3324 nibus
362 3242 565 3322 distinguendi
588 3243 631 3305 uti
659 3252 846 3323 cogerentur.
886 3246 992 3324 ltaque
1014 3250 1156 3322 proterve
1180 3244 1329 3323 ineptiunt
1351 3252 1382 3305 et
1405 3244 1505 3323 inepte
1527 3261 1603 3323 pro-

240 3331 378 3394 terviunt
400 3331 537 3412 quidam,
569 3331 618 3413 qui
642 3333 815 3414 eloquentia
838 3331 923 3392 abusi
946 3332 1089 3411 populum
1113 3333 1168 3394 sub
1192 3333 1272 3394 dium
1296 3340 1440 3407 evocant,
1464 3338 1602 3392 contem-

239 3419 382 3501 platuros
412 3421 503 3482 auin
527 3421 612 3482 coelo
644 3422 786 3483 animalia
809 3441 847 3481 an
878 3420 977 3500 ignem
1007 3441 1153 3501 aquamve
1184 3421 1278 3482 oculis
1307 3420 1442 3481 invenire
1471 3418 1601 3499 possint,

240 3527 281 3570 au
306 3529 378 3571 vero
402 3516 592 3572 astronomos
616 3531 710 3592 aequo
734 3519 823 3591 atque
847 3510 1019 3588 astrologos
1043 3510 1142 3583 (nulla
1165 3510 1247 3570 facta
1270 3509 1463 3570 distinctione
1489 3525 1601 3568 nocen-

240 3603 308 3660 tum
331 3598 369 3659 ab
393 3598 611 3673 innocentibus,
634 3600 718 3661 nulla
740 3620 813 3661 usus
836 3598 1002 3660 necessarii
1025 3619 1044 3659 a
1067 3598 1299 3678 superstitione)
1323 3616 1427 3659 omnes
1450 3596 1489 3657 ad
1512 3614 1602 3656 unum

241 3685 376 3749 insanire
400 3687 501 3748 dicere
525 3688 627 3749 velint.

333 3774 461 3847 Quando
484 3795 556 3837 vero
580 3777 617 3837 de
640 3777 696 3837 hoc
720 3776 882 3857 quaeritur,
907 3796 944 3836 an
969 3782 1003 3835 ut
1017 3775 1136 3837 nomina
1152 3774 1194 3836 sic
1210 3774 1358 3837 naturalis
1373 3792 1490 3855 quoque
1504 3773 1602 3834 virtus

240 3862 412 3925 nominibus
436 3884 569 3944 congma
592 3865 670 3927 inter
692 3866 749 3926 has
773 3865 888 3926 zodiaci
911 3871 1015 3943 partes
1039 3863 1201 3925 distributa
1225 3866 1281 3939 sit,
1313 3872 1365 3926 aut
1393 3872 1539 3925 naturane
1563 3883 1602 3924 an
1709 3878 1715 3886 ·

239 3951 395 4016 hominum
419 3953 575 4015 arbitrium
589 3954 645 4015 has
662 3954 872 4016 distinctiones
896 3952 1058 4014 invenerit:
1084 3952 1132 4014 hic
1151 3953 1217 4033 jam
1240 3955 1326 4034 ajunt
1343 3952 1501 4028 Chaldaei,
1525 3953 1601 4028 Indi,
1638 4023 1640 4028 ¹

238 4041 403 4121 Aegyptii,
433 4030 572 4116 Arabes,
607 4043 718 4105 Graeci
741 4042 901 4124 Latinique
933 4042 1096 4121 astrologi,
1128 4051 1241 4122 negant
1271 4042 1443 4123 philosophi
1471 4041 1602 4103 omnium

239 4137 378 4191 aetatum
409 4139 439 4192 et
462 4139 629 4210 temporum
660 4151 784 4214 cumque
814 4131 852 4194 iis
881 4153 941 4193 una
974 4150 1038 4208 ego.
1088 4131 1190 4195 Causa
1220 4133 1299 4194 inter
1327 4130 1518 4212 potissimas,
1549 4150 1602 4191 cur

238 4236 366 4298 negem,
392 4226 449 4293 est,
474 4221 635 4308 quod,‚qui
660 4222 823 4296 affirmant,
848 4222 916 4282 sola
943 4220 1140 4300 persuasione
1164 4220 1353 4302 antiquitatis
1376 4219 1525 4292 nituntur;
1557 4227 1599 4292 ut,

238 4325 309 4368 cum
332 4308 465 4370 rationes
490 4309 589 4371 nullas
613 4309 778 4385 inveniant,
802 4311 860 4373 huc
882 4330 914 4371 se
931 4310 1087 4390 recipiant,
1112 4311 1191 4391 quod
1215 4308 1389 4371 incredibile
1414 4308 1599 4382 existimant,

238 4397 499 4459 nomenclaturam
529 4399 606 4460 hauc
637 4400 766 4461 naturali
796 4401 990 4461 fundamento
1020 4417 1140 4472 carere,
1172 4419 1237 4460 cmn
1268 4396 1477 4478 antiquissima
1506 4397 1547 4457 sit
1569 4404 1600 4456 et

238 4483 378 4547 omnibus
402 4487 513 4549 seculis
535 4506 589 4567 pro
605 4488 736 4550 naturali
761 4488 923 4550 celebrata.
963 4491 1068 4568 Itaque
1087 4497 1120 4549 ut
1134 4508 1227 4549 causa
1242 4508 1294 4549 cur
1309 4506 1426 4566 negem,
1451 4495 1482 4548 et
1500 4484 1599 4546 cautio

238 4583 390 4656 quatenus
412 4594 530 4656 negem,
555 4577 583 4639 in
607 4585 769 4657 conspectu
793 4578 843 4652 sit,
867 4578 946 4659 quod
968 4578 1128 4657 plurimum
1151 4576 1269 4657 quidem
1293 4574 1432 4637 conducit
1447 4578 1485 4636 ad
1501 4573 1597 4636 aesti-

238 4663 405 4726 mationem
426 4666 563 4728 miraculi
586 4665 692 4739 uostri,
717 4685 766 4727 res
790 4666 886 4729 omnis
909 4688 928 4728 a
950 4667 1047 4746 prima
1071 4665 1184 4747 origine
1207 4667 1373 4727 retexenda
1396 4668 1470 4747 est}

825 4912 1014 4922 ———.-
