3692 5842
718 468 799 535 capa
816 469 905 522 xuru.
1424 474 1490 544 595
1545 526 1548 529 ,
1617 455 1621 462 ’

135 646 232 728 igitur
253 646 283 710 iu
308 646 441 709 aethere.
487 647 604 709 Deinde
629 664 686 728 quo
710 647 776 708 loco
800 646 957 710 existimas
981 648 1074 710 luisse
1100 651 1258 715 materiam
1286 652 1384 722 illam,
1418 674 1494 735 quae

136 736 241 800 Solem
265 736 424 816 quatriduo
447 735 565 816 integro
589 736 618 798 in
640 736 755 816 pallore
780 737 917 812 detinuit,
942 738 1048 799 stellas
1071 757 1142 801 vero
1167 742 1331 804 occultavit
1354 743 1494 808 minime?

135 826 218 892 Nam
240 827 267 887 si
292 824 348 888 luit
369 825 503 905 proxime
527 826 583 887 sub
606 826 708 899 Luna,
736 834 971 888 consentaneum
994 827 1062 900 fiet,
1090 847 1156 890 cum
1180 830 1251 891 orbe
1274 831 1379 893 Lunae
1404 834 1496 896 ctiam
1600 905 1603 910 ,

135 915 294 980 circumire
317 914 468 990 debuisse,
492 923 611 993 raptam
634 914 813 994 pernicitate
836 925 945 991 motus,
970 923 1003 977 ut
1025 916 1208 982 Aristoteles
1236 921 1301 985 vult
1329 920 1407 1001 iguis
1430 923 1495 985 ele.

135 1013 271 1068 mentum
294 1002 388 1084 rapi„
417 1004 463 1067 At
486 1004 555 1085 quia
574 1002 629 1065 Sol
652 1004 810 1083 quatriduo
834 1004 952 1081 integro
976 1004 1074 1081 latuit,
1098 1025 1153 1086 per
1176 1008 1254 1087 quod
1277 1018 1396 1090 tempus
1410 1011 1498 1074 Luna
1607 996 1611 1004 ¹

136 1115 158 1157 a
172 1092 245 1156 Sole
268 1089 331 1157 50⁰
352 1092 410 1155 luit
433 1112 564 1167 emensa,
587 1112 645 1155 nou
668 1093 761 1171 igitur
783 1093 859 1155 haec
882 1094 1010 1156 materia
1032 1112 1124 1174 prope
1146 1096 1274 1172 Lunam,
1298 1100 1352 1160 sed
1376 1100 1496 1162 omuino

136 1201 232 1264 supra
253 1182 332 1244 hanc
355 1182 494 1244 constitit
516 1183 545 1245 in
570 1182 635 1262 ipso
658 1182 724 1244 sinu
754 1181 886 1244 aetheris
916 1183 954 1244 ab
978 1184 1113 1245 omnibus
1137 1185 1281 1248 concessi.
1327 1188 1394 1250 Nisi
1418 1189 1497 1252 sorte

136 1272 239 1335 dicere
261 1272 393 1352 placeat,
417 1266 479 1335 50⁰
502 1272 623 1351 longam
645 1271 740 1352 primo
763 1273 877 1335 texisse
901 1270 1003 1334 Solem
1027 1273 1218 1335 extremitate
1242 1275 1365 1349 dextra,
1391 1278 1497 1340 ultimo

136 1359 281 1424 sinistra:
306 1378 363 1441 quo
387 1368 477 1440 pacto
501 1361 608 1423 stellas
632 1360 724 1422 etiam
747 1369 849 1440 tegere
874 1361 994 1434 debuit,
1024 1381 1216 1444 quaecuuque
1240 1364 1320 1427 iutra
1343 1362 1405 1429 50⁰
1426 1386 1498 1447 pro-

136 1449 341 1531 pinquitatem
372 1446 475 1512 Solem
507 1450 754 1512 circumstabant.
809 1450 905 1530 Atqui
938 1450 1081 1531 legimus,
1115 1453 1198 1515 visas
1231 1472 1298 1517 esse
1329 1457 1435 1517 stellas
1468 1456 1498 1517 in

137 1538 280 1602 meridie:
304 1557 396 1618 quare
419 1539 526 1601 stellae
549 1557 641 1619 prope
665 1537 768 1601 Solem
793 1559 851 1601 nou
875 1540 957 1601 fuere
981 1548 1092 1603 tectae.
1139 1541 1272 1604 Materia
1294 1542 1395 1623 igitur,
1422 1563 1498 1625 qnae

138 1625 245 1692 Solem
269 1628 410 1703 obduxit,
440 1637 503 1690 tam
526 1628 591 1690 lata
613 1646 671 1689 non
696 1627 768 1703 luit,
799 1637 831 1690 et
861 1647 927 1689 curn
952 1628 1033 1690 Solis
1056 1629 1122 1691 loco
1146 1631 1322 1695 adhaeserit
1343 1653 1397 1714 per
1420 1653 1498 1715 qua-

137 1716 289 1790 triduum,
312 1718 389 1778 unde
413 1717 518 1778 Lunae
542 1716 623 1779 orbis
646 1716 766 1779 iuterim
788 1736 843 1797 per
865 1711 928 1779 50⁰
951 1717 1108 1792 discessit,
1140 1718 1242 1801 itaque
1265 1740 1358 1802 prope
1382 1724 1499 1785 Lunam

138 1806 217 1868 haec
240 1805 369 1868 materia
391 1815 475 1868 stare
498 1826 556 1869 nou
579 1805 686 1887 potuit.
733 1807 769 1869 ln
792 1807 938 1886 profundo
962 1807 1053 1885 igitur
1080 1808 1203 1871 aethere
1226 1811 1360 1890 proxime
1384 1810 1498 1886 Solem,

138 1895 221 1958 iuter
244 1895 321 1958 hunc
344 1903 375 1957 et
398 1896 548 1958 Tellurem
570 1896 755 1977 quaerenda;
787 1897 844 1957 inno
873 1916 910 1958 ex
939 1916 973 1958 eo
1001 1897 1087 1958 nobis
1117 1898 1221 1961 oblata
1243 1917 1297 1979 pro
1321 1911 1497 1980 argumento

138 1984 295 2048 mutabilis
317 1985 462 2048 materiae
485 1986 663 2061 aethereae,
697 2005 773 2066 quae
797 1986 896 2048 stellis
930 1985 1042 2066 liquida
1065 1985 1324 2065 circumfunditur,
1358 2000 1407 2053 est
1429 2009 1497 2052 am-

139 2074 313 2156 plectenda.
1091 2111 1096 2118 ·

231 2164 270 2226 ΙΙ.
310 2164 480 2229 Secundum
503 2170 710 2243 argumentum
734 2162 936 2241 generationis
960 2162 1120 2225 aethereae
1144 2172 1232 2227 sunto
1255 2176 1402 2244 cometae,
1424 2187 1498 2248 quos

140 2261 264 2314 constat
287 2252 456 2315 certissima
477 2252 676 2332 parallaxium
701 2252 838 2313 doctriua
866 2270 920 2331 per
952 2252 1048 2331 ipsum
1081 2252 1214 2316 aetheris
1242 2274 1379 2336 carnpurn
1409 2258 1498 2337 traji-

140 2360 226 2418 cere,
264 2341 421 2421 subitoque
458 2342 595 2419 ingentes
638 2340 783 2418 paulatim
817 2341 1028 2420 languescere,
1061 2342 1156 2404 donec
1189 2343 1316 2423 denique
1351 2346 1501 2425 dissipata

139 2428 271 2493 materia
293 2449 408 2493 rursum
431 2429 671 2507 exstinguuntur.
707 2430 786 2491 Vide
803 2430 963 2511 Progymu.
981 2430 1132 2512 Tychonis
1156 2439 1227 2496 tom.
1243 2433 1283 2496 11.
1308 2442 1339 2495 et
1361 2434 1391 2496 in
1407 2433 1499 2515 Opti-

140 2519 188 2582 cis
211 2518 285 2581 meis
311 2519 506 2599 appendicem
529 2518 638 2598 capitis
660 2518 702 2581 X.
973 2533 978 2552 ¹

230 2608 287 2671 111.
324 2609 421 2670 Multo
445 2627 515 2669 vero
545 2607 696 2670 efficacius
726 2615 932 2685 argumentum
966 2605 1108 2670 exhibent
1140 2628 1240 2672 eorum
1272 2630 1390 2687 comae,
1424 2614 1501 2675 unde

140 2706 295 2774 cometae,
328 2708 382 2760 ant
405 2698 533 2771 barbae,
568 2697 645 2759 unde
677 2696 825 2777 pogoniae
853 2696 1001 2759 dicuutur.
1057 2695 1188 2760 Constat
1219 2700 1297 2762 enim
1330 2701 1501 2764 certissima

140 2788 246 2869 optica
268 2789 394 2861 ratione,
418 2788 474 2849 has
497 2806 550 2848 seu
574 2805 677 2848 comas
700 2805 752 2847 seu
776 2784 886 2846 barbas
910 2804 963 2846 seu
979 2785 1091 2848 caudas
1106 2787 1177 2849 nihil
1203 2789 1284 2850 aliud
1308 2810 1385 2866 esse,
1411 2810 1499 2870 quarn

140 2876 244 2940 radios
266 2876 348 2938 Solis
372 2875 399 2937 in
425 2894 548 2954 corpore
572 2883 754 2937 cometarum
788 2873 901 2937 tinctos
929 2875 1027 2953 aliquo
1058 2875 1150 2938 veluti
1179 2878 1291 2952 colore,
1321 2888 1353 2941 et
1384 2881 1501 2943 refrac-

140 2966 256 3028 tionem
279 2965 321 3028 ibi
343 2984 452 3045 passos
475 2965 504 3026 in
528 2973 644 3043 partem
668 2984 688 3025 a
710 2961 781 3026 Sole
805 2981 946 3025 aversam
969 2964 1131 3043 projectos.
1177 2966 1276 3028 Docet
1299 2987 1370 3030 vero
1395 2971 1501 3032 eadem

141 3054 319 3136 disciplina,
343 3074 401 3116 uon
425 3052 647 3133 repraesentari
669 3053 784 3114 radium
809 3050 890 3113 Solis
914 3052 971 3115 uisi
995 3053 1034 3114 ab
1057 3054 1160 3135 aliqua
1183 3055 1277 3118 densa
1299 3059 1440 3135 materia,
1471 3059 1502 3120 in

140 3164 233 3226 quam
265 3143 309 3206 illi
341 3142 423 3222 prius
454 3142 598 3204 incidant.
645 3139 727 3204 Solis
759 3140 869 3220 quippe
901 3143 1000 3204 lumen
1034 3144 1169 3223 nuspiam
1201 3145 1231 3207 in
1261 3153 1331 3210 abre
1361 3149 1501 3224 cernitur,

141 3234 264 3316 quaudo
288 3233 314 3295 is
337 3231 505 3312 pellucidus
528 3239 561 3293 et
582 3230 698 3292 tenuis:
722 3230 855 3292 cernitur
878 3250 949 3293 vero
973 3230 1003 3292 in
1025 3234 1119 3308 nube,
1154 3234 1225 3315 quia'
1255 3236 1329 3297 lraec
1353 3257 1449 3319 opaca
1472 3244 1503 3298 et

141 3324 255 3388 densa:
279 3322 411 3385 comitur
433 3330 465 3382 et
487 3320 516 3382 in
540 3326 621 3393 abre,
645 3319 699 3381 sed
724 3318 902 3394 incrassato,
929 3319 1029 3381 nubilo
1049 3321 1203 3403 minusque
1223 3325 1382 3403 pellucido.
1426 3325 1501 3389 Cum

141 3413 237 3494 igitur
268 3419 451 3474 cometarum
485 3409 598 3472 caudae
631 3408 694 3469 siut
726 3407 798 3469 nihil
832 3407 913 3469 aliud
947 3407 1004 3470 nisi
1036 3409 1136 3471 lumen
1170 3410 1265 3486 Solis,
1299 3418 1501 3478 necessarium

142 3502 263 3575 eradit,
287 3509 430 3580 utquam
454 3499 516 3561 late
540 3517 608 3559 sese
631 3498 729 3559 cauda
752 3505 887 3559 cometae
917 3496 1096 3577 exporrigit,
1129 3508 1191 3562 tarn
1216 3502 1276 3562 late
1300 3521 1437 3582 sparsum
1461 3506 1503 3565 sit

140 3591 256 3673 aliquid
280 3589 438 3652 crassioris
461 3587 623 3660 materiae,
655 3606 744 3667 quarn
778 3594 826 3647 est
854 3586 960 3647 aether
982 3605 1089 3664 purus;
1122 3587 1260 3651 idoneum
1293 3609 1398 3671 nempe
1422 3593 1501 3654 reci-

139 3680 252 3763 piendo
276 3679 319 3741 illi
343 3677 425 3741 Solis
449 3677 565 3752 lumini,
592 3695 645 3757 per
668 3674 865 3738 refactionem
887 3675 1104 3756 quodammodo
1128 3677 1312 3741 condensato
1337 3681 1419 3742 etin
1444 3701 1500 3743 an-

140 3777 264 3851 gustum
288 3776 404 3832 coacto.
1286 3795 1289 3800 ’

232 3858 326 3923 Nulla
358 3856 476 3937 quidem
510 3854 593 3942 regio
626 3854 727 3918 mundi
760 3862 822 3926 est,
855 3852 885 3915 iu
919 3872 993 3932 qna·
1009 3852 1176 3933 hujusmodi
1208 3875 1303 3919 novae
1335 3858 1416 3920 luces
1443 3878 1501 3921 non

141 3947 276 4016 existere
301 3947 474 4020 videantur3
502 3945 592 4025 paulo
622 3963 715 4024 supra
746 3951 880 4006 nostrum
904 3948 1004 4004 adrem
1029 3944 1241 4023 trajectiones,
1273 3953 1384 4026 quanto
1403 3948 1502 4011 humi-

140 4038 237 4104 liores
261 4045 347 4099 tanto
370 4034 541 4109 celeriores,
566 4034 742 4106 crebriores,
766 4034 896 4095 minores
920 4040 952 4092 et
975 4042 1203 4096 momentaneae
1227 4035 1403 4109 (chasmate
1423 4039 1500 4099 enim

141 4130 174 4193 iu
196 4128 276 4190 huuc
291 4144 421 4189 censum
445 4124 592 4186 trahenda
615 4143 672 4184 uon
696 4122 845 4195 ridentur,
870 4127 974 4199 utpote
995 4121 1124 4185 Telluris
1144 4123 1263 4187 soboles
1283 4135 1314 4187 et
1336 4125 1366 4187 in
1391 4127 1502 4189 fulmen

141 4236 338 4291 concessura,
372 4214 399 4276 si
422 4232 513 4293 snpra
536 4232 569 4274 se
593 4213 701 4294 molem
732 4230 891 4291 aquarum,
926 4210 973 4272 cui
1002 4220 1205 4288 occurrerent,
1238 4213 1400 4276 habereut:
1434 4235 1503 4278 uam

141 4310 210 4372 fere
234 4304 383 4369 siccitatis
406 4313 478 4366 sunt
500 4301 654 4376 comites),
686 4301 776 4383 paulo
800 4317 903 4360 versus
927 4298 1044 4362 Lunam
1068 4300 1173 4374 altius,
1199 4301 1279 4381 globi
1302 4303 1403 4383 igniti,
1429 4305 1502 4366 dra-

142 4415 238 4462 cones
260 4395 410 4464 volantes,
430 4392 495 4473 jam
520 4389 718 4453 durabiliores
742 4401 775 4452 et
796 4385 960 4451 tardiores:
987 4388 1054 4451 inde
1077 4398 1222 4465 cometae,
1247 4391 1324 4454 alius
1346 4392 1406 4455 alio
1421 4396 1503 4456 cele-

142 4488 206 4550 rior
228 4493 262 4547 et
283 4483 465 4557 diuturnior,
498 4487 587 4561 prout
618 4479 667 4540 vel
696 4479 775 4541 inira
804 4478 851 4539 rel
876 4477 965 4558 longe
989 4498 1081 4559 supra
1103 4479 1218 4540 Lunam
1242 4490 1328 4557 sunt3
1361 4490 1450 4563 atque
1473 4483 1503 4544 hi

141 4578 209 4657 jam
233 4572 383 4637 universis
406 4578 567 4632 cernuntur
590 4568 739 4646 gentibus,
762 4567 850 4648 pauci
873 4567 1010 4647 singulis.
1057 4568 1122 4631 lt'ec
1145 4569 1281 4648 impediri
1300 4590 1420 4652 possum
1435 4572 1503 4652 quin

148 4664 272 4728 credam
299 4660 531 4739 Regionroutani
564 4667 710 4720 cometam
739 4675 817 4718 enno
850 4651 942 4720 1475.
972 4658 1068 4738 ipsam
1096 4658 1200 4719 Lunae
1233 4659 1390 4740 sphaeram
1422 4671 1504 4724 recto

142 4762 230 4818 motu
262 4751 421 4832 trajecisse
455 4748 647 4829 proximeque
676 4747 798 4808 Terram
832 4746 951 4807 venisse
989 4747 1087 4808 medio
1128 4749 1325 4828 apparitionis
1360 4759 1501 4833 tempore,

143 4859 285 4909 cumnuo
307 4840 355 4902 die
383 4834 508 4917 deigna
533 4833 728 4915 longitudinis
751 4842 784 4895 et
806 4833 836 4894 in
859 4834 969 4896 circulo
993 4854 1101 4914 magno
1120 4831 1181 4900 40⁰
1203 4840 1382 4915 confecerit,
1406 4841 1503 4902 cauda

143 4930 331 4996 incredibilis
356 4925 550 5007 longitudinis
574 4921 651 4989 50⁰:
685 4944 751 4987 cnm
784 4931 854 4984 ante
886 4931 918 4985 et
944 4933 1016 5004 post
1046 4934 1077 4987 et
1101 4926 1198 4988 cauda
1220 4936 1251 4989 et
1273 4937 1371 4990 rnotus
1395 4929 1505 4992 fuerint

143 5021 306 5087 admodum
329 5009 486 5093 exiles.⁸²)
532 5017 567 5079 ln
591 5013 739 5078 altissimo
771 5011 896 5095 deniqne
924 5013 1047 5076 aethere
1085 5016 1192 5079 stellae
1219 5016 1298 5079 iuter
1320 5018 1395 5080 lixas
1420 5019 1502 5102 ipsae
