3692 5842
822 461 906 530 ὕψι
922 463 956 516 V·
977 461 1004 516 ⁴·
1528 459 1595 532 ibi·

234 659 307 721 «ιο
324 645 372 704 θι
394 639 577 720 refringatur
599 640 639 703 ad
661 639 940 721 perpendicularem
959 642 998 702 la
1020 641 1239 714 continuatam,
1261 661 1353 722 quere
1376 643 1407 708 in
1429 669 1466 727 ay
1487 663 1595 710 versus

233 730 396 803 marma.
421 738 455 794 et
474 730 507 807 ep
529 747 636 792 versus
657 730 696 806 ιβ
718 729 927 794 continuatam
949 730 1116 810 iterumque
1138 731 1168 792 in
1192 731 1345 794 exteriora
1366 733 1397 796 in
1419 736 1467 813 βᾶ,
1491 735 1595 816 sicque

233 821 295 892 ιι,
317 817 511 899 :aperuisti
540 818 638 900 prius,
668 817 734 896 jam
765 820 981 883 divarimtur.
1027 818 1070 880 Et
1093 818 1165 899 quia
1186 824 1219 897 γι
1241 837 1318 882 cava
1349 823 1523 901 superficies
1545 830 1596 886 eat

234 906 384 970 anuas
406 906 508 980 medii,
530 923 586 970 seu
608 924 746 968 convexa
767 907 900 983 rarioris,
924 915 1028 968 centro
1050 930 1083 980 p,
1106 925 1180 986 ergo
1202 931 1238 986 cy
1260 909 1442 990 refringatur
1464 932 1485 973 a
1504 935 1542 991 yps
1565 912 1594 973 in

233 990 268 1075 y(
285 1001 320 1058 et
337 997 377 1073 βι
398 1015 420 1056 ι
439 999 481 1069 ομ
503 993 533 1056 in
552 999 596 1073 dp,
620 996 718 1073 magis
742 994 834 1075 igitur
857 994 1103 1058 divaricabuutur
1120 992 1160 1073 pl,
1177 1001 1221 1073 ιη,
1246 998 1322 1059 adeo
1344 1006 1379 1060 ut
1401 1000 1595 1062 continuatae

235 1082 453 1163 imaginatione
476 1091 659 1146 concurrant
679 1083 710 1146 in
734 1106 758 1146 ι.
803 1084 912 1165 Itaque
939 1082 1132 1145 remotissimi
1156 1085 1260 1163 puncti
1288 1085 1474 1150 radiationes
1496 1089 1542 1152 sio
1563 1089 1596 1151 in

234 1171 353 1236 oculum
376 1189 431 1234 seu
454 1189 595 1236 corneam
618 1167 653 1249 lq
673 1172 810 1246 influent,
833 1193 870 1235 ac
893 1171 920 1233 si
943 1172 1083 1234 venirent
1105 1193 1125 1232 a
1147 1173 1282 1251 proximo
1305 1185 1415 1253 puncto
1439 1199 1465 1240 ι.
1513 1177 1595 1247 Quid

230 1261 298 1341 jam
330 1261 413 1323 intra
440 1259 540 1340 ipsum
572 1261 690 1323 oculum
712 1260 741 1321 in
774 1261 873 1323 retina
901 1260 954 1321 dat
976 1278 1031 1340 per
1063 1260 1382 1341 appropinquationem
1407 1265 1470 1337 (rel
1494 1265 1596 1345 quasi)

235 1343 341 1430 puncti
364 1347 524 1421 radiantis,
548 1366 641 1427 supra
659 1349 852 1428 explicatum,
875 1349 1055 1428 praesertim
1073 1367 1158 1429 prop.
1174 1346 1226 1413 27.
1250 1351 1429 1429 praemissa
1463 1351 1594 1417 Rursum

236 1459 310 1502 m
332 1438 376 1502 sit
397 1435 555 1518 specillum
577 1455 759 1507 convexum,
791 1446 934 1516 punctum
959 1458 979 1498 σ
1001 1437 1117 1509 radiet,
1149 1438 1334 1500 radiationes
1357 1449 1446 1503 sunto
1470 1463 1520 1513 oo,
1542 1463 1595 1506 ca.

236 1524 325 1598 Quas
358 1525 430 1605 qnia
458 1525 595 1589 incidunt
624 1524 655 1586 in
687 1543 869 1597 convexum,
902 1533 1012 1587 coeunt
1042 1543 1148 1586 versus
1180 1527 1444 1606 perpendiculares
1475 1553 1525 1605 or,
1547 1551 1594 1606 rr,

235 1613 499 1694 miringuturqne
520 1614 550 1676 iu
574 1636 619 1689 ιι,
642 1635 691 1689 ur,
715 1622 748 1675 et
769 1613 799 1677 bi
827 1613 944 1693 egressi
967 1614 996 1676 in
1021 1635 1054 1675 aa
1083 1632 1188 1678 cavam
1218 1616 1340 1678 rarioris
1367 1618 1457 1682 medii
1486 1638 1594 1699 super-

235 1701 332 1766 ficiem
356 1701 476 1779 lugiunt
497 1722 518 1763 a
538 1702 833 1780 perpendicularibus
858 1725 906 1780 ps,
940 1724 976 1781 pe
998 1702 1197 1775 continuatis,
1222 1702 1424 1785 refringuntur
1447 1707 1540 1786 igitur
1561 1707 1592 1768 in

235 1787 278 1865 ιε,
294 1810 358 1852 eo:
382 1789 487 1869 sicque
510 1797 670 1852 occurrunt
687 1809 814 1854 corneae
828 1792 857 1853 in
873 1787 926 1865 ξω,
951 1809 986 1852 ac
1002 1791 1028 1852 si
1043 1800 1187 1869 apuncto
1211 1792 1404 1871 longissimae
1428 1796 1595 1859 distantiae

234 1895 290 1958 psr
311 1876 356 1960 χξ,
380 1899 425 1939 ao
447 1877 660 1957 propemodum
682 1879 846 1957 parallelos
872 1887 978 1941 essent
1001 1878 1120 1958 allapsi.
1166 1879 1297 1943 Rursum
1324 1882 1440 1963 itaque,
1469 1884 1541 1964 quid
1564 1884 1595 1948 in

235 1985 384 2032 concursu
407 1966 609 2028 radiationum
633 1967 713 2044 apud
735 1968 864 2029 retinam
888 1967 1063 2029 emendetur
1085 1966 1144 2028 bac
1163 1968 1234 2030 ficta
1257 1970 1422 2035 remotione
1444 1974 1547 2054 puncti
1566 1995 1596 2047 o,

237 2055 309 2120 ὥσ
331 2073 424 2135 supra
445 2054 625 2134 praesertim
649 2074 734 2135 prop.
758 2052 812 2119 26.
836 2056 1016 2135 praemissa„

323 2142 369 2207 Et
397 2144 543 2206 haetenus
573 2142 693 2223 quidem
720 2145 938 2206 demonstratio
968 2162 1085 2217 sorum,
1115 2161 1191 2223 quae
1224 2162 1317 2224 supra
1346 2166 1468 2212 numero
1492 2144 1523 2212 2.
1557 2150 1595 2212 ds

234 2231 415 2316 mystalliso
437 2231 521 2294 dicta
543 2239 623 2295 sunt

268 2369 301 2437 4.
337 2369 608 2435 Consideratio
632 2388 766 2446 eorum,
791 2389 881 2450 quae
906 2369 1023 2451 optici
1047 2378 1086 2432 et
1109 2375 1313 2438 anatomici
1336 2376 1379 2438 de
1402 2376 1561 2440 visionis

759 2459 862 2521 modo
886 2458 1072 2523 dixerunt.

321 2585 392 2650 Nou
417 2584 539 2665 singule
561 2583 816 2664 percensebimus,
841 2583 896 2646 sed
918 2582 1092 2662 potissima,
1117 2604 1172 2647 nec
1195 2586 1326 2649 omnium
1352 2591 1536 2664 smtentias,
1560 2611 1597 2654 ne

236 2673 438 2740 mundent
461 2675 566 2738 lector.
605 2673 733 2736 Vitellio
756 2682 788 2733 et
811 2691 848 2733 ea
872 2690 907 2734 eo
930 2671 1088 2734 Jessenius
1112 2692 1178 2735 eum
1202 2694 1344 2739 araneam
1367 2686 1400 2740 et
1422 2678 1451 2742 in
1474 2698 1513 2742 ea
1526 2699 1597 2760 cry·

235 2761 392 2828 munem
416 2781 456 2824 ex
478 2761 626 2826 retilormi
650 2779 801 2841 nervoque
824 2760 1011 2833 nexuissent,
1035 2762 1212 2842 potissimas
1235 2764 1386 2828 sentiendi
1407 2778 1512 2846 partes
1529 2769 1598 2832 huic

235 2849 352 2916 humori
377 2850 524 2914 tribuunt
569 2849 650 2912 Fieri
673 2850 752 2912 enim
776 2849 945 2912 sensionem
968 2869 1022 2911 seu
1048 2850 1206 2924 visionem,
1240 2871 1305 2914 cum
1338 2854 1416 2918 redii
1448 2875 1486 2918 ex
1508 2857 1598 2920 rebus

234 2939 406 3004 r'uibilibus
420 2938 551 3014 tunicas,
574 2938 764 3018 potissimum
787 2956 860 3001 vero
883 2938 1052 3019 crystallini
1076 2941 1168 3002 telam
1192 2943 1403 3006 transmittant
1423 2947 1598 3026 speciesque

235 3027 417 3110 crystallino
449 3027 638 3106 imprimatur
671 3028 763 3103 adeo,
792 3035 826 3090 ut
857 3025 1070 3102 inhaerescaty
1104 3047 1191 3108 quem
1223 3030 1252 3091 in
1286 3031 1374 3093 finem
1405 3033 1509 3097 humor
1539 3035 1597 3096 ista

235 3116 456 3180 massinseulus
480 3116 523 3179 sit
546 3116 655 3178 laetus.
702 3116 747 3179 Ut
768 3123 868 3178 autmn
892 3114 1037 3179 distincta
1059 3116 1114 3178 liat
1135 3117 1221 3191 visio,
1245 3120 1508 3198 perpendiculares
1531 3142 1599 3185 esse

236 3205 348 3274 debere
371 3204 474 3268 radios
506 3204 536 3266 in
565 3203 736 3286 crystallini
767 3203 948 3265 anteriorem
980 3205 1177 3283 superficiem.
1223 3207 1492 3287 Perpendicularee
1519 3212 1600 3274 enim

236 3292 386 3367 ordinari,
418 3301 453 3356 ut
475 3301 547 3356 sunt
569 3293 598 3355 in
622 3313 654 3355 re
678 3300 789 3373 puncta
812 3290 965 3354 ordinata
1010 3292 1080 3355 Nisi
1103 3295 1182 3358 enim
1204 3294 1279 3358 solis
1302 3298 1599 3376 perpendicularibus

237 3383 312 3446 risio
335 3382 401 3457 ust,
427 3381 559 3444 totunm
582 3389 617 3443 ut
634 3381 836 3444 contundatur
858 3379 945 3454 visio,
970 3380 1050 3443 siout
1073 3393 1105 3445 st
1127 3382 1314 3447 radiationes
1336 3388 1600 3465 perpendiculares

237 3470 368 3553 obliquis
391 3471 621 3534 contundantur.
666 3469 710 3530 Et
731 3477 832 3531 tamen
857 3469 970 3548 aliquid
1003 3471 1095 3533 etiam
1119 3471 1249 3552 obliquis
1272 3472 1388 3547 tribuit,
1413 3476 1600 3554 experientia

237 3559 424 3626 ualidissime
457 3559 630 3632 convictus,
661 3558 756 3621 videri
789 3556 918 3637 amplius
943 3577 1032 3638 quam
1056 3569 1199 3640 quantum
1224 3561 1261 3624 de
1283 3561 1504 3643 hemisphaerio
1527 3583 1599 3643 per·

237 3647 475 3732 pandiculeriter
506 3647 623 3710 oculum
656 3644 833 3726 ingreditur.
886 3645 957 3709 Jarn
987 3647 1118 3711 vitreum
1148 3648 1195 3710 eit
1226 3649 1355 3712 Vitellio
1387 3652 1600 3716 nutrimentum

237 3755 303 3802 ιιιι
329 3736 512 3820 crystallini,
536 3755 664 3818 aqueum
688 3754 759 3797 vero
783 3734 921 3814 ejusdem
945 3746 1178 3813 excrementum,
1202 3737 1304 3800 forsan
1319 3739 1452 3803 medicos
1467 3751 1599 3810 secutus,

238 3845 307 3892 ιιιιι
330 3825 414 3890 idem
436 3825 596 3889 Fernslius
620 3843 658 3887 ex
686 3823 811 3897 iisdem;
834 3823 1017 3903 pellucidos,
1041 3827 1129 3902 hunc,
1153 3833 1189 3889 ut
1212 3826 1327 3907 ingredi
1351 3828 1450 3907 possit
1473 3829 1600 3910 species,

236 3915 333 3992 illem,
358 3922 393 3978 ut
416 3915 535 3995 species
554 3914 618 3995 jam
642 3932 733 3976 sensa
756 3912 932 3994 crystallino
956 3931 1011 3992 per
1034 3915 1161 3978 vitreum
1184 3923 1217 3977 et
1238 3933 1292 3995 per
1315 3916 1599 3995 spiritussubstan·

236 4003 312 4068 tien
334 4004 375 4065 ad
408 4021 585 4066 concursum
617 4002 700 4065 nervi
733 4000 892 4082 perveniat
922 4000 1022 4081 ibique
1046 4024 1065 4065 a
1089 4004 1235 4067 facultate
1258 4023 1311 4067 sen
1340 4023 1430 4068 sensu
1453 4007 1601 4070 communi

236 4101 431 4176 agnoscatur.
477 4091 588 4172 Itaque
616 4090 792 4173 crystallino
820 4088 978 4173 planitiem
1011 4093 1112 4172 (prop.
1137 4088 1191 4156 23.
1217 4092 1367 4166 libili.)
1400 4095 1602 4175 aposteriori

235 4190 324 4263 parta
349 4179 456 4246 tribuit
477 4188 629 4261 negatque
659 4197 835 4242 concurrere
859 4178 969 4240 debere
993 4181 1094 4243 radios
1117 4200 1233 4256 rerum,
1267 4200 1303 4242 ne
1332 4182 1440 4244 dextra
1469 4183 1601 4246 sinistris

236 4277 447 4352 permutentur
467 4269 501 4333 in
524 4268 695 4332 simulacro.
742 4267 785 4329 Et
816 4268 936 4331 omnino
964 4279 1066 4349 putat,
1095 4269 1263 4350 perlectam
1296 4268 1426 4350 speciem
1449 4271 1493 4333 rei
1515 4271 1601 4334 risse

236 4357 396 4440 pensrdre
418 4357 566 4440 usquein
590 4375 765 4420 concursum
790 4355 881 4420 nervi.

326 4446 414 4510 naec
442 4453 512 4510 tota
543 4444 696 4508 sententia
732 4445 886 4525 (quamvis
916 4463 949 4508 se
982 4453 1109 4508 auctore
1136 4448 1238 4528 jactet
1268 4446 1456 4520 Aristotele,
1488 4446 1538 4527 qui
1567 4469 1602 4511 rs

238 4535 376 4614 ὄμματος
405 4555 441 4598 ro
464 4530 604 4616 ripenses
631 4530 740 4604 idaeae
772 4552 841 4596 esse
873 4533 917 4595 ait
949 4552 1018 4613 cap.
1047 4530 1078 4596 2.
1113 4536 1150 4598 de
1174 4556 1263 4599 sensu
1288 4544 1320 4597 et
1348 4534 1502 4610 sensibus)
1526 4553 1600 4614 pro·

238 4626 395 4699 sternitur,
416 4633 537 4688 macuto
561 4621 736 4706 crystallino
761 4642 780 4683 a
802 4639 894 4684 nervo
917 4630 949 4684 et
973 4643 993 4685 a
1015 4623 1131 4700 retina,
1155 4643 1292 4704 neroque
1315 4642 1380 4686 cum
1404 4643 1497 4698 uvea,
1522 4624 1600 4703 quod

239 4733 334 4797 upra
354 4732 394 4778 ez
416 4713 539 4778 Platero
563 4722 716 4776 ostensum
740 4718 799 4773 est.
847 4708 929 4781 Quid
953 4712 1060 4773 deinde
1084 4713 1122 4774 ds
1144 4712 1201 4775 bac
1229 4714 1402 4775 introducta
1428 4711 1600 4775 nutritionis

242 4811 274 4868 st
294 4800 479 4868 exereb'onia
502 4801 599 4866 torma
620 4799 819 4873 sentiendum,
845 4799 1001 4879 disputent
1030 4800 1154 4866 medici:
1188 4808 1270 4862 certe
1295 4801 1322 4864 si
1345 4801 1445 4864 nullus
1468 4819 1506 4864 ex
1529 4818 1602 4862 seu·

242 4890 323 4958 sibus
345 4900 397 4956 est
417 4890 623 4955 admirabilior
646 4895 678 4950 et
700 4887 841 4950 subtilior
864 4906 953 4968 quam
978 4888 1077 4964 visus,
1102 4890 1226 4970 indigna
1250 4899 1323 4952 sunt
1344 4889 1440 4961 baec,
1463 4907 1540 4969 quas
1564 4887 1601 4949 de

245 4979 306 5046 ιίιιι
328 4987 515 5046 suuntur.
563 4979 637 5042 Tum
660 4985 761 5038 eutem
786 4975 895 5038 tunicis
923 4995 1043 5040 sensum
1067 4978 1142 5041 lucis
1165 4978 1343 5041 transcribit
1365 4997 1403 5039 ex
1427 4986 1520 5039 tactu.
1567 4975 1601 5038 Si

294 5083 525 5136 ιηιιιομιιι.
1359 5081 1388 5132 17
