3692 5842
241 446 284 513 64
668 449 767 498 llterae
785 447 887 513 Ksplsri
906 449 1056 513 alterumque
1073 455 1175 498 mutuae

240 644 298 685 nen
319 634 418 685 tamen
436 626 526 703 plane
545 631 654 704 quarta
669 643 740 703 pars
754 625 847 705 ipsius
873 624 936 687 CB.
984 627 1091 705 Margo
1105 625 1206 705 itaque
1219 624 1269 705 qui
1282 622 1416 686 incendit
1439 621 1471 684 iu
1496 629 1602 703 quarta

241 733 314 775 snae
339 714 477 774 diametri
510 725 559 774 est
589 713 668 774 inter
692 712 716 775 O
742 723 771 774 et
796 715 834 787 F,
868 714 1021 791 proximus
1054 715 1112 794 ipsi
1137 711 1161 775 C
1186 724 1218 774 et
1240 713 1277 774 B.
1324 712 1433 793 Itaque
1464 729 1525 772 nen
1557 723 1603 772 est

242 802 388 882 exquisite
413 821 514 864 verum
541 811 649 882 quarta
673 803 812 863 diametri
844 814 993 883 utcunque
1016 813 1127 864 sumta.
1174 803 1220 863 Ar
1246 809 1353 863 eontra
1371 800 1402 862 in
1426 797 1600 879 parabolice

241 892 378 972 speculo,
405 892 488 970 eujus
512 892 702 971 profunditas
727 900 776 951 est
794 901 903 970 quarta
923 892 1076 965 diametri,
1101 911 1205 952 omnes
1228 890 1347 951 omnine
1371 889 1450 951 radii
1474 905 1600 950 concur·

241 989 311 1041 runt
337 980 365 1040 in
391 981 470 1042 idem
495 994 651 1060 punctum,
683 980 761 1058 qued
785 981 890 1041 loeus
914 981 1037 1055 dieitur,
1072 981 1188 1041 distans
1212 979 1302 1058 duple
1327 1000 1345 1040 a
1368 977 1506 1058 margine
1530 977 1600 1057 ejus,

241 1070 320 1149 quod
346 1070 485 1130 distata
509 1069 610 1129 t'undo.
661 1069 755 1130 Vides
779 1068 884 1148 igitur,
910 1071 1064 1149 lllaginurn
1089 1078 1256 1131 mutuatum
1281 1086 1349 1129 esse
1372 1067 1452 1128 haue
1476 1064 1599 1128 locutio-
1630 1099 1635 1108 ·

242 1177 310 1220 nem
336 1179 354 1218 a
378 1158 552 1236 parabolice
577 1166 608 1218 ει
631 1176 789 1236 perperam
821 1160 1067 1221 accommodasse
1090 1159 1128 1220 ad
1152 1156 1353 1237 sphaericum.
1402 1153 1491 1226 Quae
1511 1173 1599 1236 argu·

242 1246 389 1307 menteris
414 1248 450 1306 de
475 1247 610 1325 speculo,
637 1246 720 1324 cujus
745 1246 892 1308 diameter
915 1247 957 1307 sit
976 1244 1048 1321 30¹,
1074 1266 1130 1308 nen
1157 1254 1227 1307 sunt
1250 1246 1336 1324 hujus
1362 1244 1435 1319 leci,
1460 1244 1599 1306 censide-

242 1355 344 1397 ramus
368 1335 446 1395 enirn
471 1336 585 1395 radium
611 1354 647 1395 ex
672 1342 775 1395 centro
800 1334 882 1396 Solis
907 1336 1125 1414 egredientem,
1151 1354 1207 1395 uon
1233 1343 1374 1395 curantes
1398 1331 1601 1414 quedSelsit

242 1424 397 1505 physicum
421 1433 578 1504 punctum,
617 1423 646 1484 id
677 1432 725 1483 est
748 1442 866 1503 cerpus.
914 1424 1012 1502 Igitur
1042 1443 1107 1485 euru
1132 1424 1197 1484 dice
1222 1441 1325 1484 omues
1348 1422 1453 1485 radies
1477 1439 1600 1484 concur·

243 1532 309 1574 rere
333 1513 363 1574 in
388 1532 445 1574 uuo
469 1522 593 1591 puncto,
629 1513 694 1572 lece
718 1513 894 1592 paraboles,
931 1513 1065 1591 intellige
1094 1513 1243 1574 centrales
1277 1531 1315 1573 ex
1338 1511 1423 1574 Sele.
1471 1511 1523 1574 Illi
1540 1511 1601 1590 jam

243 1610 405 1682 prepterea
428 1601 507 1680 qued
522 1600 575 1662 Sel
599 1619 706 1679 cerpus
731 1609 779 1661 est
802 1601 933 1680 aliquam
957 1602 1070 1662 habeut
1094 1601 1184 1662 etiam
1208 1600 1415 1674 latitudinem,
1440 1606 1475 1660 et
1497 1599 1526 1661 si
1548 1600 1600 1660 ba·

243 1692 328 1752 litum
353 1690 488 1751 insuffles
513 1690 541 1750 in
567 1691 676 1763 fecum,
713 1690 882 1750 lbrmabunt
913 1690 1126 1750 intersectione
1158 1689 1204 1750 sui
1235 1689 1326 1751 etiam
1349 1708 1460 1768 cerpus
1485 1687 1603 1769 aliquod

244 1780 479 1840 semirotuudum
503 1780 681 1850 candetum,
721 1778 749 1839 in
784 1779 880 1838 lerrua
903 1788 1048 1840 cometae.
1095 1777 1156 1839 Sed
1188 1778 1401 1839 concludamus
1426 1778 1509 1840 hanc
1532 1795 1602 1840 rem.

243 1869 278 1930 In
302 1868 460 1947 sphaerico
494 1868 578 1927 loeus
601 1886 658 1928 nen
694 1876 741 1927 est
765 1877 907 1947 punctum
932 1868 985 1927 sed
1010 1868 1103 1938 linea,
1136 1866 1193 1927 nisi
1227 1866 1305 1946 ignis
1330 1876 1382 1930 aut
1406 1865 1461 1929 Sel
1487 1865 1602 1945 ipsein

244 1965 348 2017 centro
372 1957 426 2030 sit,
453 1965 538 2030 tunc,
565 1957 640 2017 uude
665 1957 780 2034 egressi
806 1956 896 2029 radii,
922 1956 1027 2016 eedem
1052 1957 1255 2019 reflectuntur.

333 2062 557 2126 Brenggerus,
589 2062 734 2109 intermixtis
761 2061 906 2124 quibusdam
932 2062 1132 2109 annotationibus
1155 2061 1185 2110 de
1212 2064 1327 2116 cometis.
1355 2061 1419 2122 alle,
1443 2069 1473 2111 ut
1494 2061 1605 2118 diximus.

243 2132 297 2183 leco
318 2134 470 2188 inserendis,
497 2132 529 2181 ad
555 2133 670 2194 Opticam
696 2133 759 2181 redit
781 2134 816 2181 sic
842 2147 961 2196 pergens:
987 2132 1072 2181 Redeo
1092 2132 1194 2181 tandem
1221 2133 1253 2182 ad
1278 2134 1369 2196 priores
1390 2143 1449 2182 tuas
1470 2132 1559 2183 literas
1571 2131 1606 2194 (a

245 2201 287 2253 ³0.
301 2203 364 2252 Ner.
379 2201 475 2264 teet),
494 2204 519 2251 in
540 2205 626 2266 quibus
647 2205 728 2267 pergis
748 2217 891 2266 comparare
909 2204 1034 2251 flammam
1056 2204 1183 2268 uulgarem
1209 2218 1265 2253 curn
1290 2204 1372 2254 calere
1395 2203 1479 2253 cordis
1501 2202 1539 2268 (p.
1553 2201 1607 2264 58).

245 2283 298 2325 tum
317 2275 399 2338 quoad
412 2276 558 2337 ejectionem
581 2284 788 2322 recrementorum
811 2282 863 2322 tum
884 2275 1067 2338 suggestionem
1090 2276 1155 2323 aeris
1176 2281 1203 2323 et
1224 2275 1336 2323 alimenti
1361 2277 1469 2339 pinguis.
1509 2275 1564 2342 Ege
1583 2276 1609 2324 iu

243 2347 282 2396 his
301 2347 412 2395 omuibus
436 2360 555 2410 magnam
577 2345 745 2393 animadverto
769 2344 1017 2408 diversitatemque
1040 2352 1176 2394 commotus
1198 2361 1247 2395 nou
1272 2348 1352 2409 patior
1371 2346 1433 2395 mihi
1455 2347 1609 2411 persuaded.

245 2417 321 2467 ullum
345 2418 461 2465 flammas
484 2417 564 2465 lecum
584 2431 638 2463 esso
661 2418 686 2463 iu
703 2416 784 2464 corde.
823 2415 1013 2464 Recrementum
1031 2416 1139 2480 uulgaris
1161 2417 1278 2466 flammae
1300 2418 1393 2466 siccum
1415 2427 1456 2467 eat
1477 2427 1506 2468 et
1527 2417 1609 2484 iuligi-

246 2503 333 2539 nesum
356 2502 386 2537 ao
409 2495 497 2536 atmm.
525 2487 610 2535 Cordis
630 2501 750 2535 veronen
777 2486 839 2534 adeo
858 2489 950 2536 siecum
968 2488 1025 2549 quin
1045 2488 1076 2535 ab
1096 2488 1222 2536 ambiente
1244 2488 1345 2537 hiberno
1364 2489 1456 2553 frigide
1479 2491 1612 2556 inaquam

248 2561 325 2625 pessit
348 2559 504 2614 condensari,
525 2573 629 2622 eamque
658 2573 707 2607 non
721 2566 801 2606 atram
824 2558 867 2606 sed
887 2557 1025 2620 limpidam.
1053 2559 1118 2622 qued
1143 2567 1267 2608 testantur
1296 2559 1368 2608 oculi.
1407 2561 1540 2611 Flammae
1565 2560 1611 2610 all·

246 2640 355 2680 mentum
381 2639 419 2679 est
449 2631 547 2694 pinguis
573 2629 712 2685 exhalatio,
749 2636 777 2677 ut
798 2639 864 2677 recte
887 2630 971 2677 scribis
1001 2631 1071 2689 lnam
1097 2630 1161 2693 quod
1186 2645 1264 2693 nuper
1286 2630 1347 2679 lumi
1373 2634 1529 2683 mentionem
1555 2633 1612 2690 teci.

245 2702 342 2751 locutus
366 2717 419 2750 sum
442 2717 497 2749 curn
520 2701 665 2756 Aristotele,
694 2701 733 2764 qui
755 2702 886 2764 ignitomnr
908 2708 1042 2748 meteorum
1062 2702 1192 2749 materiam
1215 2702 1276 2751 lacit
1298 2703 1405 2763 lunium,
1430 2718 1507 2768 quern
1528 2703 1614 2768 vapori

247 2770 377 2838 opponit),
403 2772 530 2835 sanguinis
561 2786 616 2819 rere
645 2771 736 2820 balitus
769 2787 817 2818 nou
841 2779 878 2819 est
900 2772 1009 2834 pinguis,
1036 2779 1182 2826 unctuosus,
1204 2773 1247 2822 sed
1273 2787 1414 2837 vaporosus.
1448 2774 1504 2824 Etsi
1527 2785 1615 2824 auten

246 2845 348 2908 sanguis
375 2843 525 2906 pinguedine
553 2856 601 2890 non
628 2856 723 2904 prorsus
747 2851 849 2895 careat.
882 2849 966 2890 tamen
994 2844 1018 2890 in
1047 2857 1076 2890 eo
1096 2851 1226 2905 exsuperat
1255 2852 1315 2893 actu
1341 2844 1478 2894 humiditas
1507 2857 1614 2910 aquosa.

247 2929 312 2979 quae
331 2914 393 2962 lacit
411 2923 438 2961 ut
457 2913 605 2973 ellychnium
624 2913 745 2975 sauguine
764 2912 890 2960 madidum
909 2914 991 2975 ignem
1005 2928 1054 2961 neu
1067 2915 1205 2975 concipiat,
1225 2916 1272 2963 nisi
1285 2917 1351 2978 prius
1365 2917 1524 2974 exsiccaturr
1542 2917 1613 2966 ldae·

247 2999 294 3049 que
314 2984 415 3048 sanguis
435 2987 532 3045 ineptus
552 2989 634 3030 estut
653 2984 782 3031 amieriam
802 2984 851 3046 igni
865 2982 1013 3045 suppeditet,
1032 2983 1076 3032 sed
1095 2992 1167 3046 aptus
1186 2992 1215 3033 ut
1232 2986 1367 3044 flammam,
1389 2988 1471 3052 siqua
1490 2990 1519 3038 iu
1536 2987 1613 3038 cord·

247 3057 349 3110 luceret.
370 3056 532 3116 extingueret.
570 3055 619 3101 ser
637 3068 686 3100 neu
706 3055 807 3101 vertitur
825 3056 848 3101 in
869 3054 983 3101 tlammae
1002 3055 1176 3111 substantiam.
1196 3056 1240 3104 sed
1259 3056 1306 3105 hec
1324 3058 1414 3106 saltem
1433 3067 1568 3122 praestat.
1587 3069 1618 3108 ut

247 3141 294 3176 sua
313 3124 474 3173 ventilatione
495 3126 600 3178 lunium.
620 3139 667 3186 quo
686 3124 749 3171 alias
768 3125 855 3172 obruta
873 3124 1047 3182 sutlbcaretur,
1075 3126 1162 3190 abigat
1181 3134 1206 3175 st
1225 3129 1334 3182 eineres.
1354 3129 1515 3192 superficiem
1532 3129 1615 3196 liguo-

249 3213 301 3247 rum
321 3196 481 3259 obtegentes,
501 3195 625 3243 sulllande
645 3196 772 3258 detergat.
796 3210 827 3242 ne
847 3210 925 3242 nesae
945 3195 1094 3243 exhalationi
1114 3211 1159 3244 ceu
1179 3197 1297 3246 alimento
1316 3215 1346 3247 ex
1365 3199 1433 3263 ligne
1453 3203 1617 3268 consurgenti

250 3282 378 3318 accessum
398 3266 520 3315 occludat.
558 3269 580 3313 Λ
600 3266 673 3314 eorde
701 3280 757 3313 rere
785 3266 917 3314 attrahitur
945 3271 988 3313 aer
1012 3267 1192 3329 principaliter,
1221 3277 1249 3315 nt
1276 3271 1408 3318 uratmiam
1427 3274 1525 3335 spiritui
1545 3271 1618 3322 ritall

250 3338 394 3404 geoeraode
414 3337 561 3399 suppeditet.
602 3336 700 3384 Decent
719 3338 782 3384 enim
801 3337 891 3385 medici
911 3351 966 3385 eum
980 3337 1088 3391 Gaiano.
1108 3336 1172 3385 hune
1191 3341 1303 3401 spiritum
1323 3355 1353 3389 ex
1371 3356 1463 3405 rupere
1482 3345 1618 3409 saugulula

249 3425 295 3459 nec
315 3425 363 3457 nou
384 3424 413 3457 ex
432 3410 496 3456 aeris
515 3408 627 3471 inspirati
647 3409 757 3469 portione
778 3409 916 3469 purissima.
937 3422 982 3455 eeu
1001 3409 1105 3455 materia
1125 3424 1154 3456 ex
1168 3424 1225 3472 qua,
1246 3413 1344 3460 misceri
1370 3420 1396 3460 et
1416 3415 1529 3476 produci.
1570 3415 1617 3466 Sa-

249 3481 367 3530 cundario
387 3495 443 3527 vcro
463 3479 558 3527 ceniert
577 3485 620 3526 aer
639 3479 670 3526 ud
684 3480 831 3540 ejectionem
851 3487 1072 3532 recrementemmu
1093 3487 1118 3525 et
1137 3481 1238 3528 tandem
1257 3497 1300 3544 per
1319 3482 1437 3531 accidens
1456 3484 1491 3535 ad
1511 3485 1617 3551 refrigu.

249 3554 371 3601 rationem
391 3551 478 3600 cerdis.
518 3550 621 3605 Scribis,
649 3551 774 3597 cerintus
793 3551 914 3597 munitum
934 3558 1022 3596 centra
1041 3550 1087 3596 rim
1106 3550 1237 3606 llammae;
1264 3552 1322 3601 mibi
1342 3553 1372 3602 de
1392 3555 1438 3603 tali
1457 3557 1620 3607 munimento

249 3624 283 3673 nil
303 3631 410 3672 constat.
448 3620 534 3670 Multis
554 3636 681 3683 corpemnr
705 3619 867 3668 humanorum
887 3620 1073 3667 dissertionibus
1092 3619 1237 3687 Tubiugae,
1262 3622 1376 3680 Patavii,
1396 3626 1520 3678 Barileaa
1539 3630 1618 3678 intet-

252 3696 299 3753 tui,
319 3695 398 3743 cerdis
418 3692 559 3740 substantia
578 3693 645 3740 intus
664 3701 689 3739 et
708 3700 778 3738 extra
796 3705 872 3752 saepe
892 3703 908 3737 a
926 3705 965 3737 rue
984 3691 1036 3737 risa
1054 3690 1101 3738 luit
1119 3699 1144 3739 et
1163 3693 1247 3757 digitis
1266 3695 1385 3758 palpata,
1413 3698 1459 3748 aad
1478 3698 1544 3748 nibil
1563 3714 1618 3751 rua·

251 3767 310 3813 mini
329 3779 345 3813 a
363 3779 402 3812 me
421 3756 592 3817 observatum:
610 3762 675 3825 quod
693 3763 715 3808 ri
735 3762 849 3809 dammae
868 3761 981 3809 resistere
1000 3762 1084 3823 pessit.

340 3835 438 3898 Ignium
457 3834 570 3896 proponis
589 3846 707 3897 magnum
725 3834 872 3880 varietatem
898 3837 923 3877 et
946 3831 1071 3879 flammam
1091 3847 1120 3880 ex
1139 3835 1194 3881 vine
1213 3834 1345 3885 sublimate
1365 3853 1415 3887 non
1434 3839 1511 3890 raldo
1531 3854 1620 3892 aaran

252 3919 322 3956 esse.
342 3906 405 3967 qued
426 3905 541 3952 concedo.
580 3902 645 3951 Num
665 3904 728 3967 ignis
742 3905 766 3950 in
786 3903 892 3950 materia
911 3901 989 3950 densa
1008 3911 1034 3949 et
1053 3916 1138 3951 crassa
1156 3904 1230 3969 leuge
1243 3909 1340 3956 saevior
1358 3917 1397 3964 est
1415 3924 1492 3973 quana
1512 3911 1540 3962 iu
1558 3925 1621 3962 rara

253 3984 279 4026 et
297 3976 381 4029 tenui.
401 3976 479 4038 qualis
499 3981 537 4023 est
555 3976 652 4035 spiritus
672 3975 729 4022 sini.
767 3973 824 4022 Jam
843 3987 899 4021 rere
918 3985 993 4034 saper
1011 3976 1139 4036 sanguinis
1158 3977 1235 4024 multe
1255 3980 1361 4026 crassior
1380 3988 1433 4036 ost.
1462 3995 1544 4046 quara
1562 3986 1621 4046 eju

253 4048 332 4112 iguis,
352 4048 444 4110 siquis
464 4053 542 4103 esset,
568 4044 734 4092 vehementior
753 4053 820 4091 esset
841 4059 914 4105 quam
938 4044 977 4106 qui
997 4057 1013 4092 a
1030 4045 1086 4092 vine
1104 4045 1244 4096 sublimate.
1281 4051 1316 4096 At
1335 4051 1388 4112 quis
1408 4055 1509 4117 estqui
1528 4067 1619 4120 perp..

253 4127 295 4168 tue
313 4118 386 4179 hujus
405 4125 516 4170 aestum.
535 4130 567 4163 ue
587 4116 667 4162 dicam
688 4116 749 4161 illius
768 4115 906 4162 sustineat?

342 4189 395 4237 lsta
413 4201 479 4236 nune
498 4186 636 4238 sufficiant:
666 4184 858 4248 suppeditabunt
877 4185 946 4231 nobis
966 4185 1140 4233 Commentarii
1167 4188 1197 4236 de
1221 4198 1289 4237 metu
1308 4189 1398 4239 Martis
1416 4206 1510 4244 ueram
1531 4195 1618 4248 ceula·

253 4260 321 4310 „mg
341 4260 615 4380 ῗέἓῖῗᾚῶαἳὶὸἔ
634 4257 750 4304 nundinis
770 4255 1014 4303 francofurtensium
1031 4258 1083 4316 jam
1104 4258 1254 4307 instantibus
1272 4260 1333 4309 mibi
1352 4261 1436 4312 afferri
1457 4265 1562 4316 curabo.

342 4419 545 4495 Keplerus:
570 4415 640 4475 Jarn
665 4433 780 4475 rursum
804 4413 969 4472 extinctam
989 4414 1071 4491 cupis
1090 4417 1240 4478 flammam
1265 4420 1293 4479 in
1318 4421 1419 4483 corde.
1458 4424 1623 4490 Flammae

253 4517 471 4570 recrementum
495 4506 540 4564 ais
565 4513 677 4575 atrurn,
710 4502 808 4562 cordis
833 4501 996 4577 limpidum.
1044 4501 1239 4580 Respondeo,
1272 4525 1331 4567 non
1357 4510 1460 4572 emnia
1484 4531 1567 4593 quae
1591 4515 1622 4578 iu

255 4596 344 4657 cerda
376 4594 515 4654 animalis¹
545 4593 643 4652 enecti
673 4600 846 4661 cernuntur,
886 4607 939 4665 pre
969 4605 1153 4650 recremento
1177 4594 1316 4655 llarnmae
1346 4597 1451 4660 haberi
1476 4613 1622 4682 possunt.

256 4685 370 4745 Verum
394 4684 532 4742 flammae
567 4689 781 4741 recrementum
807 4678 836 4737 in
871 4676 960 4736 corde
985 4676 1103 4739 ridetur
1133 4680 1215 4740 caler
1239 4684 1429 4748 arteriarum.
1478 4691 1548 4754 Nec
1573 4703 1625 4756 est

257 4791 382 4832 necesse
407 4789 493 4831 omne
518 4771 657 4829 llanunae
691 4774 906 4825 recrementum
931 4783 998 4824 esse
1023 4765 1233 4844 iuliginesum;
1267 4772 1329 4835 riui
1358 4775 1463 4839 adusti
1496 4779 1627 4844 flamma

258 4860 370 4920 nullam
395 4858 507 4918 eremit
530 4855 695 4934 fuliginem.
742 4853 814 4919 Ais,
846 4852 1000 4929 sariguiuis
1023 4853 1147 4916 halitum
1172 4875 1353 4936 saporosum
1376 4883 1461 4940 esse,
1488 4868 1625 4933 alimen.

260 4954 323 5006 rum
344 4947 480 5007 flammae
505 4945 624 5024 pingue.
674 4939 836 5012 Conclude,
862 4948 895 4998 ut
919 4940 1017 5014 lubet,
1043 4960 1201 5020 raperem,
1225 4948 1274 5026 qui
1294 4949 1435 5016 halatex
1458 4959 1626 5038 sagnuine,
