3692 5842
239 447 304 514 610
671 446 771 497 Literae
789 445 892 512 Kepleri
910 447 942 498 de
958 445 1031 498 Motu
1048 446 1155 500 Veneto
1169 425 1176 434 ⁵

238 628 286 688 fici
316 626 400 688 cadit
434 626 462 686 in
497 623 679 704 ipsissimum
711 624 807 685 locum
836 624 978 685 Mercurii
1000 631 1033 685 et
1064 626 1242 704 quadratum
1267 625 1395 697 Martis,
1418 623 1514 706 potior
1539 633 1574 685 est

241 715 431 795 significatio,
457 715 538 793 quod
561 734 609 775 res
634 713 766 792 gerenda
789 714 829 772 sit
852 713 988 774 consiliis
1010 721 1044 774 ot
1065 714 1243 775 calliditate.

331 802 450 864 Octavo
474 804 574 863 Lucas
599 800 748 861 Gauricus
776 802 926 879 praedixit
951 793 1090 864 Venetiis
1119 804 1274 882 imperium
1302 802 1459 882 usquead
1487 820 1578 861 annun

243 890 339 956 1880.
387 890 501 952 Contra
526 911 563 950 ex
587 910 621 949 ee
647 891 780 950 themate
810 891 950 964 coelesti,
980 892 1057 969 quod
1086 891 1191 952 tribuit
1213 890 1429 952 restaurationi
1453 891 1580 950 ecclesiae

240 982 273 1044 S.
292 980 373 1042 Petri
390 980 502 1040 aJulio
517 980 557 1038 Il.
582 978 725 1038 I'ontilice
743 978 957 1056 augustissimo
973 979 1128 1040 institutae
1148 1000 1225 1040 anuo
1245 975 1339 1042 1506.
1356 980 1386 1040 d.
1407 977 1456 1042 ¹8.
1470 979 1582 1057 Aprilis,

240 1070 327 1150 ponit
343 1066 492 1130 Gauricus
516 1068 591 1128 haec
606 1067 716 1126 uerba:
743 1067 871 1139 „stellae
896 1066 1064 1128 insalubres
1088 1088 1154 1128 cum
1180 1069 1256 1128 nodo
1279 1068 1417 1130 austrino
1440 1067 1584 1145 dispendia

242 1156 446 1220 intolerabilia
470 1154 692 1216 denunciabant
711 1162 742 1215 ct
761 1154 892 1216 inferent
914 1155 953 1216 ad
974 1156 1087 1216 calcern
1111 1176 1203 1235 usque
1228 1156 1355 1237 virginei
1378 1165 1487 1235 partus
1504 1153 1586 1228 1571,

240 1247 289 1310 vel
309 1247 375 1326 jam
399 1245 522 1305 tandem
546 1244 584 1304 ad
613 1237 726 1304 1608.“

329 1334 417 1396 Nono
441 1351 501 1394 non
524 1340 573 1394 est
596 1330 858 1405 contemnendum,
891 1331 970 1410 quod
994 1332 1134 1393 Venetiir
1165 1331 1278 1394 nullum
1301 1351 1390 1394 omen
1423 1332 1591 1412 praecessit,

242 1423 322 1485 sicut
344 1440 421 1483 anno
449 1419 549 1495 1571,
579 1420 697 1500 quaudo
730 1418 861 1479 instabat
894 1419 1015 1479 amissio
1049 1418 1155 1500 Cypri,
1190 1422 1363 1482 arseualum
1393 1419 1592 1498 conflagravit.

243 1514 289 1576 At
310 1512 427 1572 Romae
451 1528 511 1570 non
535 1509 578 1569 ita
610 1508 740 1587 pridem,
772 1506 856 1567 initio
891 1508 959 1567 anui
989 1503 1082 1570 1606.
1111 1508 1157 1568 vel
1186 1509 1243 1568 fine
1272 1509 1342 1569 anni
1372 1505 1469 1572 1605.
1497 1527 1595 1584 magua

244 1600 374 1678 contigit
397 1598 563 1659 inundatio.
603 1597 722 1655 Ventus
746 1614 817 1655 vero
843 1594 901 1668 ille,
928 1595 976 1673 qui
1002 1596 1059 1655 fuit
1082 1596 1162 1656 cirea
1181 1596 1302 1656 Pascha
1320 1593 1416 1658 1606.
1442 1597 1595 1657 communis

244 1688 301 1749 fuit
324 1686 380 1747 toti
403 1686 554 1763 Europae,
580 1685 696 1763 signum
720 1682 832 1743 humidi
857 1683 927 1743 anni
950 1682 1093 1743 secuturi.

332 1772 458 1835 Decimo
486 1774 511 1833 si
541 1774 606 1852 quis
639 1772 712 1831 uelit
744 1771 865 1845 ludere,
898 1780 1001 1849 potest
1032 1771 1061 1830 id
1090 1791 1143 1850 per
1173 1771 1299 1849 eclipsin
1322 1770 1407 1832 Solis
1439 1772 1597 1851 proximam

246 1882 324 1927 auno
352 1858 447 1924 1605.
495 1860 550 1923 Sol
584 1859 735 1938 significat
758 1857 926 1919 Romanurn
950 1860 1141 1933 Pontificem,
1171 1860 1259 1920 Luna
1282 1860 1442 1931 Venetos,
1467 1861 1536 1939 quia
1557 1873 1596 1918 est

246 1952 370 2015 domina
392 1948 494 2024 maris,
520 1958 551 2010 et
566 1950 690 2019 Turcas,
709 1946 894 2008 Venetorum
918 1957 1075 2026 patronos,
1099 1947 1206 2027 quibus
1225 1958 1273 2009 est
1288 1948 1377 2008 Luna
1400 1949 1482 2025 apud
1505 1963 1595 2008 astro-

245 2044 334 2120 logos
358 2038 550 2118 praeposita,
585 2046 616 2097 et
639 2036 810 2096 dominatur
834 2036 861 2096 in
887 2035 1022 2106 Cancro,
1051 2038 1137 2114 signo
1162 2037 1359 2097 Venetorum.
1408 2037 1498 2098 Luna
1520 2037 1599 2114 igitur

246 2128 421 2193 obscurarit
444 2125 548 2188 Solem
570 2126 648 2204 apud
673 2124 783 2184 nodum
813 2124 1040 2192 ascendentem,
1066 2126 1132 2204 ipsa
1155 2125 1292 2186 nimirum
1321 2125 1518 2186 exaltabatur
1539 2143 1597 2185 curu

246 2217 301 2281 Sol
324 2217 456 2278 caderet.

335 2303 499 2367 Undecimo
525 2301 649 2363 directio
669 2298 750 2361 Solis
774 2300 804 2361 iu
828 2300 961 2360 themate
976 2300 1131 2361 Pontificis
1155 2309 1204 2362 est
1222 2302 1262 2362 ad
1277 2299 1404 2362 Saturni
1428 2301 1598 2382 quadratum

245 2396 301 2457 hoc
325 2393 392 2472 ipso
416 2400 563 2470 ternpore,
587 2390 613 2449 si
638 2388 751 2467 dirigas
774 2408 829 2469 per
852 2388 962 2449 itinera
985 2388 1091 2449 diurna
1111 2387 1204 2462 Solis,
1229 2399 1263 2451 ut
1282 2409 1338 2469 ego
1363 2409 1486 2469 semper
1507 2390 1599 2460 soleo;

246 2483 326 2562 quod
350 2479 479 2541 habetur
502 2499 555 2557 pro
580 2478 668 2537 malo.

334 2570 421 2629 Hanc
436 2569 527 2647 igitur
543 2586 597 2644 ego
618 2574 690 2645 puto
706 2564 924 2639 astrologorum
941 2565 1121 2625 sententiam
1138 2566 1280 2638 futuram,
1307 2565 1356 2644 qui
1373 2565 1599 2626 dominationem

246 2659 436 2741 planetarum
468 2657 641 2717 defendunt.
689 2653 734 2712 De
768 2652 948 2712 certitudine
982 2661 1107 2713 eventus
1142 2653 1197 2732 ipsi
1228 2654 1369 2715 uiderint.
1421 2654 1499 2714 hlilri
1531 2653 1600 2732 quod

247 2756 314 2810 erat
343 2745 556 2807 demandatum
585 2741 795 2821 negligendum
825 2760 882 2800 non
912 2741 978 2801 luit.
1025 2742 1108 2802 Deus
1138 2753 1260 2803 tueatur
1289 2761 1414 2802 causam
1439 2743 1553 2820 justam
1575 2755 1601 2800 et

249 2836 335 2898 uniat
348 2837 428 2896 vires
443 2832 681 2895 Christianorum
697 2839 803 2890 contra
822 2848 1006 2890 communem
1022 2831 1140 2891 hostem
1165 2841 1343 2908 avertatque
1368 2831 1601 2910 conspirationes

252 2944 317 2987 cum
340 2925 429 2985 hoste
453 2921 621 2994 ulteriores,
647 2918 753 2999 quibus
778 2918 843 2996 ipsa
864 2927 955 2994 porta
978 2919 1112 2997 aperitur
1135 2919 1174 2978 ad
1199 2918 1301 2978 orbem
1327 2919 1546 2981 Christianum.

764 3004 820 3067 Sao
852 3004 910 3067 Cae
942 3007 995 3066 Mti
1028 3007 1090 3067 Vae

1058 3093 1301 3173 subjectissimus
1325 3095 1564 3156 Mathematicus

1125 3183 1268 3245 Joarrreee
1294 3183 1467 3265 Keplcrara.

337 3293 382 3340 His
401 3289 531 3347 addimus,
561 3302 645 3336 rocem
673 3293 782 3344 „motum
806 3287 947 3336 Venetam*
968 3289 1108 3353 significare
1134 3290 1300 3338 dissemiones
1328 3290 1384 3338 illas
1414 3291 1524 3340 celebres
1549 3301 1603 3337 niter

250 3382 301 3414 rern
321 3364 445 3426 publicam
466 3361 630 3408 t'enetiarnrn
650 3367 675 3406 et
688 3358 832 3408 Pontificem
852 3358 956 3406 Paulum
970 3360 1000 3406 l'.
1021 3373 1086 3407 auno
1108 3357 1184 3408 1605.
1206 3371 1282 3416 ortas,
1303 3375 1373 3424 quas,
1396 3362 1552 3410 celeberrima·
1569 3361 1603 3406 rllr

248 3435 362 3498 theologo
382 3432 460 3481 Paulo
481 3431 552 3493 Sarpi
572 3430 723 3477 Venetorum
743 3445 780 3476 res
800 3441 913 3493 gerente,
934 3446 983 3478 non
1003 3431 1135 3479 adrerum
1155 3431 1281 3480 Pontificis
1307 3433 1410 3480 maximi
1430 3435 1536 3482 cessisse
1553 3447 1602 3481 cru-

248 3515 308 3560 stat,
329 3520 401 3567 quem
421 3508 535 3550 arentum
554 3501 676 3562 Keplerus
696 3500 762 3547 haud
781 3502 883 3548 obscure
902 3503 1059 3549 vaticinatur.

337 3576 422 3622 Verba
435 3573 536 3633 Kepleri
550 3573 647 3633 saepius
661 3572 783 3632 repetita:
805 3573 879 3634 ,quia
895 3572 1008 3631 jubeor“,
1029 3583 1070 3620 et:
1092 3573 1193 3626 ,dicent
1206 3574 1351 3637 astrologi“,
1374 3589 1421 3630 „ex
1436 3576 1603 3639 astrologorum

251 3647 393 3696 sententia·
409 3643 464 3697 dc..
486 3657 525 3699 ea,
540 3657 604 3704 quae
617 3644 686 3688 initio
700 3642 860 3702 praelationis
874 3653 899 3688 et
912 3643 975 3690 alias
988 3645 1087 3704 saepius
1105 3644 1217 3694 diximus.
1239 3659 1296 3693 vera
1310 3659 1366 3693 esse
1378 3648 1470 3694 iterum
1484 3657 1604 3694 testantur.

251 3719 386 3780 lieplerum
407 3714 579 3775 astrologiam,
606 3712 702 3775 qualem
722 3711 858 3774 imperator
878 3712 1022 3775 liudolphus
1042 3724 1067 3761 et
1086 3715 1194 3776 plerique
1220 3730 1304 3763 eornm
1324 3732 1380 3764 cum
1399 3719 1489 3778 quibus
1508 3717 1604 3778 lie-plera

253 3795 366 3837 reserat
395 3785 524 3839 colebant,
554 3784 646 3830 minimi
674 3782 796 3830 hahuisse.
835 3783 881 3832 Hic
909 3799 1004 3846 quoque
1028 3785 1188 3845 repetendum
1218 3798 1272 3840 est,
1302 3799 1330 3832 ut
1349 3789 1374 3834 in
1395 3787 1451 3834 aliis
1471 3791 1507 3836 sic
1526 3790 1549 3834 in
1566 3786 1604 3832 lic

253 3860 382 3908 doctrinae
402 3869 493 3919 genere
512 3856 585 3916 longe
604 3855 713 3915 superius
732 3853 806 3900 luisse
820 3853 920 3916 Kopleri
940 3856 1065 3917 ingenium
1085 3857 1226 3917 aequalium
1245 3860 1355 3915 somniis,
1376 3861 1441 3905 etsi
1461 3859 1519 3922 quid
1538 3871 1604 3904 aser.»

250 3930 337 3992 logicis
359 3928 480 3978 tribuerit,
500 3927 524 3972 id
543 3932 640 3971 tantum
660 3926 684 3971 in
705 3937 782 3971 causa
800 3925 883 3976 iuuisse.
903 3926 966 3987 quod
985 3940 1024 3972 res
1043 3930 1096 3987 eius
1115 3929 1226 3987 privatae
1240 3939 1265 3976 et
1280 3930 1343 3976 ratio
1363 3933 1475 3977 muneris
1489 3932 1520 3978 ab
1537 3928 1604 3990 lupe·

253 4009 337 4048 ratore
365 4000 409 4060 ipsi
430 3996 543 4044 mandati
566 3997 602 4042 ita
622 3995 805 4055 postulaverint.
841 3995 914 4043 llanc
933 4003 1042 4044 nostram
1065 4000 1217 4046 senteutiam
1240 4003 1383 4048 necessarie
1409 4003 1516 4062 probant
1535 4003 1606 4046 rerba.

250 4085 316 4134 quae
336 4071 361 4116 in
381 4068 547 4127 manuscripto
566 4065 637 4125 hujus
659 4067 773 4126 „judieii”
795 4065 1005 4129 deprehendimus.
1032 4070 1185 4132 Argumenta
1205 4073 1293 4133 quippe
1307 4071 1405 4119 decimo
1424 4073 1605 4134 primumdum

252 4151 348 4197 fecorat
366 4148 497 4210 Replerus.
517 4145 628 4193 addens:
653 4138 756 4200 „llaec
781 4157 836 4215 ego
861 4138 899 4196 ad
924 4139 1097 4198 ruaudatrnn
1122 4140 1165 4199 sie
1185 4160 1222 4200 ex
1247 4143 1415 4220 astrologis
1439 4141 1604 4221 conscripsi.

250 4249 343 4307 quae
375 4225 572 4304 potissima
596 4244 636 4283 ex
665 4237 774 4303 parte
809 4224 914 4284 nihili
946 4225 1055 4303 plane
1087 4228 1193 4288 facio.
1242 4231 1477 4312 Deus-tueatur
1500 4245 1605 4311 partem

246 4317 361 4393 justam
387 4323 418 4372 et
444 4314 530 4385 laxit,
557 4333 592 4371 ne
617 4314 730 4373 Turcae
756 4314 877 4373 ueniant
902 4314 931 4372 in
956 4314 1155 4388 Adriaticum,
1181 4331 1233 4376 aut
1259 4317 1352 4379 Carni
1379 4320 1551 4380 desciscant
1573 4321 1604 4377 ad

254 4405 398 4472 l'enetos,
423 4402 476 4459 sed
498 4402 607 4478 jungat
631 4402 710 4461 vires
736 4401 974 4461 Christianorum
1000 4415 1104 4463 contra
1128 4424 1315 4465 communem
1341 4408 1496 4468 hoste-nn*¹

339 4489 431 4536 l‘ostea
450 4496 546 4535 mutato
565 4489 665 4537 consilio
684 4489 747 4537 haec
761 4489 835 4537 rerba
854 4490 992 4537 obliteravit
1012 4491 1154 4555 addiditque
1168 4507 1208 4542 ea.
1228 4510 1292 4557 quae
1310 4507 1395 4544 textus
1409 4497 1518 4550 exhibet,
1532 4497 1604 4543 mea

339 4559 397 4606 Jam
416 4569 579 4619 proponentes
598 4559 698 4616 librum,
725 4560 754 4606 dc
773 4575 819 4621 qun
839 4560 981 4623 huc'usque
1004 4564 1113 4624 egimus.
1141 4566 1275 4625 repetimus
1295 4581 1360 4629 quae
1380 4569 1406 4616 iu
1426 4569 1525 4616 exordio
1543 4583 1603 4630 prae·

251 4630 350 4677 lationis
379 4639 478 4675 uestrae
507 4631 628 4682 diximus.
649 4629 848 4692 llisputatiouem
869 4632 915 4680 „de
944 4645 1009 4678 anuo
1029 4633 1118 4680 Christi
1147 4636 1288 4692 natalitio“,
1309 4652 1385 4699 quarn
1414 4641 1540 4702 inscriptio
1561 4638 1605 4684 lrbn

252 4714 356 4780 sequens
385 4701 458 4746 refert
487 4701 556 4761 quasi
577 4699 632 4748 huie
651 4701 695 4761 ipsi
715 4701 774 4749 libro
802 4703 935 4752 innexam.
961 4703 1059 4766 reliquia
1079 4704 1180 4767 liepleri
1211 4709 1324 4769 operibus
1353 4709 1534 4775 chronologicus
1556 4709 1603 4756 sul·-

249 4781 361 4829 Junctam
380 4783 442 4817 esse.
