3692 5842
673 467 807 536 284
1666 474 2014 524 Asu-onomiae
2051 472 2176 524 Para
2210 470 2410 537 Optica.

759 648 868 714 rig.
909 644 992 696 91.
1157 649 1465 728 proportio
1514 650 1580 710 fit
1627 650 1819 728 major
1864 649 2058 726 partis
2108 648 2342 710 lucidae
2389 650 2466 710 ad
2515 649 2920 711 tenebrosaru.
2997 647 3098 711 Sit
3141 648 3407 710 circulus

1153 738 1363 799 Lunae
1413 738 1710 799 maximus
1757 736 2019 811 FAGE,
2078 738 2335 799 circulus
2393 737 2850 799 illuminationis
2894 735 3011 799 FG
3065 736 3243 816 eique
3292 737 3406 799 ΑΕ

1153 827 1231 888 ad
1278 836 1479 888 rectos
1527 846 1635 905 per
1681 835 1988 900 centrum,
2061 835 2128 888 ut
2173 827 2254 886 sit
2301 827 2612 905 proportio
2671 826 3050 888 latitudinum
3106 826 3408 887 obscurae

683 926 712 962 Δ
1153 923 1216 975 et
1266 916 1495 976 lucidae
1544 916 1766 993 partis,
1829 934 1981 995 quae
2028 913 2143 976 AC
2193 916 2273 975 ad
2322 913 2451 978 OE.
2545 914 2647 977 Sit
2697 915 2828 994 jam
2871 914 3079 976 BIDH
3141 913 3409 977 circulus

1148 1004 1406 1066 visionis
1453 1005 1644 1066 minor
1690 1024 1765 1063 ex
1820 1004 2030 1065 eodem
2088 1012 2331 1076 centro,
2391 1010 2462 1065 ut
2504 1022 2649 1082 pars
2705 1021 3004 1082 apparens
3062 1003 3269 1065 lucida
3324 1004 3409 1065 sit

870 1123 905 1161 a
1152 1091 1389 1165 ICHD,
1461 1093 1716 1153 obscura
1781 1091 2002 1154 ICHB.
2095 1090 2248 1155 Cum
2316 1110 2459 1170 ergo
2525 1093 2598 1153 de
2663 1093 3045 1171 proportione
3094 1090 3245 1166 AC,
3296 1090 3408 1154 GE

1162 1182 1439 1259 aequalia
1485 1181 1619 1254 AB,
1666 1181 1780 1241 DE
1826 1182 1952 1243 sint
1997 1182 2222 1255 ablata,
2273 1182 2642 1244 residuorum
2691 1182 2876 1261 igitur
2912 1180 3041 1253 BC,
3093 1179 3207 1243 CD
3257 1199 3406 1258 pro-

670 1267 867 1345 portio
918 1269 1113 1346 major
1161 1270 1297 1329 erit.

847 1357 1015 1418 Haec
1079 1358 1313 1437 quidem
1370 1358 1445 1418 ad
1513 1359 1774 1435 speciem
1842 1366 2055 1419 contra
2119 1357 2509 1419 bisectionem
2566 1358 2684 1419 dici
2747 1366 3022 1437 possunt.
3119 1359 3211 1419 At
3267 1377 3407 1419 cum

670 1443 927 1505 latitudo
977 1447 1089 1507 AB
1137 1457 1414 1526 respectu
1462 1444 1569 1507 BC
1620 1447 1795 1523 plane
1853 1446 1937 1508 sit
1998 1446 2399 1513 insensibilis,
2467 1454 2533 1507 ut
2589 1466 2775 1525 supra
2834 1446 3100 1508 dictum:
3169 1447 3298 1508 erit
3341 1456 3410 1507 et

667 1534 978 1612 proportio
1027 1535 1457 1597 insensibiliter
1503 1535 1646 1596 alia.
1725 1534 1847 1596 Sed
1899 1553 2007 1596 nec
2055 1536 2361 1615 proportio
2400 1530 2530 1598 239
2579 1536 2657 1596 ad
2697 1531 2818 1597 241
2874 1554 3055 1595 sensu
3105 1535 3406 1614 distingui

668 1629 874 1700 potest
921 1643 959 1683 a
1003 1626 1387 1703 proportione
1451 1624 1861 1702 aequalitatis.
1953 1625 2174 1686 Altera
2220 1625 2378 1685 enim
2433 1625 2691 1686 alteram
2746 1622 2869 1687 15¹‘
2917 1624 3160 1687 circiter
3206 1643 3401 1685 exce-

669 1710 861 1772 deret.
956 1710 1159 1782 Quare
1225 1722 1357 1773 tuto
1424 1713 1725 1774 contemni
1789 1720 2012 1792 potest.
2120 1716 2324 1793 Atque
2386 1714 2499 1774 hoc
2563 1732 2797 1794 quoque
2863 1713 3024 1774 iufra
3089 1715 3402 1793 expediet,

668 1798 782 1860 hac
828 1819 937 1860 nos
984 1802 1324 1880 suspicione
1372 1802 1666 1862 liberatos
1714 1822 1870 1863 esse.

847 1887 1373 1967 Supervacaneum
1422 1898 1519 1951 est
1565 1890 1660 1951 hic
1709 1890 2106 1970 agricolarum
2154 1890 2399 1969 regulas
2446 1897 2736 1970 repetere,
2789 1891 3085 1969 quomodo
3134 1909 3210 1951 ex
3259 1910 3400 1951 cor-

668 1995 847 2038 nuum
895 1977 1272 2052 habitudine,
1332 1998 1485 2059 quae
1533 1998 1770 2060 semper
1816 2001 1855 2040 a
1902 1977 2045 2040 Sole
2094 1988 2235 2039 sunt
2281 1977 2497 2040 a'versa
2543 1998 2618 2039 ex
2687 1979 3149 2050 demonstratis,
3222 1980 3403 2041 Luna

669 2083 992 2128 senescens
1041 2088 1080 2128 a
1125 2077 1415 2130 nascente
1463 2068 1910 2147 distinguatur:
1961 2086 2080 2146 qua
2106 2068 2180 2128 de
2221 2087 2283 2128 re
2316 2068 2493 2128 Plinii
2534 2069 2697 2129 locus
2727 2086 2804 2128 ex
2843 2067 2944 2128 lib.
2980 2063 3080 2129 18.
3120 2087 3259 2147 cap.
3291 2065 3398 2131 32.

667 2153 829 2217 solet
874 2157 1150 2235 allegari.

843 2245 973 2306 Nec
1023 2246 1169 2307 illud
1218 2253 1600 2307 astronomos
1651 2245 1875 2306 moneri
1934 2244 2186 2305 multum
2241 2245 2458 2318 refert,
2526 2243 2822 2323 quomodo
2870 2261 2949 2303 ex
3004 2241 3401 2305 inclinatione

668 2349 952 2396 cornuum
1006 2334 1319 2396 zodiacum
1379 2334 1494 2395 sibi
1549 2334 1866 2413 imaginari
1931 2332 2216 2395 crassiori
2263 2334 2539 2394 Minerva
2602 2331 2882 2411 possint:
2952 2339 3017 2393 et
3080 2334 3399 2411 quomodo,

671 2422 949 2484 cornibus
998 2423 1055 2483 iu
1104 2423 1528 2503 perpendiculo
1577 2422 1899 2494 stantibuS,
1951 2421 2025 2481 de
2061 2422 2450 2498 nonagesimo
2499 2421 2692 2499 gradu
2741 2418 3060 2498 eclipticae
3108 2422 3402 2482 certiores

664 2510 1010 2574 reddantur.
1091 2513 1364 2591 Denique
1413 2511 1498 2571 uti
1547 2511 1707 2572 linea
1734 2529 1841 2589 per
1888 2530 2111 2571 cornua
2155 2512 2451 2589 producta
2498 2510 2690 2572 visum
2734 2509 2792 2571 in
2832 2508 3037 2588 polum
3082 2509 3398 2588 eclipticas

664 2597 930 2661 inducat.
1027 2601 1196 2662 llaec
1246 2601 1403 2661 enim
1452 2600 1681 2680 passim
1728 2609 1871 2660 sunt
1915 2598 2114 2660 obvia.

1565 2737 1627 2803 9.
1720 2739 1826 2800 De
1877 2741 2125 2801 Lunae
2174 2738 2503 2801 maculis.

837 2865 977 2927 Etsi
1025 2865 1288 2947 physicis
1336 2866 1448 2925 hoc
1498 2865 1924 2944 disputandum
1971 2864 2340 2944 relinquitur,
2392 2864 2534 2944 quid
2586 2864 2711 2925 sint
2757 2864 2816 2924 in
2865 2864 3044 2925 Luna
3090 2864 3396 2925 maculae:

662 2972 795 3015 cum
826 2963 1025 3014 tamen
1071 2954 1225 3015 istae
1274 2954 1598 3032 plenilunio
1644 2954 2024 3032 potissimum
2063 2954 2339 3024 emicent,
2392 2954 2646 3014 accedat
2678 2961 2744 3013 et
2777 2954 2927 3014 haec
2976 2952 3391 3016 consideratio

664 3043 743 3103 ad
790 3061 1113 3105 numerum.
1190 3043 1274 3103 Et
1320 3043 1604 3124 physicus
1645 3042 1883 3122 quidem
1922 3043 2037 3103 etsi
2088 3042 2500 3121 quaestionem
2539 3043 2718 3120 plane
2768 3041 3130 3120 expedierit,
3186 3061 3394 3120 parum

663 3148 739 3192 ea
783 3133 1074 3210 profuerit
1133 3140 1477 3193 astronomo
1546 3135 1645 3203 (ut
1706 3132 1860 3192 forte
1929 3151 2005 3192 ex
2066 3130 2182 3192 situ
2252 3131 2618 3191 macularum
2687 3131 2900 3192 eadem
2969 3130 3177 3191 discat
3224 3131 3394 3192 Luna

664 3220 863 3299 plena,
913 3240 1064 3298 quae
1113 3240 1189 3281 ex
1237 3220 1620 3282 inclinatione
1679 3239 1964 3282 cornuum
2013 3222 2187 3281 Luna
2248 3220 2512 3280 falcata:
2571 3238 2704 3280 cum
2763 3219 3019 3280 circulus
3084 3220 3394 3280 illumina-

615 3334 620 3340 ·
666 3308 847 3370 tionis
894 3310 1264 3388 superficiem
1315 3309 1617 3370 transiens
1648 3310 1878 3383 Lunae,
1930 3329 2044 3370 non
2086 3316 2314 3370 rectam
2352 3316 2518 3369 secet
2547 3306 2603 3369 in
2645 3308 2922 3369 dextram
2961 3316 3026 3367 et
3066 3307 3396 3379 sinistram,

662 3415 773 3459 nec
818 3398 877 3458 iu
928 3398 1293 3476 superiorein
1342 3409 1406 3458 et
1452 3398 1790 3460 inferiorem
1836 3407 2093 3478 partem,
2142 3397 2250 3457 sed
2299 3397 2690 3458 transversim
2737 3418 2776 3457 a
2822 3397 3037 3457 dextro
3087 3397 3268 3458 oculo
3319 3397 3392 3457 ad

661 3486 970 3548 sinistrum
1000 3488 1121 3549 oris
1160 3488 1496 3565 angulum),
1529 3496 1906 3548 astronomus
1946 3506 2089 3547 vero
2129 3486 2377 3567 physico
2408 3486 2600 3547 multa
2636 3485 2992 3566 suppeditat
3031 3484 3390 3545 enodandae

663 3575 1032 3654 quaestionis
1096 3588 1469 3654 argumenta.
1572 3576 1866 3645 Quamvis
1931 3577 2041 3637 hoc
2109 3582 2524 3653 argumentum
2589 3574 2765 3653 pleno
2832 3573 2984 3635 libro
3051 3573 3395 3652 disputavit

661 3664 1055 3738 PlutarchuS,
1127 3666 1201 3725 de
1266 3666 1418 3726 facie
1468 3665 1676 3725 Lunae
1726 3665 1902 3726 titulo
1953 3666 2134 3725 facto,
2230 3664 2297 3724 In
2346 3681 2417 3723 eo
2485 3664 2679 3741 prima
2740 3662 2940 3742 opinio
3008 3680 3221 3723 eorum
3279 3672 3393 3733 est,

662 3753 763 3832 qui
829 3754 1045 3813 faciem
1111 3755 1320 3814 Lunae
1386 3761 1607 3832 putant
1670 3773 1805 3814 esse
1872 3754 2037 3814 visus
2103 3752 2502 3813 affectionem.
2606 3750 2818 3813 Multis
2886 3752 2997 3812 hoc
3055 3758 3121 3811 et
3190 3751 3396 3812 densis

665 3842 1035 3917 argumentis
1085 3843 1168 3903 ibi
1217 3845 1534 3903 refutatur.
1629 3842 1761 3920 Ego
1811 3843 2284 3921 experimentum
2333 3840 2575 3902 oculare
2622 3841 2800 3902 addo·

849 3930 1030 3989 Anno
1088 3925 1272 3992 1602.
1343 3927 1556 4009 21131.
1606 3930 1957 3992 Decembris
2004 3949 2179 3991 mane
2226 3930 2374 3990 bora
2420 3925 2480 3991 6.
2549 3948 2656 4008 per
2701 3928 3018 3990 artificium
3065 3928 3274 4007 capite
3326 3930 3399 3990 11.

663 4017 1033 4095 descriptum
1082 4030 1145 4079 et.
1192 4018 1649 4081 instrumentum
1698 4022 1773 4080 ad
1824 4021 1978 4080 hanc
2028 4038 2151 4080 rem
2198 4020 2559 4092 confectum,
2610 4018 2782 4095 cujus
2827 4017 2990 4078 infra
3045 4016 3404 4095 subjicietur

663 4106 1016 4186 descriptio,
1066 4108 1239 4167 Luna
1268 4109 1427 4169 clare
1460 4128 1526 4170 se
1566 4108 1758 4188 ipsam
1808 4109 2100 4189 pingebat
2139 4108 2195 4168 in
2244 4107 2522 4186 subjecta
2566 4124 2817 4188 papyro,
2865 4106 2986 4167 situ
3024 4124 3268 4179 everso,
3315 4105 3402 4167 sic

665 4203 731 4256 ut
778 4195 837 4256 in
888 4197 1057 4257 coelo
1108 4205 1244 4257 erat
1289 4197 1581 4275 gibbosa:
1632 4216 1838 4276 margo
1889 4197 2273 4259 circumcirca
2332 4195 2732 4257 lucidissimus
2779 4204 2844 4256 et
2889 4194 3221 4267 candidus,
3285 4195 3403 4257 nisi

891 4329 999 4392 rig.
1040 4325 1123 4376 92.
1367 4305 1405 4345 a
1467 4297 1640 4365 parte
1706 4287 1913 4364 gibbi:
1981 4304 2118 4347 nam
2169 4284 2249 4344 ibi
2317 4284 2562 4345 dilutior
2625 4284 3008 4345 cernebatur.
3131 4283 3402 4344 Medium

1016 4421 1116 4442 „a
1368 4392 1510 4435 vero
1558 4395 1675 4435 una
1723 4376 2007 4435 continua
2053 4373 2288 4434 macula
2334 4391 2441 4433 seu
2499 4372 2906 4433 tenebrositas
2954 4379 3120 4443 erat,
3177 4371 3402 4432 obscu-

1084 4445 1224 4537 ‘'X-
1371 4463 1488 4523 rior
1535 4463 1697 4534 alibi,
1750 4464 1891 4523 alibi
1941 4462 2177 4524 clarior.
2269 4461 2480 4540 Neque
2545 4469 2724 4540 putes
2773 4461 2830 4521 iu
2888 4477 3118 4540 papyro
3189 4460 3402 4529 fuisse,

1164 4541 1308 4726 stet
1370 4551 1526 4650 quod
1587 4552 1699 4611 sini
1760 4553 2043 4629 opinatus
2108 4551 2308 4611 inesse
2380 4550 2550 4610 radio
2597 4549 2850 4621 Lunae;
2918 4547 3405 4609 transferebatur

1108 4717 1111 4720 Ι
1219 4657 1224 4696 Ξ
1372 4639 1525 4701 enini
1574 4651 1638 4700 et.
1683 4639 1865 4715 gibba
1914 4638 2102 4700 facies
2150 4646 2217 4700 et
2263 4639 2498 4699 macula
2542 4637 2602 4699 in
2658 4638 2791 4716 ejus
2837 4636 3035 4698 medio
3083 4637 3144 4698 in
3194 4655 3403 4700 omnes

1209 4776 1212 4777 γ
1284 4729 1324 4881 y
1368 4729 1581 4808 papyri
1627 4734 1835 4804 partes
1885 4746 2270 4806 quascunque
2318 4727 2405 4788 illi
2464 4726 2862 4805 subjicerem.
2919 4724 3061 4805 quin
3111 4745 3190 4788 ex
3237 4737 3402 4788 motu

1367 4816 1576 4897 papyri
1647 4815 1901 4893 primum
1972 4817 2085 4878 fuit
2158 4815 2371 4893 agnita
2440 4815 2697 4876 macula.
2807 4814 3036 4893 kigura
3103 4816 3399 4885 maculae,

931 4930 934 4933 “
1370 4904 1565 4981 qualis
1632 4902 1871 4981 quidem
1940 4923 2046 4982 per
2112 4904 2379 4965 foramen
2445 4902 2602 4964 satis
2666 4904 2870 4966 laxum
2938 4903 3017 4963 ad
3086 4902 3401 4966 duodecim

835 5001 1180 5053 *auf-³*
1368 4992 1587 5070 pedum
1632 4989 1990 5054 distantiam
2026 4992 2270 5055 formari
2309 4991 2750 5056 confusiuscule
2774 4991 2997 5070 potuit,
3036 5010 3398 5073 repraesen-

1015 4609 1076 4684 ³:—
1092 4657 1128 4693 ’τ’
1165 4669 1187 4685 ’.
