<?xml version="1.0" encoding="UTF-8"?>
<!DOCTYPE html PUBLIC "-//W3C//DTD XHTML 1.0 Transitional//EN"
    "http://www.w3.org/TR/xhtml1/DTD/xhtml1-transitional.dtd">
<html xmlns="http://www.w3.org/1999/xhtml" xml:lang="en" lang="en">
 <head>
  <title>
</title>
<meta http-equiv="Content-Type" content="text/html;charset=utf-8" />
  <meta name='ocr-system' content='tesseract 3.04.00' />
  <meta name='ocr-capabilities' content='ocr_page ocr_carea ocr_par ocr_line ocrx_word'/>
</head>
<body>
  <div class='ocr_page' id='page_1' title='image "./joanniskepleria01frisgoog/joanniskepleria01frisgoog_0317.png"; bbox 0 0 3692 5842; ppageno 0'>
   <div class='ocr_carea' id='block_1_1' title="bbox 808 484 1591 557">
    <p class='ocr_par' dir='ltr' id='par_1_1' title="bbox 808 484 1591 557">
     <span class='ocr_line' id='line_1_1' title="bbox 808 484 1591 557; baseline -0.004 -19"><span class='ocrx_word' id='word_1_1' title='bbox 808 484 890 551; x_wconf 64' lang='lat' dir='ltr'><strong>om</strong></span> <span class='ocrx_word' id='word_1_2' title='bbox 907 486 967 540; x_wconf 81' lang='lat' dir='ltr'><strong>vra</strong></span> <span class='ocrx_word' id='word_1_3' title='bbox 986 485 1013 537; x_wconf 79' lang='lat' dir='ltr'><strong>s.</strong></span> <span class='ocrx_word' id='word_1_4' title='bbox 1525 485 1591 557; x_wconf 72' lang='lat'><strong>³0³</strong></span> 
     </span>
    </p>
   </div>
   <div class='ocr_carea' id='block_1_2' title="bbox 226 658 1592 2071">
    <p class='ocr_par' dir='ltr' id='par_1_2' title="bbox 226 658 1592 1715">
     <span class='ocr_line' id='line_1_2' title="bbox 230 658 1544 741; baseline 0.003 -22"><span class='ocrx_word' id='word_1_5' title='bbox 230 676 308 731; x_wconf 84' lang='lat' dir='ltr'><strong>aare,</strong></span> <span class='ocrx_word' id='word_1_6' title='bbox 330 658 465 721; x_wconf 84' lang='lat' dir='ltr'><strong>tenebris</strong></span> <span class='ocrx_word' id='word_1_7' title='bbox 488 660 670 735; x_wconf 84' lang='lat' dir='ltr'><strong>assimilari3</strong></span> <span class='ocrx_word' id='word_1_8' title='bbox 695 667 800 723; x_wconf 89' lang='lat' dir='ltr'><strong>tantus</strong></span> <span class='ocrx_word' id='word_1_9' title='bbox 823 669 891 724; x_wconf 87' lang='lat' dir='ltr'><strong>erat</strong></span> <span class='ocrx_word' id='word_1_10' title='bbox 914 662 1013 741; x_wconf 79' lang='lat' dir='ltr'>fulgor</span> <span class='ocrx_word' id='word_1_11' title='bbox 1036 663 1135 739; x_wconf 75' lang='lat' dir='ltr'><strong>exigui</strong></span> <span class='ocrx_word' id='word_1_12' title='bbox 1160 682 1251 724; x_wconf 91' lang='lat' dir='ltr'><strong>cornu</strong></span> <span class='ocrx_word' id='word_1_13' title='bbox 1268 684 1287 724; x_wconf 91' lang='lat' dir='ltr'><strong>a</strong></span> <span class='ocrx_word' id='word_1_14' title='bbox 1302 662 1373 725; x_wconf 88' lang='lat' dir='ltr'><strong>Sole</strong></span> <span class='ocrx_word' id='word_1_15' title='bbox 1424 665 1480 731; x_wconf 72' lang='lat' dir='ltr'><strong>rog.</strong></span> <span class='ocrx_word' id='word_1_16' title='bbox 1501 661 1544 715; x_wconf 68' lang='lat' dir='ltr'><strong>lb</strong></span> 
     </span>
     <span class='ocr_line' id='line_1_3' title="bbox 230 747 1562 831; baseline 0.005 -24"><span class='ocrx_word' id='word_1_17' title='bbox 230 747 409 809; x_wconf 83' lang='lat' dir='ltr'><strong>collustrati.</strong></span> <span class='ocrx_word' id='word_1_18' title='bbox 463 749 570 829; x_wconf 87' lang='lat' dir='ltr'><strong>Neque</strong></span> <span class='ocrx_word' id='word_1_19' title='bbox 603 750 837 811; x_wconf 90' lang='lat' dir='ltr'><strong>circumsidebat</strong></span> <span class='ocrx_word' id='word_1_20' title='bbox 867 751 957 812; x_wconf 92' lang='lat' dir='ltr'><strong>rubor</strong></span> <span class='ocrx_word' id='word_1_21' title='bbox 989 752 1158 831; x_wconf 86' lang='lat' dir='ltr'><strong>aequaliter</strong></span> <span class='ocrx_word' id='word_1_22' title='bbox 1189 753 1246 813; x_wconf 94' lang='lat' dir='ltr'><strong>hoc</strong></span> <span class='ocrx_word' id='word_1_23' title='bbox 1277 770 1378 825; x_wconf 92' lang='lat' dir='ltr'><strong>cornu,</strong></span> <span class='ocrx_word' id='word_1_24' title='bbox 1560 810 1562 814; x_wconf 86' lang='grc'><em>,</em></span> 
     </span>
     <span class='ocr_line' id='line_1_4' title="bbox 230 836 1578 918; baseline 0.002 -23"><span class='ocrx_word' id='word_1_25' title='bbox 230 853 321 915; x_wconf 86' lang='lat' dir='ltr'><strong>supra</strong></span> <span class='ocrx_word' id='word_1_26' title='bbox 344 836 424 899; x_wconf 90' lang='lat' dir='ltr'><strong>enim</strong></span> <span class='ocrx_word' id='word_1_27' title='bbox 446 836 485 898; x_wconf 90' lang='lat' dir='ltr'><strong>ad</strong></span> <span class='ocrx_word' id='word_1_28' title='bbox 509 836 664 899; x_wconf 71' lang='lat' dir='ltr'><strong>sinistram</strong></span> <span class='ocrx_word' id='word_1_29' title='bbox 692 839 841 900; x_wconf 89' lang='lat' dir='ltr'><strong>latissime</strong></span> <span class='ocrx_word' id='word_1_30' title='bbox 870 840 959 899; x_wconf 91' lang='lat' dir='ltr'><strong>rubor</strong></span> <span class='ocrx_word' id='word_1_31' title='bbox 983 840 1206 918; x_wconf 82' lang='lat' dir='ltr'>explicabatur,</span> <span class='ocrx_word' id='word_1_32' title='bbox 1238 840 1319 901; x_wconf 80' lang='lat' dir='ltr'><strong>iutra</strong></span> <span class='ocrx_word' id='word_1_33' title='bbox 1342 840 1381 900; x_wconf 93' lang='lat' dir='ltr'><strong>ad</strong></span> <span class='ocrx_word' id='word_1_34' title='bbox 1434 838 1536 916; x_wconf 55' lang='lat' dir='ltr'><strong>e,</strong></span> <span class='ocrx_word' id='word_1_35' title='bbox 1568 837 1578 913; x_wconf 47' lang='grc' dir='ltr'><strong>ζ,</strong></span> 
     </span>
     <span class='ocr_line' id='line_1_5' title="bbox 230 924 1489 1015; baseline 0.004 -30"><span class='ocrx_word' id='word_1_36' title='bbox 230 924 369 986; x_wconf 85' lang='lat' dir='ltr'><strong>dextram</strong></span> <span class='ocrx_word' id='word_1_37' title='bbox 397 934 547 1005; x_wconf 79' lang='lat' dir='ltr'><strong>angustus</strong></span> <span class='ocrx_word' id='word_1_38' title='bbox 577 936 662 1002; x_wconf 89' lang='lat' dir='ltr'><strong>erat,</strong></span> <span class='ocrx_word' id='word_1_39' title='bbox 696 928 775 989; x_wconf 90' lang='lat' dir='ltr'><strong>inter</strong></span> <span class='ocrx_word' id='word_1_40' title='bbox 798 946 889 989; x_wconf 91' lang='lat' dir='ltr'><strong>cornu</strong></span> <span class='ocrx_word' id='word_1_41' title='bbox 923 926 1052 989; x_wconf 89' lang='lat' dir='ltr'><strong>lucidum</strong></span> <span class='ocrx_word' id='word_1_42' title='bbox 1077 939 1108 989; x_wconf 88' lang='lat' dir='ltr'><strong>et</strong></span> <span class='ocrx_word' id='word_1_43' title='bbox 1140 936 1259 1009; x_wconf 88' lang='lat' dir='ltr'><strong>partem</strong></span> <span class='ocrx_word' id='word_1_44' title='bbox 1290 928 1381 1006; x_wconf 89' lang='lat' dir='ltr'><strong>plane</strong></span> <span class='ocrx_word' id='word_1_45' title='bbox 1448 934 1572 1015; x_wconf 97' lang='lat' dir='ltr'><em>Q</em></span> 
     </span>
     <span class='ocr_line' id='line_1_6' title="bbox 229 1002 1539 1096; baseline 0.003 -22"><span class='ocrx_word' id='word_1_46' title='bbox 229 1013 428 1076; x_wconf 74' lang='lat' dir='ltr'><strong>tenebrosam.</strong></span> <span class='ocrx_word' id='word_1_47' title='bbox 472 1014 518 1075; x_wconf 85' lang='lat' dir='ltr'><strong>Eo</strong></span> <span class='ocrx_word' id='word_1_48' title='bbox 549 1024 698 1077; x_wconf 90' lang='lat' dir='ltr'><strong>momento</strong></span> <span class='ocrx_word' id='word_1_49' title='bbox 732 1017 824 1078; x_wconf 91' lang='lat' dir='ltr'><strong>talem</strong></span> <span class='ocrx_word' id='word_1_50' title='bbox 855 1017 959 1077; x_wconf 88' lang='lat' dir='ltr'><strong>Lunae</strong></span> <span class='ocrx_word' id='word_1_51' title='bbox 993 1017 1099 1096; x_wconf 80' lang='lat' dir='ltr'><strong>phasin</strong></span> <span class='ocrx_word' id='word_1_52' title='bbox 1132 1018 1245 1096; x_wconf 90' lang='lat' dir='ltr'><strong>excepi.</strong></span> <span class='ocrx_word' id='word_1_53' title='bbox 1292 1018 1377 1078; x_wconf 89' lang='lat' dir='ltr'><strong>Hora</strong></span> <span class='ocrx_word' id='word_1_54' title='bbox 1518 1002 1539 1036; x_wconf 60' lang='lat'><strong>“¹</strong></span> 
     </span>
     <span class='ocr_line' id='line_1_7' title="bbox 228 1102 1591 1185; baseline 0.004 -23"><span class='ocrx_word' id='word_1_55' title='bbox 228 1120 309 1163; x_wconf 82' lang='lat' dir='ltr'><strong>nona</strong></span> <span class='ocrx_word' id='word_1_56' title='bbox 331 1102 480 1181; x_wconf 78' lang='lat' dir='ltr'><strong>horologii</strong></span> <span class='ocrx_word' id='word_1_57' title='bbox 502 1104 596 1165; x_wconf 93' lang='lat' dir='ltr'><strong>urbici</strong></span> <span class='ocrx_word' id='word_1_58' title='bbox 618 1106 708 1184; x_wconf 89' lang='lat' dir='ltr'><strong>plane</strong></span> <span class='ocrx_word' id='word_1_59' title='bbox 731 1105 876 1167; x_wconf 89' lang='lat' dir='ltr'><strong>restituta</strong></span> <span class='ocrx_word' id='word_1_60' title='bbox 900 1107 1051 1183; x_wconf 90' lang='lat' dir='ltr'><strong>apparuit,</strong></span> <span class='ocrx_word' id='word_1_61' title='bbox 1077 1106 1241 1167; x_wconf 80' lang='lat' dir='ltr'><strong>consumtis</strong></span> <span class='ocrx_word' id='word_1_62' title='bbox 1259 1106 1289 1166; x_wconf 93' lang='lat' dir='ltr'><strong>in</strong></span> <span class='ocrx_word' id='word_1_63' title='bbox 1314 1123 1439 1185; x_wconf 85' lang='lat' dir='ltr'><strong>egressu</strong></span> <span class='ocrx_word' id='word_1_64' title='bbox 1463 1107 1591 1185; x_wconf 86' lang='lat' dir='ltr'><strong>amplius</strong></span> 
     </span>
     <span class='ocr_line' id='line_1_8' title="bbox 230 1190 1591 1274; baseline 0.004 -23"><span class='ocrx_word' id='word_1_65' title='bbox 230 1210 318 1271; x_wconf 89' lang='lat' dir='ltr'><strong>quarn</strong></span> <span class='ocrx_word' id='word_1_66' title='bbox 341 1190 362 1255; x_wconf 87' lang='lat'>5</span> <span class='ocrx_word' id='word_1_67' title='bbox 386 1192 623 1271; x_wconf 72' lang='lat' dir='ltr'><strong>quadrantibus,</strong></span> <span class='ocrx_word' id='word_1_68' title='bbox 657 1195 735 1274; x_wconf 89' lang='lat' dir='ltr'><strong>quod</strong></span> <span class='ocrx_word' id='word_1_69' title='bbox 768 1194 971 1255; x_wconf 89' lang='lat' dir='ltr'><strong>observationi</strong></span> <span class='ocrx_word' id='word_1_70' title='bbox 1003 1194 1182 1255; x_wconf 85' lang='lat' dir='ltr'><strong>Braheanae</strong></span> <span class='ocrx_word' id='word_1_71' title='bbox 1214 1194 1436 1274; x_wconf 86' lang='lat' dir='ltr'><strong>Wandesburgi</strong></span> <span class='ocrx_word' id='word_1_72' title='bbox 1466 1196 1591 1257; x_wconf 84' lang='lat' dir='ltr'><strong>habitae</strong></span> 
     </span>
     <span class='ocr_line' id='line_1_9' title="bbox 228 1279 1592 1362; baseline 0.004 -23"><span class='ocrx_word' id='word_1_73' title='bbox 228 1279 351 1358; x_wconf 76' lang='lat' dir='ltr'><strong>egregie</strong></span> <span class='ocrx_word' id='word_1_74' title='bbox 374 1282 535 1342; x_wconf 82' lang='lat' dir='ltr'><strong>consentit</strong></span> <span class='ocrx_word' id='word_1_75' title='bbox 572 1280 652 1351; x_wconf 87' lang='lat' dir='ltr'><strong>Quid</strong></span> <span class='ocrx_word' id='word_1_76' title='bbox 671 1283 717 1343; x_wconf 92' lang='lat' dir='ltr'><strong>hic</strong></span> <span class='ocrx_word' id='word_1_77' title='bbox 737 1301 849 1362; x_wconf 89' lang='lat' dir='ltr'><strong>quaeso</strong></span> <span class='ocrx_word' id='word_1_78' title='bbox 869 1282 950 1343; x_wconf 91' lang='lat' dir='ltr'><strong>aliud</strong></span> <span class='ocrx_word' id='word_1_79' title='bbox 966 1282 1023 1343; x_wconf 88' lang='lat' dir='ltr'><strong>dici</strong></span> <span class='ocrx_word' id='word_1_80' title='bbox 1044 1291 1156 1362; x_wconf 88' lang='lat' dir='ltr'><strong>potest,</strong></span> <span class='ocrx_word' id='word_1_81' title='bbox 1182 1302 1271 1362; x_wconf 91' lang='lat' dir='ltr'><strong>quam</strong></span> <span class='ocrx_word' id='word_1_82' title='bbox 1291 1283 1431 1345; x_wconf 75' lang='lat' dir='ltr'><strong>extitisse</strong></span> <span class='ocrx_word' id='word_1_83' title='bbox 1454 1286 1592 1346; x_wconf 89' lang='lat' dir='ltr'><strong>ruborem</strong></span> 
     </span>
     <span class='ocr_line' id='line_1_10' title="bbox 227 1368 1591 1449; baseline 0.004 -20"><span class='ocrx_word' id='word_1_84' title='bbox 227 1368 320 1429; x_wconf 81' lang='lat' dir='ltr'><strong>iatum</strong></span> <span class='ocrx_word' id='word_1_85' title='bbox 343 1387 383 1429; x_wconf 84' lang='lat' dir='ltr'><strong>ex</strong></span> <span class='ocrx_word' id='word_1_86' title='bbox 406 1370 545 1431; x_wconf 80' lang='lat' dir='ltr'><strong>refractis</strong></span> <span class='ocrx_word' id='word_1_87' title='bbox 568 1368 650 1431; x_wconf 88' lang='lat' dir='ltr'><strong>Solis</strong></span> <span class='ocrx_word' id='word_1_88' title='bbox 673 1371 702 1432; x_wconf 95' lang='lat' dir='ltr'><strong>in</strong></span> <span class='ocrx_word' id='word_1_89' title='bbox 728 1371 858 1432; x_wconf 87' lang='lat' dir='ltr'><strong>Terreno</strong></span> <span class='ocrx_word' id='word_1_90' title='bbox 882 1376 953 1431; x_wconf 74' lang='lat' dir='ltr'><strong>abre</strong></span> <span class='ocrx_word' id='word_1_91' title='bbox 981 1372 1090 1445; x_wconf 85' lang='lat' dir='ltr'><strong>radiis,</strong></span> <span class='ocrx_word' id='word_1_92' title='bbox 1120 1371 1206 1449; x_wconf 88' lang='lat' dir='ltr'><strong>cujus</strong></span> <span class='ocrx_word' id='word_1_93' title='bbox 1229 1372 1419 1433; x_wconf 78' lang='lat' dir='ltr'><strong>retractionis</strong></span> <span class='ocrx_word' id='word_1_94' title='bbox 1453 1373 1591 1435; x_wconf 89' lang='lat' dir='ltr'><strong>modulus</strong></span> 
     </span>
     <span class='ocr_line' id='line_1_11' title="bbox 227 1455 1589 1523; baseline 0.004 -6"><span class='ocrx_word' id='word_1_95' title='bbox 227 1455 297 1518; x_wconf 88' lang='lat' dir='ltr'><strong>aliis</strong></span> <span class='ocrx_word' id='word_1_96' title='bbox 320 1457 350 1517; x_wconf 92' lang='lat' dir='ltr'><strong>in</strong></span> <span class='ocrx_word' id='word_1_97' title='bbox 375 1457 450 1519; x_wconf 91' lang='lat' dir='ltr'><strong>locis</strong></span> <span class='ocrx_word' id='word_1_98' title='bbox 473 1458 632 1519; x_wconf 81' lang='lat' dir='ltr'><strong>Terrarum</strong></span> <span class='ocrx_word' id='word_1_99' title='bbox 656 1460 732 1520; x_wconf 90' lang='lat' dir='ltr'><strong>alius</strong></span> <span class='ocrx_word' id='word_1_100' title='bbox 757 1479 792 1521; x_wconf 91' lang='lat' dir='ltr'><strong>eo</strong></span> <span class='ocrx_word' id='word_1_101' title='bbox 816 1467 969 1521; x_wconf 86' lang='lat' dir='ltr'><strong>mornento</strong></span> <span class='ocrx_word' id='word_1_102' title='bbox 994 1461 1094 1522; x_wconf 83' lang='lat' dir='ltr'><strong>fuerit.</strong></span> <span class='ocrx_word' id='word_1_103' title='bbox 1131 1460 1210 1522; x_wconf 88' lang='lat' dir='ltr'><strong>Nam</strong></span> <span class='ocrx_word' id='word_1_104' title='bbox 1234 1461 1259 1522; x_wconf 92' lang='lat' dir='ltr'><strong>si</strong></span> <span class='ocrx_word' id='word_1_105' title='bbox 1284 1460 1384 1523; x_wconf 89' lang='lat' dir='ltr'><strong>sidera</strong></span> <span class='ocrx_word' id='word_1_106' title='bbox 1403 1459 1504 1522; x_wconf 92' lang='lat' dir='ltr'><strong>Solem</strong></span> <span class='ocrx_word' id='word_1_107' title='bbox 1529 1462 1589 1523; x_wconf 92' lang='lat' dir='ltr'><strong>cir-</strong></span> 
     </span>
     <span class='ocr_line' id='line_1_12' title="bbox 227 1546 1589 1630; baseline 0.005 -25"><span class='ocrx_word' id='word_1_108' title='bbox 227 1546 411 1607; x_wconf 87' lang='lat' dir='ltr'><strong>cumstantia</strong></span> <span class='ocrx_word' id='word_1_109' title='bbox 426 1547 544 1608; x_wconf 88' lang='lat' dir='ltr'><strong>Lunarn</strong></span> <span class='ocrx_word' id='word_1_110' title='bbox 559 1547 602 1607; x_wconf 90' lang='lat' dir='ltr'><strong>ita</strong></span> <span class='ocrx_word' id='word_1_111' title='bbox 625 1548 801 1626; x_wconf 75' lang='lat' dir='ltr'><strong>pinxissent,</strong></span> <span class='ocrx_word' id='word_1_112' title='bbox 828 1556 924 1609; x_wconf 90' lang='lat' dir='ltr'><strong>totum</strong></span> <span class='ocrx_word' id='word_1_113' title='bbox 948 1548 1011 1628; x_wconf 89' lang='lat' dir='ltr'><strong>ejus</strong></span> <span class='ocrx_word' id='word_1_114' title='bbox 1035 1550 1151 1610; x_wconf 92' lang='lat' dir='ltr'><strong>discum</strong></span> <span class='ocrx_word' id='word_1_115' title='bbox 1174 1549 1343 1630; x_wconf 88' lang='lat' dir='ltr'><strong>aequaliter</strong></span> <span class='ocrx_word' id='word_1_116' title='bbox 1357 1550 1415 1610; x_wconf 90' lang='lat' dir='ltr'><strong>sibi</strong></span> <span class='ocrx_word' id='word_1_117' title='bbox 1440 1551 1589 1630; x_wconf 89' lang='lat' dir='ltr'><strong>objectum</strong></span> 
     </span>
     <span class='ocr_line' id='line_1_13' title="bbox 226 1632 600 1715; baseline 0.011 -21"><span class='ocrx_word' id='word_1_118' title='bbox 226 1632 400 1713; x_wconf 83' lang='lat' dir='ltr'><strong>pinxissent</strong></span> <span class='ocrx_word' id='word_1_119' title='bbox 423 1635 600 1715; x_wconf 89' lang='lat' dir='ltr'><strong>aequaliter.</strong></span> 
     </span>
    </p>

    <p class='ocr_par' dir='ltr' id='par_1_3' title="bbox 228 1723 1591 2071">
     <span class='ocr_line' id='line_1_14' title="bbox 317 1723 1591 1804; baseline 0.002 -20"><span class='ocrx_word' id='word_1_120' title='bbox 317 1723 396 1784; x_wconf 89' lang='lat' dir='ltr'><strong>Pars</strong></span> <span class='ocrx_word' id='word_1_121' title='bbox 420 1724 510 1803; x_wconf 87' lang='lat' dir='ltr'><strong>igitur</strong></span> <span class='ocrx_word' id='word_1_122' title='bbox 532 1725 622 1804; x_wconf 91' lang='lat' dir='ltr'><strong>plane</strong></span> <span class='ocrx_word' id='word_1_123' title='bbox 655 1724 819 1786; x_wconf 90' lang='lat' dir='ltr'><strong>tenebrosa</strong></span> <span class='ocrx_word' id='word_1_124' title='bbox 841 1724 890 1785; x_wconf 92' lang='lat' dir='ltr'><strong>hic</strong></span> <span class='ocrx_word' id='word_1_125' title='bbox 914 1731 947 1785; x_wconf 91' lang='lat' dir='ltr'><strong>et</strong></span> <span class='ocrx_word' id='word_1_126' title='bbox 969 1723 998 1785; x_wconf 92' lang='lat' dir='ltr'><strong>in</strong></span> <span class='ocrx_word' id='word_1_127' title='bbox 1031 1724 1285 1803; x_wconf 81' lang='lat' dir='ltr'><strong>praecedentibus</strong></span> <span class='ocrx_word' id='word_1_128' title='bbox 1308 1725 1339 1785; x_wconf 93' lang='lat' dir='ltr'><strong>iu</strong></span> <span class='ocrx_word' id='word_1_129' title='bbox 1362 1725 1469 1786; x_wconf 90' lang='lat' dir='ltr'><strong>umbra</strong></span> <span class='ocrx_word' id='word_1_130' title='bbox 1497 1725 1591 1804; x_wconf 90' lang='lat' dir='ltr'><strong>ipsius</strong></span> 
     </span>
     <span class='ocr_line' id='line_1_15' title="bbox 228 1810 1590 1892; baseline 0.002 -21"><span class='ocrx_word' id='word_1_131' title='bbox 228 1810 341 1872; x_wconf 87' lang='lat' dir='ltr'><strong>Terrae</strong></span> <span class='ocrx_word' id='word_1_132' title='bbox 375 1812 512 1891; x_wconf 91' lang='lat' dir='ltr'><strong>plenaria</strong></span> <span class='ocrx_word' id='word_1_133' title='bbox 546 1812 655 1886; x_wconf 84' lang='lat' dir='ltr'><strong>luerit,</strong></span> <span class='ocrx_word' id='word_1_134' title='bbox 688 1831 759 1892; x_wconf 88' lang='lat' dir='ltr'><strong>pars</strong></span> <span class='ocrx_word' id='word_1_135' title='bbox 792 1813 902 1874; x_wconf 90' lang='lat' dir='ltr'><strong>rubens</strong></span> <span class='ocrx_word' id='word_1_136' title='bbox 927 1813 955 1873; x_wconf 91' lang='lat' dir='ltr'><strong>in</strong></span> <span class='ocrx_word' id='word_1_137' title='bbox 981 1814 1085 1875; x_wconf 88' lang='lat' dir='ltr'><strong>umbra</strong></span> <span class='ocrx_word' id='word_1_138' title='bbox 1109 1814 1206 1886; x_wconf 74' lang='lat' dir='ltr'><strong>aeris,</strong></span> <span class='ocrx_word' id='word_1_139' title='bbox 1231 1832 1306 1891; x_wconf 89' lang='lat' dir='ltr'><strong>quae</strong></span> <span class='ocrx_word' id='word_1_140' title='bbox 1337 1815 1484 1875; x_wconf 80' lang='lat' dir='ltr'><strong>retractos</strong></span> <span class='ocrx_word' id='word_1_141' title='bbox 1509 1813 1590 1877; x_wconf 91' lang='lat' dir='ltr'><strong>Solis</strong></span> 
     </span>
     <span class='ocr_line' id='line_1_16' title="bbox 229 1900 1589 1982; baseline 0.003 -22"><span class='ocrx_word' id='word_1_142' title='bbox 229 1900 331 1961; x_wconf 80' lang='lat' dir='ltr'><strong>radios</strong></span> <span class='ocrx_word' id='word_1_143' title='bbox 354 1902 603 1976; x_wconf 89' lang='lat' dir='ltr'><strong>transmittebat;</strong></span> <span class='ocrx_word' id='word_1_144' title='bbox 627 1922 698 1982; x_wconf 89' lang='lat' dir='ltr'><strong>pars</strong></span> <span class='ocrx_word' id='word_1_145' title='bbox 722 1902 849 1982; x_wconf 90' lang='lat' dir='ltr'><strong>denique</strong></span> <span class='ocrx_word' id='word_1_146' title='bbox 873 1902 973 1962; x_wconf 91' lang='lat' dir='ltr'><strong>lucida</strong></span> <span class='ocrx_word' id='word_1_147' title='bbox 1001 1901 1139 1962; x_wconf 89' lang='lat' dir='ltr'><strong>immunis</strong></span> <span class='ocrx_word' id='word_1_148' title='bbox 1169 1902 1324 1981; x_wconf 88' lang='lat' dir='ltr'><strong>utriusque</strong></span> <span class='ocrx_word' id='word_1_149' title='bbox 1348 1903 1486 1977; x_wconf 87' lang='lat' dir='ltr'><strong>umbrae,</strong></span> <span class='ocrx_word' id='word_1_150' title='bbox 1515 1921 1589 1982; x_wconf 90' lang='lat' dir='ltr'><strong>puro</strong></span> 
     </span>
     <span class='ocr_line' id='line_1_17' title="bbox 228 1986 1010 2071; baseline 0 -21"><span class='ocrx_word' id='word_1_151' title='bbox 228 1986 301 2050; x_wconf 86' lang='lat' dir='ltr'><strong>Sole</strong></span> <span class='ocrx_word' id='word_1_152' title='bbox 326 1990 377 2051; x_wconf 80' lang='lat' dir='ltr'><strong>vel</strong></span> <span class='ocrx_word' id='word_1_153' title='bbox 401 1990 466 2069; x_wconf 88' lang='lat' dir='ltr'><strong>ejus</strong></span> <span class='ocrx_word' id='word_1_154' title='bbox 490 1991 592 2071; x_wconf 89' lang='lat' dir='ltr'><strong>aliqua</strong></span> <span class='ocrx_word' id='word_1_155' title='bbox 615 1991 763 2071; x_wconf 92' lang='lat' dir='ltr'><strong>particula</strong></span> <span class='ocrx_word' id='word_1_156' title='bbox 788 1991 878 2053; x_wconf 82' lang='lat' dir='ltr'><strong>luerit</strong></span> <span class='ocrx_word' id='word_1_157' title='bbox 901 1990 1010 2070; x_wconf 88' lang='lat' dir='ltr'><strong>potita.</strong></span> 
     </span>
    </p>
   </div>
   <div class='ocr_carea' id='block_1_3' title="bbox 554 2153 1262 2237">
    <p class='ocr_par' dir='ltr' id='par_1_4' title="bbox 554 2153 1262 2237">
     <span class='ocr_line' id='line_1_18' title="bbox 554 2153 1262 2237; baseline -0.001 -18"><span class='ocrx_word' id='word_1_158' title='bbox 554 2153 586 2220; x_wconf 84' lang='grc'><strong>4.</strong></span> <span class='ocrx_word' id='word_1_159' title='bbox 631 2158 683 2220; x_wconf 90' lang='lat' dir='ltr'><strong>De</strong></span> <span class='ocrx_word' id='word_1_160' title='bbox 706 2158 849 2237; x_wconf 91' lang='lat' dir='ltr'><strong>pallore</strong></span> <span class='ocrx_word' id='word_1_161' title='bbox 873 2159 996 2219; x_wconf 87' lang='lat' dir='ltr'><strong>Lunae</strong></span> <span class='ocrx_word' id='word_1_162' title='bbox 1027 2156 1262 2219; x_wconf 80' lang='lat' dir='ltr'><strong>deficientis.</strong></span> 
     </span>
    </p>
   </div>
   <div class='ocr_carea' id='block_1_4' title="bbox 225 2297 1589 3267">
    <p class='ocr_par' dir='ltr' id='par_1_5' title="bbox 225 2297 1589 3002">
     <span class='ocr_line' id='line_1_19' title="bbox 316 2297 1588 2380; baseline -0.001 -21"><span class='ocrx_word' id='word_1_163' title='bbox 316 2297 388 2359; x_wconf 90' lang='lat' dir='ltr'><strong>Jam</strong></span> <span class='ocrx_word' id='word_1_164' title='bbox 412 2297 490 2377; x_wconf 94' lang='lat' dir='ltr'><strong>quod</strong></span> <span class='ocrx_word' id='word_1_165' title='bbox 515 2298 552 2359; x_wconf 93' lang='lat' dir='ltr'><strong>de</strong></span> <span class='ocrx_word' id='word_1_166' title='bbox 570 2299 675 2361; x_wconf 90' lang='lat' dir='ltr'><strong>Lunae</strong></span> <span class='ocrx_word' id='word_1_167' title='bbox 699 2319 822 2380; x_wconf 90' lang='lat' dir='ltr'><strong>corpore</strong></span> <span class='ocrx_word' id='word_1_168' title='bbox 848 2301 924 2361; x_wconf 88' lang='lat' dir='ltr'><strong>latet</strong></span> <span class='ocrx_word' id='word_1_169' title='bbox 942 2300 970 2360; x_wconf 90' lang='lat' dir='ltr'><strong>in</strong></span> <span class='ocrx_word' id='word_1_170' title='bbox 991 2299 1059 2379; x_wconf 90' lang='lat' dir='ltr'><strong>ipsa</strong></span> <span class='ocrx_word' id='word_1_171' title='bbox 1078 2299 1188 2360; x_wconf 87' lang='lat' dir='ltr'><strong>Terrae</strong></span> <span class='ocrx_word' id='word_1_172' title='bbox 1213 2297 1328 2372; x_wconf 89' lang='lat' dir='ltr'><strong>umbra,</strong></span> <span class='ocrx_word' id='word_1_173' title='bbox 1354 2305 1588 2358; x_wconf 90' lang='lat' dir='ltr'><strong>consentaneum</strong></span> 
     </span>
     <span class='ocr_line' id='line_1_20' title="bbox 227 2384 1588 2468; baseline -0.001 -20"><span class='ocrx_word' id='word_1_174' title='bbox 227 2393 276 2448; x_wconf 87' lang='lat' dir='ltr'><strong>est</strong></span> <span class='ocrx_word' id='word_1_175' title='bbox 297 2387 430 2466; x_wconf 88' lang='lat' dir='ltr'><strong>maligne</strong></span> <span class='ocrx_word' id='word_1_176' title='bbox 455 2387 613 2450; x_wconf 89' lang='lat' dir='ltr'><strong>admodum</strong></span> <span class='ocrx_word' id='word_1_177' title='bbox 638 2390 728 2451; x_wconf 86' lang='lat' dir='ltr'><strong>cerui.</strong></span> <span class='ocrx_word' id='word_1_178' title='bbox 767 2390 815 2450; x_wconf 89' lang='lat' dir='ltr'><strong>lta</strong></span> <span class='ocrx_word' id='word_1_179' title='bbox 838 2408 894 2468; x_wconf 82' lang='lat' dir='ltr'><strong>ego</strong></span> <span class='ocrx_word' id='word_1_180' title='bbox 919 2408 997 2450; x_wconf 90' lang='lat' dir='ltr'><strong>anno</strong></span> <span class='ocrx_word' id='word_1_181' title='bbox 1025 2385 1118 2451; x_wconf 86' lang='grc'><strong>1588.</strong></span> <span class='ocrx_word' id='word_1_182' title='bbox 1144 2388 1191 2449; x_wconf 90' lang='lat' dir='ltr'><strong>die</strong></span> <span class='ocrx_word' id='word_1_183' title='bbox 1216 2384 1247 2450; x_wconf 88' lang='grc'><strong>3.</strong></span> <span class='ocrx_word' id='word_1_184' title='bbox 1262 2386 1366 2449; x_wconf 92' lang='lat' dir='ltr'><strong>Martii</strong></span> <span class='ocrx_word' id='word_1_185' title='bbox 1388 2386 1588 2465; x_wconf 89' lang='lat' dir='ltr'><strong>Mulpronnae</strong></span> 
     </span>
     <span class='ocr_line' id='line_1_21' title="bbox 226 2474 1589 2555; baseline -0.002 -17"><span class='ocrx_word' id='word_1_186' title='bbox 226 2476 256 2538; x_wconf 91' lang='lat' dir='ltr'><strong>in</strong></span> <span class='ocrx_word' id='word_1_187' title='bbox 277 2474 527 2555; x_wconf 82' lang='lat' dir='ltr'><strong>Wtirtembergia</strong></span> <span class='ocrx_word' id='word_1_188' title='bbox 550 2477 665 2539; x_wconf 89' lang='lat' dir='ltr'><strong>Lunam</strong></span> <span class='ocrx_word' id='word_1_189' title='bbox 696 2478 813 2539; x_wconf 88' lang='lat' dir='ltr'><strong>cumin</strong></span> <span class='ocrx_word' id='word_1_190' title='bbox 845 2476 941 2538; x_wconf 89' lang='lat' dir='ltr'><strong>medio</strong></span> <span class='ocrx_word' id='word_1_191' title='bbox 972 2479 1095 2538; x_wconf 88' lang='lat' dir='ltr'><strong>urubrae</strong></span> <span class='ocrx_word' id='word_1_192' title='bbox 1127 2486 1299 2538; x_wconf 88' lang='lat' dir='ltr'><strong>versaretur</strong></span> <span class='ocrx_word' id='word_1_193' title='bbox 1329 2474 1380 2535; x_wconf 90' lang='lat' dir='ltr'><strong>vix</strong></span> <span class='ocrx_word' id='word_1_194' title='bbox 1412 2476 1507 2536; x_wconf 90' lang='lat' dir='ltr'><strong>oculis</strong></span> <span class='ocrx_word' id='word_1_195' title='bbox 1535 2494 1589 2554; x_wconf 95' lang='lat' dir='ltr'><strong>per</strong></span> 
     </span>
     <span class='ocr_line' id='line_1_22' title="bbox 226 2564 1587 2646; baseline -0.003 -19"><span class='ocrx_word' id='word_1_196' title='bbox 226 2564 395 2627; x_wconf 84' lang='lat' dir='ltr'><strong>cineritiurn</strong></span> <span class='ocrx_word' id='word_1_197' title='bbox 419 2565 549 2627; x_wconf 89' lang='lat' dir='ltr'><strong>colorem</strong></span> <span class='ocrx_word' id='word_1_198' title='bbox 573 2567 796 2646; x_wconf 91' lang='lat' dir='ltr'><strong>deprehendere</strong></span> <span class='ocrx_word' id='word_1_199' title='bbox 820 2567 921 2646; x_wconf 90' lang='lat' dir='ltr'><strong>potui:</strong></span> <span class='ocrx_word' id='word_1_200' title='bbox 947 2567 1131 2644; x_wconf 88' lang='lat' dir='ltr'><strong>miratusque</strong></span> <span class='ocrx_word' id='word_1_201' title='bbox 1147 2585 1223 2635; x_wconf 87' lang='lat' dir='ltr'><strong>surn,</strong></span> <span class='ocrx_word' id='word_1_202' title='bbox 1246 2584 1313 2625; x_wconf 89' lang='lat' dir='ltr'><strong>cum</strong></span> <span class='ocrx_word' id='word_1_203' title='bbox 1334 2564 1509 2626; x_wconf 87' lang='lat' dir='ltr'><strong>recordarer</strong></span> <span class='ocrx_word' id='word_1_204' title='bbox 1523 2564 1587 2643; x_wconf 89' lang='lat' dir='ltr'><strong>ejus</strong></span> 
     </span>
     <span class='ocr_line' id='line_1_23' title="bbox 227 2650 1587 2735; baseline -0.001 -20"><span class='ocrx_word' id='word_1_205' title='bbox 227 2672 316 2735; x_wconf 86' lang='lat' dir='ltr'><strong>quam</strong></span> <span class='ocrx_word' id='word_1_206' title='bbox 341 2672 419 2714; x_wconf 87' lang='lat' dir='ltr'><strong>anno</strong></span> <span class='ocrx_word' id='word_1_207' title='bbox 446 2650 541 2717; x_wconf 87' lang='grc'><strong>1580.</strong></span> <span class='ocrx_word' id='word_1_208' title='bbox 570 2655 714 2718; x_wconf 88' lang='lat' dir='ltr'><strong>videram.</strong></span> <span class='ocrx_word' id='word_1_209' title='bbox 761 2656 796 2717; x_wconf 90' lang='lat' dir='ltr'><strong>In</strong></span> <span class='ocrx_word' id='word_1_210' title='bbox 820 2656 930 2722; x_wconf 86' lang='lat' dir='ltr'><strong>Deoia,</strong></span> <span class='ocrx_word' id='word_1_211' title='bbox 955 2674 1021 2715; x_wconf 88' lang='lat' dir='ltr'><strong>curn</strong></span> <span class='ocrx_word' id='word_1_212' title='bbox 1046 2652 1254 2716; x_wconf 87' lang='lat' dir='ltr'><strong>instrumentis</strong></span> <span class='ocrx_word' id='word_1_213' title='bbox 1277 2652 1457 2734; x_wconf 88' lang='lat' dir='ltr'><strong>Tychonicis</strong></span> <span class='ocrx_word' id='word_1_214' title='bbox 1481 2652 1545 2733; x_wconf 90' lang='lat' dir='ltr'><strong>ejus</strong></span> <span class='ocrx_word' id='word_1_215' title='bbox 1569 2672 1587 2713; x_wconf 92' lang='lat' dir='ltr'><strong>a</strong></span> 
     </span>
     <span class='ocr_line' id='line_1_24' title="bbox 225 2741 1587 2821; baseline -0.004 -15"><span class='ocrx_word' id='word_1_216' title='bbox 225 2744 293 2807; x_wconf 81' lang='lat' dir='ltr'><strong>fixis</strong></span> <span class='ocrx_word' id='word_1_217' title='bbox 327 2742 505 2804; x_wconf 89' lang='lat' dir='ltr'><strong>distantiam</strong></span> <span class='ocrx_word' id='word_1_218' title='bbox 538 2744 734 2817; x_wconf 88' lang='lat' dir='ltr'><strong>metirentur,</strong></span> <span class='ocrx_word' id='word_1_219' title='bbox 769 2745 844 2805; x_wconf 89' lang='lat' dir='ltr'><strong>adeo</strong></span> <span class='ocrx_word' id='word_1_220' title='bbox 876 2744 1036 2805; x_wconf 80' lang='lat' dir='ltr'><strong>difficulter</strong></span> <span class='ocrx_word' id='word_1_221' title='bbox 1069 2743 1132 2821; x_wconf 88' lang='lat' dir='ltr'><strong>ejus</strong></span> <span class='ocrx_word' id='word_1_222' title='bbox 1163 2742 1312 2821; x_wconf 81' lang='lat' dir='ltr'><strong>margines</strong></span> <span class='ocrx_word' id='word_1_223' title='bbox 1341 2741 1520 2817; x_wconf 85' lang='lat' dir='ltr'><strong>cernebant,</strong></span> <span class='ocrx_word' id='word_1_224' title='bbox 1554 2749 1587 2802; x_wconf 89' lang='lat' dir='ltr'><strong>ut</strong></span> 
     </span>
     <span class='ocr_line' id='line_1_25' title="bbox 226 2829 1587 2912; baseline -0.003 -19"><span class='ocrx_word' id='word_1_225' title='bbox 226 2831 393 2893; x_wconf 85' lang='lat' dir='ltr'><strong>distantiae</strong></span> <span class='ocrx_word' id='word_1_226' title='bbox 418 2832 597 2894; x_wconf 86' lang='lat' dir='ltr'><strong>observatae</strong></span> <span class='ocrx_word' id='word_1_227' title='bbox 630 2834 838 2912; x_wconf 86' lang='lat' dir='ltr'><strong>retrogradam</strong></span> <span class='ocrx_word' id='word_1_228' title='bbox 861 2832 944 2893; x_wconf 88' lang='lat' dir='ltr'><strong>illam</strong></span> <span class='ocrx_word' id='word_1_229' title='bbox 971 2831 1119 2908; x_wconf 89' lang='lat' dir='ltr'><strong>interdum</strong></span> <span class='ocrx_word' id='word_1_230' title='bbox 1148 2832 1288 2893; x_wconf 89' lang='lat' dir='ltr'><strong>exhibere</strong></span> <span class='ocrx_word' id='word_1_231' title='bbox 1312 2829 1484 2892; x_wconf 89' lang='lat' dir='ltr'><strong>viderentur</strong></span> <span class='ocrx_word' id='word_1_232' title='bbox 1508 2829 1587 2891; x_wconf 89' lang='lat' dir='ltr'><strong>circa</strong></span> 
     </span>
     <span class='ocr_line' id='line_1_26' title="bbox 226 2920 515 3002; baseline -0.003 -21"><span class='ocrx_word' id='word_1_233' title='bbox 226 2920 351 3002; x_wconf 86' lang='lat' dir='ltr'><strong>eclipsis</strong></span> <span class='ocrx_word' id='word_1_234' title='bbox 375 2921 515 2983; x_wconf 90' lang='lat' dir='ltr'><strong>medium.</strong></span> 
     </span>
    </p>

    <p class='ocr_par' dir='ltr' id='par_1_6' title="bbox 225 3006 1587 3267">
     <span class='ocr_line' id='line_1_27' title="bbox 315 3006 1586 3089; baseline -0.002 -18"><span class='ocrx_word' id='word_1_235' title='bbox 315 3009 365 3071; x_wconf 83' lang='lat' dir='ltr'><strong>An</strong></span> <span class='ocrx_word' id='word_1_236' title='bbox 391 3008 482 3087; x_wconf 86' lang='lat' dir='ltr'><strong>igitur</strong></span> <span class='ocrx_word' id='word_1_237' title='bbox 505 3008 553 3070; x_wconf 95' lang='lat' dir='ltr'><strong>hic</strong></span> <span class='ocrx_word' id='word_1_238' title='bbox 586 3008 695 3070; x_wconf 90' lang='lat' dir='ltr'><strong>saltem</strong></span> <span class='ocrx_word' id='word_1_239' title='bbox 724 3010 824 3089; x_wconf 92' lang='lat' dir='ltr'><strong>pallor</strong></span> <span class='ocrx_word' id='word_1_240' title='bbox 847 3029 900 3070; x_wconf 89' lang='lat' dir='ltr'><strong>seu</strong></span> <span class='ocrx_word' id='word_1_241' title='bbox 931 3009 1013 3071; x_wconf 91' lang='lat' dir='ltr'><strong>color</strong></span> <span class='ocrx_word' id='word_1_242' title='bbox 1045 3006 1181 3069; x_wconf 89' lang='lat' dir='ltr'><strong>cinereus</strong></span> <span class='ocrx_word' id='word_1_243' title='bbox 1211 3006 1252 3068; x_wconf 88' lang='lat' dir='ltr'><strong>sit</strong></span> <span class='ocrx_word' id='word_1_244' title='bbox 1274 3006 1310 3067; x_wconf 92' lang='lat' dir='ltr'><strong>de</strong></span> <span class='ocrx_word' id='word_1_245' title='bbox 1334 3006 1439 3068; x_wconf 90' lang='lat' dir='ltr'><strong>Lunae</strong></span> <span class='ocrx_word' id='word_1_246' title='bbox 1467 3006 1586 3087; x_wconf 89' lang='lat' dir='ltr'><strong>proprio</strong></span> 
     </span>
     <span class='ocr_line' id='line_1_28' title="bbox 225 3094 1587 3179; baseline -0.004 -17"><span class='ocrx_word' id='word_1_247' title='bbox 225 3097 363 3162; x_wconf 88' lang='lat' dir='ltr'><strong>lumine?</strong></span> <span class='ocrx_word' id='word_1_248' title='bbox 399 3097 539 3159; x_wconf 89' lang='lat' dir='ltr'><strong>Nondum</strong></span> <span class='ocrx_word' id='word_1_249' title='bbox 563 3116 599 3159; x_wconf 88' lang='lat' dir='ltr'><strong>ne</strong></span> <span class='ocrx_word' id='word_1_250' title='bbox 624 3098 680 3159; x_wconf 93' lang='lat' dir='ltr'><strong>hoc</strong></span> <span class='ocrx_word' id='word_1_251' title='bbox 713 3098 830 3178; x_wconf 87' lang='lat' dir='ltr'><strong>quidem</strong></span> <span class='ocrx_word' id='word_1_252' title='bbox 854 3118 929 3179; x_wconf 90' lang='lat' dir='ltr'><strong>opus</strong></span> <span class='ocrx_word' id='word_1_253' title='bbox 963 3097 1106 3158; x_wconf 89' lang='lat' dir='ltr'><strong>babemus</strong></span> <span class='ocrx_word' id='word_1_254' title='bbox 1140 3096 1249 3158; x_wconf 92' lang='lat' dir='ltr'><strong>dicere.</strong></span> <span class='ocrx_word' id='word_1_255' title='bbox 1298 3094 1376 3165; x_wconf 87' lang='lat' dir='ltr'><strong>Quin</strong></span> <span class='ocrx_word' id='word_1_256' title='bbox 1410 3096 1510 3175; x_wconf 92' lang='lat' dir='ltr'><strong>potius</strong></span> <span class='ocrx_word' id='word_1_257' title='bbox 1539 3094 1587 3158; x_wconf 92' lang='lat' dir='ltr'><strong>hic</strong></span> 
     </span>
     <span class='ocr_line' id='line_1_29' title="bbox 225 3184 1586 3267; baseline -0.005 -15"><span class='ocrx_word' id='word_1_258' title='bbox 225 3208 292 3252; x_wconf 85' lang='lat' dir='ltr'><strong>curn</strong></span> <span class='ocrx_word' id='word_1_259' title='bbox 316 3186 481 3248; x_wconf 85' lang='lat' dir='ltr'><strong>Plutarcho</strong></span> <span class='ocrx_word' id='word_1_260' title='bbox 505 3187 542 3247; x_wconf 89' lang='lat' dir='ltr'><strong>de</strong></span> <span class='ocrx_word' id='word_1_261' title='bbox 567 3186 643 3248; x_wconf 88' lang='lat' dir='ltr'><strong>facie</strong></span> <span class='ocrx_word' id='word_1_262' title='bbox 668 3187 772 3248; x_wconf 90' lang='lat' dir='ltr'><strong>Lunae</strong></span> <span class='ocrx_word' id='word_1_263' title='bbox 797 3188 1047 3267; x_wconf 89' lang='lat' dir='ltr'><strong>respondeamus,</strong></span> <span class='ocrx_word' id='word_1_264' title='bbox 1076 3186 1153 3266; x_wconf 93' lang='lat' dir='ltr'><strong>quod</strong></span> <span class='ocrx_word' id='word_1_265' title='bbox 1178 3204 1270 3265; x_wconf 89' lang='lat' dir='ltr'><strong>supra</strong></span> <span class='ocrx_word' id='word_1_266' title='bbox 1293 3185 1328 3245; x_wconf 90' lang='lat' dir='ltr'><strong>de</strong></span> <span class='ocrx_word' id='word_1_267' title='bbox 1352 3184 1459 3245; x_wconf 88' lang='lat' dir='ltr'><strong>rubore</strong></span> <span class='ocrx_word' id='word_1_268' title='bbox 1483 3185 1586 3246; x_wconf 90' lang='lat' dir='ltr'><strong>Lunae</strong></span> 
     </span>
    </p>
   </div>
   <div class='ocr_carea' id='block_1_5' title="bbox 224 3274 1587 3836">
    <p class='ocr_par' dir='ltr' id='par_1_7' title="bbox 224 3274 1587 3836">
     <span class='ocr_line' id='line_1_30' title="bbox 225 3274 1587 3356; baseline -0.003 -15"><span class='ocrx_word' id='word_1_269' title='bbox 225 3276 411 3356; x_wconf 84' lang='lat' dir='ltr'><strong>respondere</strong></span> <span class='ocrx_word' id='word_1_270' title='bbox 436 3275 473 3336; x_wconf 94' lang='lat' dir='ltr'><strong>ob</strong></span> <span class='ocrx_word' id='word_1_271' title='bbox 497 3276 560 3355; x_wconf 90' lang='lat' dir='ltr'><strong>ejus</strong></span> <span class='ocrx_word' id='word_1_272' title='bbox 585 3274 757 3337; x_wconf 90' lang='lat' dir='ltr'><strong>claritatem</strong></span> <span class='ocrx_word' id='word_1_273' title='bbox 780 3295 837 3337; x_wconf 91' lang='lat' dir='ltr'><strong>uon</strong></span> <span class='ocrx_word' id='word_1_274' title='bbox 862 3285 1046 3356; x_wconf 85' lang='lat' dir='ltr'><strong>poteramus,</strong></span> <span class='ocrx_word' id='word_1_275' title='bbox 1070 3274 1099 3334; x_wconf 94' lang='lat' dir='ltr'><strong>iu</strong></span> <span class='ocrx_word' id='word_1_276' title='bbox 1124 3274 1201 3337; x_wconf 91' lang='lat' dir='ltr'><strong>hunc</strong></span> <span class='ocrx_word' id='word_1_277' title='bbox 1225 3274 1360 3334; x_wconf 89' lang='lat' dir='ltr'><strong>modum:</strong></span> <span class='ocrx_word' id='word_1_278' title='bbox 1390 3284 1452 3336; x_wconf 87' lang='lat' dir='ltr'><strong>Jam</strong></span> <span class='ocrx_word' id='word_1_279' title='bbox 1467 3283 1587 3338; x_wconf 88' lang='lat' dir='ltr'><strong>cumhic</strong></span> 
     </span>
     <span class='ocr_line' id='line_1_31' title="bbox 225 3363 1585 3436; baseline -0.006 -12"><span class='ocrx_word' id='word_1_280' title='bbox 225 3367 296 3424; x_wconf 81' lang='lat' dir='ltr'><strong>Solis</strong></span> <span class='ocrx_word' id='word_1_281' title='bbox 319 3366 413 3420; x_wconf 89' lang='lat' dir='ltr'><strong>radios</strong></span> <span class='ocrx_word' id='word_1_282' title='bbox 434 3365 637 3436; x_wconf 86' lang='lat' dir='ltr'><strong>excipientibus</strong></span> <span class='ocrx_word' id='word_1_283' title='bbox 659 3366 805 3436; x_wconf 88' lang='lat' dir='ltr'><strong>purpureis</strong></span> <span class='ocrx_word' id='word_1_284' title='bbox 828 3383 860 3419; x_wconf 88' lang='lat' dir='ltr'><strong>ac</strong></span> <span class='ocrx_word' id='word_1_285' title='bbox 873 3366 997 3436; x_wconf 87' lang='lat' dir='ltr'><strong>puniceis</strong></span> <span class='ocrx_word' id='word_1_286' title='bbox 1018 3365 1152 3428; x_wconf 81' lang='lat' dir='ltr'><strong>vestibus,</strong></span> <span class='ocrx_word' id='word_1_287' title='bbox 1174 3363 1322 3434; x_wconf 89' lang='lat' dir='ltr'><strong>paludibus</strong></span> <span class='ocrx_word' id='word_1_288' title='bbox 1344 3363 1460 3416; x_wconf 81' lang='lat' dir='ltr'><strong>itemst</strong></span> <span class='ocrx_word' id='word_1_289' title='bbox 1486 3364 1585 3428; x_wconf 85' lang='lat' dir='ltr'><strong>fluviis,</strong></span> 
     </span>
     <span class='ocr_line' id='line_1_32' title="bbox 225 3443 1585 3516; baseline -0.006 -13"><span class='ocrx_word' id='word_1_290' title='bbox 225 3447 355 3503; x_wconf 81' lang='lat' dir='ltr'><strong>umbrosa</strong></span> <span class='ocrx_word' id='word_1_291' title='bbox 376 3446 492 3500; x_wconf 80' lang='lat' dir='ltr'><strong>viciniae</strong></span> <span class='ocrx_word' id='word_1_292' title='bbox 507 3447 570 3500; x_wconf 90' lang='lat' dir='ltr'><strong>loca</strong></span> <span class='ocrx_word' id='word_1_293' title='bbox 584 3448 703 3500; x_wconf 90' lang='lat' dir='ltr'><strong>colorem</strong></span> <span class='ocrx_word' id='word_1_294' title='bbox 725 3447 806 3500; x_wconf 91' lang='lat' dir='ltr'><strong>istum</strong></span> <span class='ocrx_word' id='word_1_295' title='bbox 827 3447 1010 3509; x_wconf 88' lang='lat' dir='ltr'><strong>aemulentur,</strong></span> <span class='ocrx_word' id='word_1_296' title='bbox 1033 3451 1062 3498; x_wconf 87' lang='lat' dir='ltr'><strong>et</strong></span> <span class='ocrx_word' id='word_1_297' title='bbox 1077 3446 1111 3498; x_wconf 89' lang='lat' dir='ltr'><strong>ob</strong></span> <span class='ocrx_word' id='word_1_298' title='bbox 1126 3446 1287 3516; x_wconf 81' lang='lat' dir='ltr'><strong>omnigenas</strong></span> <span class='ocrx_word' id='word_1_299' title='bbox 1309 3444 1473 3496; x_wconf 82' lang='lat' dir='ltr'><strong>reflexiones</strong></span> <span class='ocrx_word' id='word_1_300' title='bbox 1493 3443 1585 3497; x_wconf 91' lang='lat' dir='ltr'><strong>multi-</strong></span> 
     </span>
     <span class='ocr_line' id='line_1_33' title="bbox 224 3522 1585 3599; baseline -0.006 -16"><span class='ocrx_word' id='word_1_301' title='bbox 224 3528 344 3599; x_wconf 88' lang='lat' dir='ltr'><strong>plicibus</strong></span> <span class='ocrx_word' id='word_1_302' title='bbox 366 3526 541 3580; x_wconf 86' lang='lat' dir='ltr'><strong>illustrentur</strong></span> <span class='ocrx_word' id='word_1_303' title='bbox 561 3526 771 3595; x_wconf 87' lang='lat' dir='ltr'><strong>splendoribus:</strong></span> <span class='ocrx_word' id='word_1_304' title='bbox 794 3528 856 3597; x_wconf 93' lang='lat' dir='ltr'><strong>quid</strong></span> <span class='ocrx_word' id='word_1_305' title='bbox 872 3528 967 3581; x_wconf 90' lang='lat' dir='ltr'><strong>mirum</strong></span> <span class='ocrx_word' id='word_1_306' title='bbox 986 3542 1030 3579; x_wconf 86' lang='lat' dir='ltr'><strong>res</strong></span> <span class='ocrx_word' id='word_1_307' title='bbox 1051 3525 1146 3587; x_wconf 88' lang='lat' dir='ltr'><strong>habet,</strong></span> <span class='ocrx_word' id='word_1_308' title='bbox 1169 3524 1192 3577; x_wconf 87' lang='lat' dir='ltr'><strong>si</strong></span> <span class='ocrx_word' id='word_1_309' title='bbox 1211 3524 1337 3593; x_wconf 89' lang='lat' dir='ltr'><strong>copiosus</strong></span> <span class='ocrx_word' id='word_1_310' title='bbox 1357 3522 1471 3577; x_wconf 84' lang='lat' dir='ltr'><strong>umbrae</strong></span> <span class='ocrx_word' id='word_1_311' title='bbox 1485 3524 1585 3585; x_wconf 81' lang='lat' dir='ltr'><strong>fluxus,</strong></span> 
     </span>
     <span class='ocr_line' id='line_1_34' title="bbox 225 3602 1586 3676; baseline -0.006 -13"><span class='ocrx_word' id='word_1_312' title='bbox 225 3609 313 3663; x_wconf 73' lang='lat' dir='ltr'><strong>veluti</strong></span> <span class='ocrx_word' id='word_1_313' title='bbox 334 3607 362 3660; x_wconf 92' lang='lat' dir='ltr'><strong>in</strong></span> <span class='ocrx_word' id='word_1_314' title='bbox 391 3607 511 3676; x_wconf 78' lang='lat' dir='ltr'><strong>pelagus</strong></span> <span class='ocrx_word' id='word_1_315' title='bbox 539 3607 660 3659; x_wconf 85' lang='lat' dir='ltr'><strong>coeleste</strong></span> <span class='ocrx_word' id='word_1_316' title='bbox 686 3606 824 3670; x_wconf 89' lang='lat' dir='ltr'><strong>incidens,</strong></span> <span class='ocrx_word' id='word_1_317' title='bbox 853 3625 908 3660; x_wconf 94' lang='lat' dir='ltr'><strong>non</strong></span> <span class='ocrx_word' id='word_1_318' title='bbox 935 3605 1043 3659; x_wconf 90' lang='lat' dir='ltr'><strong>stabilis</strong></span> <span class='ocrx_word' id='word_1_319' title='bbox 1071 3613 1121 3658; x_wconf 85' lang='lat' dir='ltr'><strong>aut</strong></span> <span class='ocrx_word' id='word_1_320' title='bbox 1142 3604 1307 3673; x_wconf 88' lang='lat' dir='ltr'><strong>quiescentis</strong></span> <span class='ocrx_word' id='word_1_321' title='bbox 1327 3602 1446 3667; x_wconf 84' lang='lat' dir='ltr'><strong>luminis,</strong></span> <span class='ocrx_word' id='word_1_322' title='bbox 1473 3603 1522 3658; x_wconf 87' lang='lat' dir='ltr'><strong>sed</strong></span> <span class='ocrx_word' id='word_1_323' title='bbox 1550 3603 1586 3655; x_wconf 92' lang='lat' dir='ltr'><strong>ab</strong></span> 
     </span>
     <span class='ocr_line' id='line_1_35' title="bbox 224 3681 1585 3757; baseline -0.005 -15"><span class='ocrx_word' id='word_1_324' title='bbox 224 3687 376 3742; x_wconf 86' lang='lat' dir='ltr'><strong>innumeris</strong></span> <span class='ocrx_word' id='word_1_325' title='bbox 405 3686 548 3757; x_wconf 82' lang='lat' dir='ltr'><strong>exagitati</strong></span> <span class='ocrx_word' id='word_1_326' title='bbox 576 3686 660 3739; x_wconf 84' lang='lat' dir='ltr'><strong>astris</strong></span> <span class='ocrx_word' id='word_1_327' title='bbox 691 3686 837 3756; x_wconf 85' lang='lat' dir='ltr'><strong>variasque</strong></span> <span class='ocrx_word' id='word_1_328' title='bbox 868 3686 1016 3740; x_wconf 87' lang='lat' dir='ltr'><strong>mixtiones</strong></span> <span class='ocrx_word' id='word_1_329' title='bbox 1042 3692 1072 3738; x_wconf 91' lang='lat' dir='ltr'><strong>et</strong></span> <span class='ocrx_word' id='word_1_330' title='bbox 1101 3684 1267 3737; x_wconf 88' lang='lat' dir='ltr'><strong>mutationes</strong></span> <span class='ocrx_word' id='word_1_331' title='bbox 1289 3684 1316 3736; x_wconf 93' lang='lat' dir='ltr'><strong>in</strong></span> <span class='ocrx_word' id='word_1_332' title='bbox 1342 3698 1372 3736; x_wconf 86' lang='lat' dir='ltr'><strong>se</strong></span> <span class='ocrx_word' id='word_1_333' title='bbox 1404 3681 1585 3745; x_wconf 77' lang='lat' dir='ltr'><strong>admittentis,</strong></span> 
     </span>
     <span class='ocr_line' id='line_1_36' title="bbox 225 3760 1584 3836; baseline -0.001 -14"><span class='ocrx_word' id='word_1_334' title='bbox 225 3769 310 3822; x_wconf 84' lang='lat' dir='ltr'><strong>aliurn</strong></span> <span class='ocrx_word' id='word_1_335' title='bbox 331 3766 403 3819; x_wconf 85' lang='lat' dir='ltr'><strong>alias</strong></span> <span class='ocrx_word' id='word_1_336' title='bbox 425 3767 544 3820; x_wconf 88' lang='lat' dir='ltr'><strong>colorem</strong></span> <span class='ocrx_word' id='word_1_337' title='bbox 565 3782 583 3819; x_wconf 92' lang='lat' dir='ltr'><strong>a</strong></span> <span class='ocrx_word' id='word_1_338' title='bbox 602 3767 683 3819; x_wconf 92' lang='lat' dir='ltr'><strong>Luna</strong></span> <span class='ocrx_word' id='word_1_339' title='bbox 703 3784 865 3836; x_wconf 89' lang='lat' dir='ltr'><strong>expressum</strong></span> <span class='ocrx_word' id='word_1_340' title='bbox 885 3768 940 3820; x_wconf 92' lang='lat' dir='ltr'><strong>buc</strong></span> <span class='ocrx_word' id='word_1_341' title='bbox 960 3766 1067 3819; x_wconf 78' lang='lat' dir='ltr'><strong>refert?</strong></span> <span class='ocrx_word' id='word_1_342' title='bbox 1110 3762 1196 3832; x_wconf 86' lang='lat' dir='ltr'><strong>Quae</strong></span> <span class='ocrx_word' id='word_1_343' title='bbox 1223 3762 1318 3821; x_wconf 81' lang='lat' dir='ltr'><strong>verba</strong></span> <span class='ocrx_word' id='word_1_344' title='bbox 1341 3760 1409 3821; x_wconf 81' lang='lat' dir='ltr'><strong>ideo</strong></span> <span class='ocrx_word' id='word_1_345' title='bbox 1438 3762 1584 3834; x_wconf 84' lang='lat' dir='ltr'><strong>recensui,</strong></span> 
     </span>
    </p>
   </div>
   <div class='ocr_carea' id='block_1_6' title="bbox 224 3844 1585 5078">
    <p class='ocr_par' dir='ltr' id='par_1_8' title="bbox 224 3844 1585 5000">
     <span class='ocr_line' id='line_1_37' title="bbox 224 3844 1585 3935; baseline -0.006 -19"><span class='ocrx_word' id='word_1_346' title='bbox 224 3856 294 3935; x_wconf 92' lang='lat' dir='ltr'><strong>quia</strong></span> <span class='ocrx_word' id='word_1_347' title='bbox 318 3852 460 3915; x_wconf 87' lang='lat' dir='ltr'><strong>videntur</strong></span> <span class='ocrx_word' id='word_1_348' title='bbox 483 3853 719 3932; x_wconf 89' lang='lat' dir='ltr'><strong>experimentum</strong></span> <span class='ocrx_word' id='word_1_349' title='bbox 743 3855 804 3915; x_wconf 88' lang='lat' dir='ltr'><strong>tale</strong></span> <span class='ocrx_word' id='word_1_350' title='bbox 828 3872 946 3933; x_wconf 89' lang='lat' dir='ltr'><strong>sapere,</strong></span> <span class='ocrx_word' id='word_1_351' title='bbox 972 3852 1060 3931; x_wconf 92' lang='lat' dir='ltr'><strong>quale</strong></span> <span class='ocrx_word' id='word_1_352' title='bbox 1088 3869 1180 3930; x_wconf 89' lang='lat' dir='ltr'><strong>supra</strong></span> <span class='ocrx_word' id='word_1_353' title='bbox 1203 3869 1241 3910; x_wconf 88' lang='lat' dir='ltr'><strong>ex</strong></span> <span class='ocrx_word' id='word_1_354' title='bbox 1273 3868 1350 3909; x_wconf 91' lang='lat' dir='ltr'><strong>anno</strong></span> <span class='ocrx_word' id='word_1_355' title='bbox 1387 3844 1481 3913; x_wconf 79' lang='lat'><strong>1569.</strong></span> <span class='ocrx_word' id='word_1_356' title='bbox 1506 3846 1585 3911; x_wconf 86' lang='lat' dir='ltr'><strong>Cor·</strong></span> 
     </span>
     <span class='ocr_line' id='line_1_38' title="bbox 224 3936 1584 4021; baseline -0.005 -16"><span class='ocrx_word' id='word_1_357' title='bbox 224 3944 320 4006; x_wconf 85' lang='lat' dir='ltr'><strong>nelius</strong></span> <span class='ocrx_word' id='word_1_358' title='bbox 345 3939 475 4003; x_wconf 86' lang='lat' dir='ltr'><strong>Gemma</strong></span> <span class='ocrx_word' id='word_1_359' title='bbox 505 3949 705 4021; x_wconf 89' lang='lat' dir='ltr'><strong>proposuerat</strong></span> <span class='ocrx_word' id='word_1_360' title='bbox 728 3942 764 4002; x_wconf 90' lang='lat' dir='ltr'><strong>de</strong></span> <span class='ocrx_word' id='word_1_361' title='bbox 793 3942 942 4004; x_wconf 91' lang='lat' dir='ltr'><strong>coloribus</strong></span> <span class='ocrx_word' id='word_1_362' title='bbox 973 3940 1058 4002; x_wconf 88' lang='lat' dir='ltr'><strong>iridis</strong></span> <span class='ocrx_word' id='word_1_363' title='bbox 1085 3940 1116 4000; x_wconf 95' lang='lat' dir='ltr'><strong>in</strong></span> <span class='ocrx_word' id='word_1_364' title='bbox 1139 3939 1236 4000; x_wconf 87' lang='lat' dir='ltr'><strong>Luna.</strong></span> <span class='ocrx_word' id='word_1_365' title='bbox 1283 3936 1372 4007; x_wconf 86' lang='lat' dir='ltr'><strong>Quod</strong></span> <span class='ocrx_word' id='word_1_366' title='bbox 1400 3937 1584 3999; x_wconf 89' lang='lat' dir='ltr'><strong>sententiam</strong></span> 
     </span>
     <span class='ocr_line' id='line_1_39' title="bbox 224 4025 1585 4112; baseline -0.005 -18"><span class='ocrx_word' id='word_1_367' title='bbox 224 4032 316 4112; x_wconf 76' lang='lat' dir='ltr'><strong>igitur</strong></span> <span class='ocrx_word' id='word_1_368' title='bbox 337 4031 436 4112; x_wconf 81' lang='lat' dir='ltr'><strong>ipsam</strong></span> <span class='ocrx_word' id='word_1_369' title='bbox 461 4032 572 4091; x_wconf 88' lang='lat' dir='ltr'><strong>attinet</strong></span> <span class='ocrx_word' id='word_1_370' title='bbox 585 4029 752 4103; x_wconf 87' lang='lat' dir='ltr'><strong>Plutarchi,</strong></span> <span class='ocrx_word' id='word_1_371' title='bbox 779 4030 804 4092; x_wconf 88' lang='lat' dir='ltr'><strong>si</strong></span> <span class='ocrx_word' id='word_1_372' title='bbox 828 4031 905 4092; x_wconf 89' lang='lat' dir='ltr'><strong>varii</strong></span> <span class='ocrx_word' id='word_1_373' title='bbox 927 4028 1098 4110; x_wconf 90' lang='lat' dir='ltr'><strong>hujusmodi</strong></span> <span class='ocrx_word' id='word_1_374' title='bbox 1118 4029 1234 4090; x_wconf 91' lang='lat' dir='ltr'><strong>colores</strong></span> <span class='ocrx_word' id='word_1_375' title='bbox 1259 4035 1428 4105; x_wconf 88' lang='lat' dir='ltr'><strong>appareant</strong></span> <span class='ocrx_word' id='word_1_376' title='bbox 1441 4026 1471 4087; x_wconf 93' lang='lat' dir='ltr'><strong>iu</strong></span> <span class='ocrx_word' id='word_1_377' title='bbox 1488 4025 1585 4098; x_wconf 91' lang='lat' dir='ltr'><strong>Luna,</strong></span> 
     </span>
     <span class='ocr_line' id='line_1_40' title="bbox 224 4113 1584 4199; baseline -0.007 -15"><span class='ocrx_word' id='word_1_378' title='bbox 224 4120 351 4184; x_wconf 84' lang='lat' dir='ltr'><strong>dixerim</strong></span> <span class='ocrx_word' id='word_1_379' title='bbox 375 4127 537 4198; x_wconf 89' lang='lat' dir='ltr'><strong>utsupra,</strong></span> <span class='ocrx_word' id='word_1_380' title='bbox 562 4120 719 4199; x_wconf 90' lang='lat' dir='ltr'><strong>provenire</strong></span> <span class='ocrx_word' id='word_1_381' title='bbox 742 4119 812 4179; x_wconf 89' lang='lat' dir='ltr'><strong>illos</strong></span> <span class='ocrx_word' id='word_1_382' title='bbox 835 4139 873 4180; x_wconf 89' lang='lat' dir='ltr'><strong>ex</strong></span> <span class='ocrx_word' id='word_1_383' title='bbox 896 4118 1029 4198; x_wconf 90' lang='lat' dir='ltr'><strong>sphaera</strong></span> <span class='ocrx_word' id='word_1_384' title='bbox 1053 4117 1132 4178; x_wconf 75' lang='lat' dir='ltr'><strong>aeris</strong></span> <span class='ocrx_word' id='word_1_385' title='bbox 1155 4115 1279 4177; x_wconf 91' lang='lat' dir='ltr'><strong>humida</strong></span> <span class='ocrx_word' id='word_1_386' title='bbox 1302 4114 1384 4176; x_wconf 87' lang='lat' dir='ltr'><strong>Solis</strong></span> <span class='ocrx_word' id='word_1_387' title='bbox 1408 4113 1510 4175; x_wconf 90' lang='lat' dir='ltr'><strong>radios</strong></span> <span class='ocrx_word' id='word_1_388' title='bbox 1533 4132 1584 4175; x_wconf 93' lang='lat' dir='ltr'><strong>re-</strong></span> 
     </span>
     <span class='ocr_line' id='line_1_41' title="bbox 224 4202 1584 4290; baseline -0.007 -18"><span class='ocrx_word' id='word_1_389' title='bbox 224 4209 384 4290; x_wconf 77' lang='lat' dir='ltr'><strong>fringente,</strong></span> <span class='ocrx_word' id='word_1_390' title='bbox 409 4207 529 4269; x_wconf 90' lang='lat' dir='ltr'><strong>minime</strong></span> <span class='ocrx_word' id='word_1_391' title='bbox 553 4226 624 4269; x_wconf 89' lang='lat' dir='ltr'><strong>vero</strong></span> <span class='ocrx_word' id='word_1_392' title='bbox 639 4227 677 4269; x_wconf 90' lang='lat' dir='ltr'><strong>ex</strong></span> <span class='ocrx_word' id='word_1_393' title='bbox 692 4226 738 4281; x_wconf 93' lang='lat' dir='ltr'><strong>eo,</strong></span> <span class='ocrx_word' id='word_1_394' title='bbox 761 4209 840 4286; x_wconf 89' lang='lat' dir='ltr'><strong>quod</strong></span> <span class='ocrx_word' id='word_1_395' title='bbox 864 4208 915 4269; x_wconf 91' lang='lat' dir='ltr'><strong>lux</strong></span> <span class='ocrx_word' id='word_1_396' title='bbox 939 4207 1070 4268; x_wconf 89' lang='lat' dir='ltr'><strong>siderum</strong></span> <span class='ocrx_word' id='word_1_397' title='bbox 1089 4206 1118 4267; x_wconf 94' lang='lat' dir='ltr'><strong>in</strong></span> <span class='ocrx_word' id='word_1_398' title='bbox 1142 4205 1217 4285; x_wconf 87' lang='lat' dir='ltr'><strong>ipsis</strong></span> <span class='ocrx_word' id='word_1_399' title='bbox 1241 4204 1415 4281; x_wconf 89' lang='lat' dir='ltr'><strong>corporibus</strong></span> <span class='ocrx_word' id='word_1_400' title='bbox 1435 4220 1489 4282; x_wconf 91' lang='lat' dir='ltr'><strong>per</strong></span> <span class='ocrx_word' id='word_1_401' title='bbox 1508 4202 1584 4263; x_wconf 88' lang='lat' dir='ltr'><strong>banc</strong></span> 
     </span>
     <span class='ocr_line' id='line_1_42' title="bbox 224 4290 1585 4372; baseline -0.007 -12"><span class='ocrx_word' id='word_1_402' title='bbox 224 4300 354 4360; x_wconf 88' lang='lat' dir='ltr'><strong>colorum</strong></span> <span class='ocrx_word' id='word_1_403' title='bbox 387 4296 570 4358; x_wconf 88' lang='lat' dir='ltr'><strong>varietatem</strong></span> <span class='ocrx_word' id='word_1_404' title='bbox 600 4297 676 4358; x_wconf 92' lang='lat' dir='ltr'><strong>adeo</strong></span> <span class='ocrx_word' id='word_1_405' title='bbox 710 4296 866 4358; x_wconf 88' lang='lat' dir='ltr'><strong>evidenter</strong></span> <span class='ocrx_word' id='word_1_406' title='bbox 900 4296 1045 4357; x_wconf 84' lang='lat' dir='ltr'><strong>distincta</strong></span> <span class='ocrx_word' id='word_1_407' title='bbox 1077 4294 1135 4368; x_wconf 89' lang='lat' dir='ltr'><strong>sit,</strong></span> <span class='ocrx_word' id='word_1_408' title='bbox 1170 4293 1345 4372; x_wconf 88' lang='lat' dir='ltr'><strong>Lunamque</strong></span> <span class='ocrx_word' id='word_1_409' title='bbox 1380 4290 1585 4354; x_wconf 90' lang='lat' dir='ltr'><strong>consimilibus</strong></span> 
     </span>
     <span class='ocr_line' id='line_1_43' title="bbox 224 4380 1583 4461; baseline -0.007 -12"><span class='ocrx_word' id='word_1_410' title='bbox 224 4388 339 4449; x_wconf 83' lang='lat' dir='ltr'><strong>imbuat</strong></span> <span class='ocrx_word' id='word_1_411' title='bbox 362 4385 521 4447; x_wconf 89' lang='lat' dir='ltr'><strong>coloribus.</strong></span> <span class='ocrx_word' id='word_1_412' title='bbox 568 4384 622 4448; x_wconf 88' lang='lat' dir='ltr'><strong>Sin</strong></span> <span class='ocrx_word' id='word_1_413' title='bbox 647 4393 747 4447; x_wconf 86' lang='lat' dir='ltr'><strong>autern</strong></span> <span class='ocrx_word' id='word_1_414' title='bbox 772 4386 809 4447; x_wconf 94' lang='lat' dir='ltr'><strong>de</strong></span> <span class='ocrx_word' id='word_1_415' title='bbox 832 4385 898 4447; x_wconf 91' lang='lat' dir='ltr'><strong>solo</strong></span> <span class='ocrx_word' id='word_1_416' title='bbox 921 4385 1099 4446; x_wconf 88' lang='lat' dir='ltr'><strong>tenuissimo</strong></span> <span class='ocrx_word' id='word_1_417' title='bbox 1119 4383 1223 4445; x_wconf 89' lang='lat' dir='ltr'><strong>Lunae</strong></span> <span class='ocrx_word' id='word_1_418' title='bbox 1247 4382 1362 4461; x_wconf 88' lang='lat' dir='ltr'><strong>pallore</strong></span> <span class='ocrx_word' id='word_1_419' title='bbox 1387 4399 1440 4444; x_wconf 92' lang='lat' dir='ltr'><strong>seu</strong></span> <span class='ocrx_word' id='word_1_420' title='bbox 1463 4380 1583 4442; x_wconf 90' lang='lat' dir='ltr'><strong>cinereo</strong></span> 
     </span>
     <span class='ocr_line' id='line_1_44' title="bbox 224 4468 1583 4555; baseline -0.007 -18"><span class='ocrx_word' id='word_1_421' title='bbox 224 4477 323 4537; x_wconf 85' lang='lat' dir='ltr'><strong>colore</strong></span> <span class='ocrx_word' id='word_1_422' title='bbox 347 4474 485 4555; x_wconf 85' lang='lat' dir='ltr'><strong>quaestio</strong></span> <span class='ocrx_word' id='word_1_423' title='bbox 515 4473 575 4547; x_wconf 91' lang='lat' dir='ltr'><strong>sit,</strong></span> <span class='ocrx_word' id='word_1_424' title='bbox 608 4475 687 4536; x_wconf 91' lang='lat' dir='ltr'><strong>unde</strong></span> <span class='ocrx_word' id='word_1_425' title='bbox 710 4474 737 4536; x_wconf 90' lang='lat' dir='ltr'><strong>is</strong></span> <span class='ocrx_word' id='word_1_426' title='bbox 760 4473 790 4536; x_wconf 93' lang='lat' dir='ltr'><strong>in</strong></span> <span class='ocrx_word' id='word_1_427' title='bbox 814 4475 931 4536; x_wconf 90' lang='lat' dir='ltr'><strong>Lunam</strong></span> <span class='ocrx_word' id='word_1_428' title='bbox 961 4473 1120 4554; x_wconf 90' lang='lat' dir='ltr'><strong>perveniat</strong></span> <span class='ocrx_word' id='word_1_429' title='bbox 1144 4479 1238 4533; x_wconf 89' lang='lat' dir='ltr'><strong>etan</strong></span> <span class='ocrx_word' id='word_1_430' title='bbox 1267 4471 1304 4530; x_wconf 91' lang='lat' dir='ltr'><strong>de</strong></span> <span class='ocrx_word' id='word_1_431' title='bbox 1334 4468 1455 4550; x_wconf 91' lang='lat' dir='ltr'><strong>proprio</strong></span> <span class='ocrx_word' id='word_1_432' title='bbox 1479 4469 1583 4531; x_wconf 88' lang='lat' dir='ltr'><strong>Lunae</strong></span> 
     </span>
     <span class='ocr_line' id='line_1_45' title="bbox 224 4557 1585 4643; baseline -0.007 -17"><span class='ocrx_word' id='word_1_433' title='bbox 224 4564 333 4626; x_wconf 80' lang='lat' dir='ltr'><strong>lamine</strong></span> <span class='ocrx_word' id='word_1_434' title='bbox 364 4563 424 4631; x_wconf 89' lang='lat' dir='ltr'><strong>sit,</strong></span> <span class='ocrx_word' id='word_1_435' title='bbox 454 4564 643 4643; x_wconf 87' lang='lat' dir='ltr'><strong>respondebo</strong></span> <span class='ocrx_word' id='word_1_436' title='bbox 674 4582 741 4625; x_wconf 90' lang='lat' dir='ltr'><strong>cum</strong></span> <span class='ocrx_word' id='word_1_437' title='bbox 763 4563 947 4634; x_wconf 90' lang='lat' dir='ltr'><strong>Plutarcho,</strong></span> <span class='ocrx_word' id='word_1_438' title='bbox 983 4564 1060 4624; x_wconf 89' lang='lat' dir='ltr'><strong>hanc</strong></span> <span class='ocrx_word' id='word_1_439' title='bbox 1092 4560 1220 4622; x_wconf 90' lang='lat' dir='ltr'><strong>luculam</strong></span> <span class='ocrx_word' id='word_1_440' title='bbox 1252 4559 1406 4620; x_wconf 89' lang='lat' dir='ltr'><strong>conciliari</strong></span> <span class='ocrx_word' id='word_1_441' title='bbox 1435 4557 1540 4621; x_wconf 87' lang='lat' dir='ltr'><strong>Lunae</strong></span> <span class='ocrx_word' id='word_1_442' title='bbox 1566 4578 1585 4618; x_wconf 92' lang='lat' dir='ltr'><strong>a</strong></span> 
     </span>
     <span class='ocr_line' id='line_1_46' title="bbox 224 4647 1582 4732; baseline -0.005 -18"><span class='ocrx_word' id='word_1_443' title='bbox 224 4652 372 4715; x_wconf 89' lang='lat' dir='ltr'><strong>sideribus</strong></span> <span class='ocrx_word' id='word_1_444' title='bbox 395 4649 498 4714; x_wconf 89' lang='lat' dir='ltr'><strong>Solem</strong></span> <span class='ocrx_word' id='word_1_445' title='bbox 530 4652 793 4714; x_wconf 89' lang='lat' dir='ltr'><strong>circumstantibus</strong></span> <span class='ocrx_word' id='word_1_446' title='bbox 825 4672 878 4713; x_wconf 92' lang='lat' dir='ltr'><strong>seu</strong></span> <span class='ocrx_word' id='word_1_447' title='bbox 912 4650 1051 4732; x_wconf 90' lang='lat' dir='ltr'><strong>quicquid</strong></span> <span class='ocrx_word' id='word_1_448' title='bbox 1085 4649 1166 4712; x_wconf 89' lang='lat' dir='ltr'><strong>aliud</strong></span> <span class='ocrx_word' id='word_1_449' title='bbox 1194 4656 1242 4708; x_wconf 88' lang='lat' dir='ltr'><strong>est</strong></span> <span class='ocrx_word' id='word_1_450' title='bbox 1265 4648 1295 4708; x_wconf 93' lang='lat' dir='ltr'><strong>in</strong></span> <span class='ocrx_word' id='word_1_451' title='bbox 1323 4648 1407 4709; x_wconf 92' lang='lat' dir='ltr'><strong>coelo</strong></span> <span class='ocrx_word' id='word_1_452' title='bbox 1441 4647 1582 4709; x_wconf 90' lang='lat' dir='ltr'><strong>lucidum.</strong></span> 
     </span>
     <span class='ocr_line' id='line_1_47' title="bbox 224 4735 1582 4822; baseline -0.004 -19"><span class='ocrx_word' id='word_1_453' title='bbox 224 4741 257 4803; x_wconf 88' lang='lat' dir='ltr'><strong>ld</strong></span> <span class='ocrx_word' id='word_1_454' title='bbox 280 4742 382 4803; x_wconf 79' lang='lat' dir='ltr'><strong>fecero</strong></span> <span class='ocrx_word' id='word_1_455' title='bbox 406 4758 502 4820; x_wconf 89' lang='lat' dir='ltr'><strong>aequo</strong></span> <span class='ocrx_word' id='word_1_456' title='bbox 526 4741 677 4822; x_wconf 85' lang='lat' dir='ltr'><strong>Tychone,</strong></span> <span class='ocrx_word' id='word_1_457' title='bbox 702 4741 751 4821; x_wconf 93' lang='lat' dir='ltr'><strong>qui</strong></span> <span class='ocrx_word' id='word_1_458' title='bbox 770 4741 866 4801; x_wconf 93' lang='lat' dir='ltr'><strong>solam</strong></span> <span class='ocrx_word' id='word_1_459' title='bbox 881 4741 1032 4802; x_wconf 88' lang='lat' dir='ltr'><strong>Venerem</strong></span> <span class='ocrx_word' id='word_1_460' title='bbox 1047 4758 1139 4819; x_wconf 87' lang='lat' dir='ltr'><strong>supra</strong></span> <span class='ocrx_word' id='word_1_461' title='bbox 1159 4736 1295 4798; x_wconf 83' lang='lat' dir='ltr'><strong>sulficere</strong></span> <span class='ocrx_word' id='word_1_462' title='bbox 1319 4735 1438 4814; x_wconf 89' lang='lat' dir='ltr'><strong>putavit</strong></span> <span class='ocrx_word' id='word_1_463' title='bbox 1461 4737 1582 4816; x_wconf 89' lang='lat' dir='ltr'><strong>(quam-</strong></span> 
     </span>
     <span class='ocr_line' id='line_1_48' title="bbox 224 4823 1585 4909; baseline -0.006 -16"><span class='ocrx_word' id='word_1_464' title='bbox 224 4830 268 4893; x_wconf 83' lang='lat' dir='ltr'><strong>ris</strong></span> <span class='ocrx_word' id='word_1_465' title='bbox 290 4831 391 4893; x_wconf 88' lang='lat' dir='ltr'><strong>miuus</strong></span> <span class='ocrx_word' id='word_1_466' title='bbox 413 4829 618 4903; x_wconf 88' lang='lat' dir='ltr'><strong>considerate)</strong></span> <span class='ocrx_word' id='word_1_467' title='bbox 647 4848 722 4909; x_wconf 87' lang='lat' dir='ltr'><strong>quae</strong></span> <span class='ocrx_word' id='word_1_468' title='bbox 747 4828 850 4890; x_wconf 89' lang='lat' dir='ltr'><strong>Lunae</strong></span> <span class='ocrx_word' id='word_1_469' title='bbox 874 4837 939 4891; x_wconf 87' lang='lat' dir='ltr'><strong>tam</strong></span> <span class='ocrx_word' id='word_1_470' title='bbox 967 4830 1044 4890; x_wconf 79' lang='lat' dir='ltr'><strong>torte</strong></span> <span class='ocrx_word' id='word_1_471' title='bbox 1067 4829 1165 4890; x_wconf 89' lang='lat' dir='ltr'><strong>lumen</strong></span> <span class='ocrx_word' id='word_1_472' title='bbox 1196 4823 1385 4900; x_wconf 89' lang='lat' dir='ltr'><strong>conciliaret,</strong></span> <span class='ocrx_word' id='word_1_473' title='bbox 1414 4832 1507 4886; x_wconf 90' lang='lat' dir='ltr'><strong>uteo</strong></span> <span class='ocrx_word' id='word_1_474' title='bbox 1530 4843 1585 4904; x_wconf 91' lang='lat' dir='ltr'><strong>per</strong></span> 
     </span>
     <span class='ocr_line' id='line_1_49' title="bbox 224 4915 1217 5000; baseline -0.01 -16"><span class='ocrx_word' id='word_1_475' title='bbox 224 4918 391 5000; x_wconf 78' lang='lat' dir='ltr'><strong>oropusculi</strong></span> <span class='ocrx_word' id='word_1_476' title='bbox 413 4917 586 4980; x_wconf 90' lang='lat' dir='ltr'><strong>claritatem</strong></span> <span class='ocrx_word' id='word_1_477' title='bbox 610 4917 750 4979; x_wconf 89' lang='lat' dir='ltr'><strong>eximiam</strong></span> <span class='ocrx_word' id='word_1_478' title='bbox 773 4916 906 4979; x_wconf 89' lang='lat' dir='ltr'><strong>enitatur</strong></span> <span class='ocrx_word' id='word_1_479' title='bbox 930 4937 949 4977; x_wconf 91' lang='lat' dir='ltr'><strong>a</strong></span> <span class='ocrx_word' id='word_1_480' title='bbox 972 4915 1044 4979; x_wconf 89' lang='lat' dir='ltr'><strong>Sole</strong></span> <span class='ocrx_word' id='word_1_481' title='bbox 1069 4917 1217 4996; x_wconf 83' lang='lat' dir='ltr'><strong>digressa.</strong></span> 
     </span>
    </p>

    <p class='ocr_par' dir='ltr' id='par_1_9' title="bbox 310 4999 1583 5078">
     <span class='ocr_line' id='line_1_50' title="bbox 310 4999 1583 5078; baseline -0.007 -8"><span class='ocrx_word' id='word_1_482' title='bbox 310 5006 405 5071; x_wconf 83' lang='lat' dir='ltr'><strong>Nulla</strong></span> <span class='ocrx_word' id='word_1_483' title='bbox 426 5023 487 5068; x_wconf 86' lang='lat' dir='ltr'><strong>nox</strong></span> <span class='ocrx_word' id='word_1_484' title='bbox 507 5014 573 5068; x_wconf 86' lang='lat' dir='ltr'><strong>tarn</strong></span> <span class='ocrx_word' id='word_1_485' title='bbox 596 5013 646 5067; x_wconf 87' lang='lat' dir='ltr'><strong>est</strong></span> <span class='ocrx_word' id='word_1_486' title='bbox 669 5015 753 5078; x_wconf 86' lang='lat' dir='ltr'><strong>atra,</strong></span> <span class='ocrx_word' id='word_1_487' title='bbox 777 5004 804 5067; x_wconf 87' lang='lat' dir='ltr'><strong>si</strong></span> <span class='ocrx_word' id='word_1_488' title='bbox 827 5006 875 5067; x_wconf 85' lang='lat' dir='ltr'><strong>val</strong></span> <span class='ocrx_word' id='word_1_489' title='bbox 894 5005 1097 5069; x_wconf 84' lang='lat' dir='ltr'><strong>&#39;densissimae</strong></span> <span class='ocrx_word' id='word_1_490' title='bbox 1119 5000 1216 5067; x_wconf 89' lang='lat' dir='ltr'><strong>nubes</strong></span> <span class='ocrx_word' id='word_1_491' title='bbox 1240 4999 1354 5061; x_wconf 91' lang='lat' dir='ltr'><strong>coelum</strong></span> <span class='ocrx_word' id='word_1_492' title='bbox 1385 5006 1528 5075; x_wconf 85' lang='lat' dir='ltr'><strong>teneant,</strong></span> <span class='ocrx_word' id='word_1_493' title='bbox 1552 4999 1583 5061; x_wconf 92' lang='lat' dir='ltr'><strong>iu</strong></span> 
     </span>
    </p>
   </div>
   <div class='ocr_carea' id='block_1_7' title="bbox 0 0 1850 5842">
    <p class='ocr_par' dir='ltr' id='par_1_10' title="bbox 0 0 1850 5842">
     <span class='ocr_line' id='line_1_51' title="bbox 0 0 1850 5842; baseline 0 2"><span class='ocrx_word' id='word_1_494' title='bbox 0 0 1850 5842; x_wconf 95' lang='lat' dir='ltr'><strong> </strong></span> 
     </span>
    </p>
   </div>
  </div>
 </body>
</html>
