3692 5842
338 484 405 551 238
812 477 1003 549 Paralipomena
1020 485 1046 535 iu
1063 479 1232 535 Vitellionem.

339 664 476 730 dilueret,
503 680 590 741 quem
614 662 653 723 ad
673 680 758 722 usum
773 661 876 741 procul
892 661 981 722 dubio
1005 668 1118 721 motum
1143 658 1322 722 obtinebunt
1345 677 1413 719 sese
1439 655 1575 731 inflandi,
1595 663 1700 735 turge-

340 750 468 814 faciendi
493 750 522 811 in
548 752 633 811 clara
666 750 731 811 luce
762 760 794 811 et
822 750 1004 811 extenuandi
1032 750 1062 810 in
1090 749 1241 827 maligna,
1269 756 1303 809 ut
1332 766 1418 809 urea.
1464 746 1508 809 nt
1536 745 1702 828 hyperbole

340 841 459 922 quidem
484 840 530 900 rel
557 840 584 899 ei
609 847 739 918 cognata
763 841 858 917 figura
882 848 931 899 est
954 840 982 900 in
998 837 1158 917 posteriori
1181 847 1268 916 parte
1288 836 1467 917 crystallini,
1491 845 1526 897 ut
1548 835 1600 916 qui
1624 834 1703 894 inter

339 929 537 1011 hyperbolum
562 929 701 988 deorsum
727 930 853 988 tendunt
877 928 1011 1005 ejusdem
1036 926 1111 988 recti
1135 927 1200 988 cuni
1225 927 1300 988 radii
1316 933 1536 1004 convergentes
1561 922 1601 985 ad
1624 922 1701 983 idem

339 1013 497 1098 punctum,
530 1017 551 1076 ii
575 1018 615 1078 ad
638 1017 717 1077 idem
741 1018 795 1077 sed
821 1017 941 1077 brevius
966 1018 1083 1076 distans
1106 1024 1246 1094 punctum
1281 1015 1510 1094 colligerentur:
1540 1012 1621 1094 quod
1645 1028 1702 1071 non

342 1107 372 1168 in
397 1106 458 1167 alia
481 1107 576 1183 figura
599 1106 662 1165 fieri
686 1125 776 1184 posse
802 1106 879 1165 iufra
904 1104 1167 1165 demonstrabitur.
1216 1102 1317 1166 Gibba
1347 1123 1418 1165 vero
1448 1112 1497 1164 est
1527 1099 1703 1180 superficies

343 1195 476 1256 anterior
490 1194 669 1273 crystallini,
694 1203 727 1255 ut
750 1213 808 1275 quo
824 1194 971 1273 obliquius
996 1196 1128 1254 foramen
1154 1211 1248 1253 ureae
1263 1193 1403 1271 objicitur
1426 1199 1540 1272 puncto
1560 1187 1703 1258 radianti,

344 1284 400 1345 hoc
424 1282 569 1343 devexius
598 1282 674 1342 llaec
708 1283 881 1361 superficies
913 1301 1029 1343 acono
1060 1282 1181 1343 scaleno
1205 1292 1366 1355 secaretur,
1402 1279 1504 1360 itaque
1528 1287 1704 1341 servaretur

343 1372 514 1451 aequalitas
552 1372 737 1449 interceptae
772 1393 790 1431 a
822 1390 895 1431 cono
935 1371 1130 1452 quantitatis,
1172 1380 1314 1450 quantum
1353 1368 1416 1431 fieri
1451 1378 1574 1447 posset:
1615 1376 1704 1447 utque

345 1460 482 1522 omnibus
507 1460 536 1520 in
561 1479 671 1521 cornea
695 1460 747 1530 (ab
773 1461 877 1521 eodem
901 1469 984 1521 certo
1000 1469 1109 1539 puncto
1126 1460 1328 1531 venientibus)
1352 1459 1491 1519 refractis
1515 1466 1548 1519 et
1571 1458 1603 1518 in
1624 1455 1703 1515 idem

343 1557 485 1629 punctum
510 1557 581 1626 post
604 1549 815 1609 refractionem
839 1549 1032 1610 tendentibus
1056 1547 1343 1627 perpendiculariter
1367 1547 1581 1626 suinceretur:
1614 1545 1704 1623 plane

344 1638 519 1699 circularem
545 1655 597 1697 seu
614 1637 800 1715 sphaericam
820 1658 888 1699 esse
911 1647 1014 1699 statuo
1034 1637 1111 1698 hauc
1127 1637 1306 1698 anteriorem
1324 1634 1489 1717 crystallini
1504 1633 1704 1714 superficiem.

434 1726 520 1787 Urea
548 1734 616 1786 tota
646 1745 713 1787 cum
741 1727 894 1788 ciliaribus
928 1726 1119 1806 processibus
1150 1726 1239 1786 adest
1267 1735 1386 1786 tantum
1418 1724 1458 1799 ad
1485 1723 1704 1786 obscuritatem

344 1815 554 1888 inducendam,
579 1834 615 1874 ne
641 1814 691 1875 lux
717 1816 806 1875 nimia
830 1816 871 1876 sit
884 1817 1022 1877 molesta.
1054 1816 1103 1876 Ad
1120 1814 1249 1893 speciem
1274 1834 1327 1874 seu
1351 1815 1499 1893 picturam
1516 1811 1706 1873 formandam

344 1904 417 1966 nihil
441 1903 570 1976 confert,
593 1922 688 1982 neque
712 1903 738 1964 si
761 1906 921 1977 conferret,
947 1924 1075 1983 unquam
1100 1904 1181 1965 illam
1206 1904 1378 1964 absolveret
1400 1913 1431 1963 et
1445 1903 1615 1981 perliceret,
1640 1918 1706 1961 cnm

345 1994 480 2055 foramen
505 1991 592 2052 nimis
617 1992 658 2052 sit
681 1993 810 2071 amplum
835 2012 889 2071 pro
913 1994 991 2054 oculi
1016 1993 1167 2072 angustia.
1215 1993 1278 2052 lmo
1307 1992 1335 2053 in
1366 1991 1499 2053 tenebris
1527 1989 1705 2051 constitutis

346 2082 493 2143 dilatatur
517 2080 606 2159 triplo
631 2080 728 2141 laxius
753 2101 841 2159 quam
866 2082 895 2143 in
921 2083 985 2143 luce
1010 2081 1105 2156 Solis,
1139 2089 1173 2142 ut
1201 2081 1230 2142 in
1255 2079 1387 2143 tenebris
1417 2080 1535 2160 quidem
1561 2080 1706 2158 majorem

345 2180 463 2251 partem
488 2168 656 2248 superficiei
681 2170 848 2250 crystallini
872 2171 1010 2249 detegat,
1042 2190 1098 2250 quo
1122 2172 1188 2249 plns
1220 2170 1293 2231 lucis
1324 2178 1388 2230 tam
1418 2169 1526 2230 debilis
1556 2186 1612 2247 per
1635 2186 1707 2248 cry·

346 2260 502 2321 stallinum
527 2258 565 2318 ad
590 2258 668 2318 idem
693 2267 836 2336 punctum
867 2260 1025 2320 collectum
1055 2263 1145 2338 (quae
1175 2259 1312 2320 collectio
1344 2259 1381 2319 ad
1411 2258 1489 2319 idem
1521 2267 1665 2337 punctum
1690 2276 1708 2316 a

346 2347 524 2429 crystallino
549 2347 582 2406 fit
605 2346 669 2406 sine
694 2365 750 2423 ope
776 2348 945 2421 foraminis)
970 2368 1090 2409 sensum
1116 2356 1200 2409 tanto
1227 2348 1394 2408 evidentius
1418 2359 1553 2408 moveat:
1587 2347 1616 2405 in
1643 2345 1707 2406 luce

345 2456 418 2498 vero
435 2435 591 2515 angustior
615 2445 672 2508 est,
697 2443 730 2495 ut
754 2436 821 2514 plus
847 2437 920 2496 lucis
945 2437 1096 2510 excludat,
1122 2456 1158 2497 ue
1183 2444 1245 2497 tam
1270 2437 1357 2497 fortis
1381 2437 1432 2497 lux
1455 2455 1578 2498 sensum
1593 2434 1707 2496 laedat.

347 2526 454 2605 ltaque
484 2525 560 2585 situs
592 2523 746 2584 foraminis
775 2525 863 2602 liujus
892 2525 934 2586 ibi
963 2533 1025 2600 est,
1059 2525 1107 2587 ubi
1138 2534 1185 2586 est
1214 2524 1386 2587 intersectio
1416 2525 1585 2596 radiorum,
1613 2541 1709 2584 cansa

347 2614 441 2694 ipsius
470 2613 637 2693 crystallini
662 2612 813 2685 existens3
839 2615 973 2692 quamvis
998 2615 1072 2674 liaeo
1097 2615 1270 2675 intersectio
1294 2635 1351 2676 nou
1376 2615 1431 2674 fiat
1453 2614 1482 2674 in
1506 2621 1629 2692 puncto,
1654 2612 1708 2672 sed

348 2703 378 2766 in
404 2701 609 2781 longissimum
635 2721 740 2762 conum
765 2711 927 2780 spargatur
951 2703 988 2762 ob
1013 2703 1189 2764 circularem
1205 2703 1373 2784 crystallini
1393 2702 1590 2782 superficiem.
1622 2699 1710 2762 Situs

348 2792 441 2871 igitur
465 2790 620 2852 foraminis
644 2791 677 2850 fit
701 2790 783 2851 basis
808 2791 896 2869 liujus
919 2792 1165 2853 intersectionuru
1190 2792 1266 2852 coni.
1297 2792 1375 2853 nam
1400 2792 1477 2852 iuter
1501 2790 1557 2851 hoc
1572 2790 1708 2851 foramen

348 2889 382 2941 et
406 2879 615 2960 crystallinum
639 2879 721 2939 nulla
752 2886 799 2940 est
829 2879 1019 2955 intersectio‚
1045 2882 1124 2941 etsi
1150 2881 1220 2960 quid
1243 2880 1285 2941 ibi
1314 2889 1397 2941 esset
1424 2880 1501 2942 visui
1525 2878 1709 2959 expositum,

347 2968 502 3030 videretur
525 2986 662 3027 eversum
687 2975 719 3027 et
742 2968 906 3028 confusum.
953 2970 1039 3029 Intus
1063 2989 1140 3029 urea
1163 2978 1211 3030 est
1235 2987 1358 3047 aspera,
1392 2988 1429 3031 ue
1459 2969 1535 3030 leris
1564 2969 1591 3029 si
1615 2977 1709 3034 esset,

350 3075 558 3135 repercussum
584 3056 718 3116 efficeret
742 3058 818 3117 radii
843 3077 880 3117 ex
904 3058 1071 3139 crystallini
1103 3059 1257 3137 superficie
1289 3059 1316 3118 in
1342 3079 1374 3118 se
1404 3056 1583 3137 repercussi.
1631 3056 1712 3117 'lota

350 3148 445 3225 nigra,
472 3146 562 3205 etiam
588 3164 646 3223 qua
661 3145 788 3206 retinam
808 3146 1027 3223 complectitur,
1053 3147 1242 3207 substantiae
1257 3147 1460 3208 similitudine.
1484 3147 1711 3208 Nutrimenturu

349 3235 442 3304 enim,
473 3253 529 3314 quo
561 3233 712 3295 anteriora
740 3235 825 3312 nigra
857 3235 919 3295 fieri
950 3236 1095 3309 debuere,
1127 3255 1180 3315 per
1211 3236 1382 3296 clroroidem
1411 3236 1571 3296 transitum
1605 3235 1710 3296 habet.

349 3323 415 3387 nisi
441 3325 517 3384 forte
543 3331 574 3383 et
596 3322 696 3383 retina
718 3323 968 3402 perspicuitatem
992 3325 1104 3385 lrabeat
1128 3325 1260 3403 haecque
1286 3325 1372 3403 nigra
1395 3324 1478 3386 illam
1503 3323 1656 3385 terminet.

439 3412 538 3491 Aquei
562 3412 694 3472 humoris
718 3414 887 3472 necessitas
921 3414 977 3473 fuit
1006 3414 1042 3472 ad
1073 3432 1209 3474 cameras
1240 3413 1407 3491 implendas
1437 3423 1468 3474 et
1497 3414 1713 3475 refractionem

349 3501 377 3563 in
403 3521 512 3563 cornea
537 3501 648 3561 factam
673 3502 916 3572 continuandam,
942 3510 975 3562 ut
998 3521 1056 3561 una
1080 3511 1164 3562 essct
1186 3521 1279 3581 usque
1304 3503 1342 3562 ad
1367 3504 1589 3583 crystallinum.

439 3590 558 3653 Cornea
582 3590 682 3650 tunica
707 3599 737 3650 et
762 3589 827 3668 ipsa
862 3590 1071 3651 videturesse
1097 3591 1286 3667 portiuncula
1309 3592 1508 3671 sphaeroidis,
1540 3601 1573 3651 ut
1602 3589 1653 3670 qui
1684 3589 1713 3649 in

349 3680 529 3742 anteriorem
553 3679 719 3760 crystallini
745 3678 930 3757 superficiem
955 3679 1097 3751 incidunt,
1122 3681 1386 3758 perpendiculares
1411 3681 1449 3740 ad
1465 3698 1553 3740 unrmr
1569 3689 1714 3757 puuctum

349 3770 428 3830 coire
452 3768 580 3847 possint.
614 3769 695 3829 ninii
720 3777 821 3828 tamon
846 3766 971 3845 impedit
995 3777 1027 3828 et
1049 3787 1176 3829 corneae
1196 3771 1364 3848 perfectam
1388 3789 1455 3830 esse
1480 3768 1713 3836 rotunditatem,

350 3866 383 3917 ut
407 3858 484 3918 infra
508 3857 631 3918 dicetur.

440 3996 472 4059 3.
510 3996 797 4060 Dernonstratio
822 4015 961 4070 eorum,
991 4016 1084 4076 quae
1109 3996 1210 4059 circa
1233 4000 1372 4060 modum
1395 3998 1555 4061 visionis
1581 3998 1623 4060 de

795 4086 1019 4167 crystallino
1044 4085 1261 4149 dictasunt.

443 4206 648 4287 Quaecunque
676 4207 736 4268 fere
762 4207 907 4268 hactenus
938 4210 974 4270 de
1004 4210 1179 4290 crystallino
1210 4210 1292 4272 dicta
1320 4220 1403 4286 sunt,
1439 4231 1541 4273 eorum
1574 4213 1716 4293 uulgaria

351 4296 466 4378 passim
499 4305 659 4358 cernuntur
692 4297 899 4374 experimenta
930 4296 958 4357 in
994 4299 1062 4376 pilis
1097 4300 1301 4380 crystallinis,
1334 4300 1421 4379 inque
1452 4302 1540 4362 vitris
1574 4303 1716 4364 urinariis

353 4387 477 4464 limpida
501 4405 579 4463 aqua
603 4384 736 4463 repletis.
775 4385 895 4446 Etenim
920 4386 944 4445 si
971 4388 1036 4465 quis
1061 4407 1125 4448 cum
1152 4389 1319 4467 hujusmodi
1345 4389 1435 4468 globo
1460 4391 1641 4471 crystallino
1666 4391 1714 4451 rel

352 4494 448 4553 aqneo
472 4484 578 4534 contra
601 4474 764 4532 fenestram
789 4474 913 4533 vitream
940 4485 1002 4535 stet
1026 4475 1053 4536 in
1079 4478 1214 4538 conclavi
1239 4477 1355 4556 aliquo,
1382 4479 1586 4559 adhibeatque
1612 4480 1715 4541 albam

353 4581 499 4642 papyrum
518 4570 587 4639 post
606 4561 736 4638 globum,
762 4562 985 4623 semidiametro
1006 4565 1086 4642 globi
1103 4585 1120 4624 a
1136 4566 1270 4644 margine
1290 4566 1371 4644 globi
1397 4577 1551 4641 remotam,
1579 4570 1716 4630 fenestra

352 4652 451 4711 citrea
475 4669 541 4710 curn
566 4649 691 4709 intextis
715 4668 752 4708 ex
776 4648 856 4727 ligno
882 4661 913 4710 et
935 4652 1056 4730 plumbo
1080 4654 1235 4714 canalibus
1264 4653 1409 4716 vitrorum
1440 4656 1548 4717 limbos
1572 4658 1716 4720 obeunti·

355 4738 435 4799 tibus
460 4738 626 4798 clarissime
649 4737 782 4817 pingitur
804 4756 893 4815 super
921 4757 1081 4818 papyrum,
1112 4762 1217 4803 everso
1247 4753 1347 4804 tamen
1372 4744 1443 4806 situ.
1491 4745 1575 4807 ldem
1600 4747 1717 4807 faciunt

355 4845 404 4885 res
436 4835 573 4899 ceterae,
607 4826 633 4885 si
661 4826 751 4903 paulo
783 4826 850 4904 plus
881 4825 1094 4890 obtenebretur
1128 4832 1229 4904 locus;
1263 4833 1339 4892 adeo
1368 4841 1400 4894 ut
1432 4833 1523 4912 globo
1557 4853 1655 4915 nqueo
1687 4836 1716 4896 in

356 4930 505 4973 cameram
529 4932 618 4991 quarn
641 4931 732 4991 supra
752 4913 964 4992 descripsimus
989 4918 1070 4994 (cap.
1088 4919 1127 4992 ll,
1150 4943 1180 5003 p.
1198 4919 1233 4992 7)
1257 4920 1343 4982 illato
1358 4931 1389 4982 et
1413 4922 1593 4984 fenestellae
1618 4941 1717 5003 oppo-

356 4998 435 5072 situ,
469 5019 661 5080 quaecuuque
693 5019 747 5079 per
779 5000 1005 5081 amplitudinem
1040 5008 1216 5071 fenestellae
1247 5029 1300 5069 sou
1335 5010 1489 5073 foraminis
1522 5023 1654 5095 possunt
1676 5013 1716 5072 ad
