3692 5842
668 479 742 534 ,ι
760 478 841 531 sous
856 478 936 532 ιιι
1045 520 1047 524 ,
1174 431 1217 496 ²⁵¹*
1436 476 1502 546 539

138 657 278 710 ιιιιιιιιιι
297 660 388 722 egent,
407 654 499 706 ansus
516 655 643 706 laboratur
660 656 692 707 de
711 662 922 708 excrementorum
940 656 998 707 inde
1025 657 1225 721 consurgentium
1251 663 1337 706 exortu
1356 662 1401 708 aut
1418 671 1504 721 repur-

139 729 255 795 gatione.
282 727 384 777 Interim
403 741 454 778 uon
471 741 543 793 nego,
563 742 682 794 magnam
701 743 755 779 esse
768 729 860 779 Telluri
879 730 1053 793 cognationem
1073 743 1128 778 cum
1147 728 1254 791 planceio
1274 736 1300 778 et
1318 730 1406 778 ceteris
1425 729 1504 793 globis

140 799 293 855 mundania3
319 812 369 847 non
387 797 486 863 quidem
503 804 627 862 quatenus
644 800 689 848 111ι
706 800 843 865 generandi
869 799 1018 850 facultatem
1035 799 1125 859 habet,
1144 799 1188 848 sed
1206 805 1329 862 quatenus
1348 800 1447 863 etipsa
1465 806 1505 849 est

140 871 230 937 globus
247 869 397 926 ιιιιιιιιιι,
417 876 443 919 et
460 870 607 919 facultatem
626 869 903 936 habetmagneticam,
922 885 974 934 qna
990 871 1117 921 mediante
1136 869 1333 920 conformitatem
1352 870 1447 934 adepta
1465 876 1505 921 ιιι

142 957 200 992 cnm
220 940 291 991 coelo
312 954 356 990 sau
373 955 454 990 rerum
472 942 652 999 universitates
671 951 699 991 ut
711 942 915 1006 quemadmodum
935 943 1042 993 incaelo
1060 944 1097 990 ita
1109 948 1135 991 et
1146 943 1172 990 in
1186 940 1289 990 Telluris
1307 942 1388 1007 globo,
1407 950 1507 1005 praeter

140 1013 249 1078 figuram
266 1011 408 1068 retundam,
426 1012 519 1062 similes
537 1026 583 1062 sen
603 1014 702 1078 analogi
720 1016 875 1077 reperiantur
893 1014 992 1062 termini
1012 1013 1129 1071 rituales,
1150 1012 1198 1076 poli
1217 1012 1274 1068 ιιι,
1295 1014 1363 1068 exis.
1383 1020 1504 1072 centrum.

140 1081 288 1141 meridiani.
317 1090 438 1146 sequatur
456 1090 483 1133 et
507 1084 637 1147 paralleli3
666 1098 725 1148 quos
743 1099 800 1133 sere
820 1091 846 1133 et
863 1084 963 1133 realiter
982 1085 1005 1133 ei
1028 1084 1108 1132 inesse
1128 1083 1158 1132 G.
1180 1082 1303 1132 Gilbertns
1332 1084 1460 1147 praeclare
1479 1091 1506 1134 ιι

141 1154 240 1205 ιιιιιιι
268 1152 423 1204 demonstrat
439 1153 465 1203 in
483 1169 528 1204 suo
555 1154 615 1204 libro
634 1154 665 1204 de
683 1155 811 1219 Magnete.
859 1153 971 1203 Similem
996 1169 1054 1218 ergo
1083 1155 1281 1203 conformitatem
1310 1168 1365 1203 cum
1392 1155 1461 1205 coelo
1479 1161 1507 1205 et

141 1225 251 1281 Tellure.
271 1238 302 1274 aa
319 1223 422 1288 proinde
440 1231 557 1275 naturam
575 1226 734 1291 magneticae
753 1226 887 1290 analogum
912 1226 1019 1289 planetis
1039 1239 1134 1289 qnoque
1152 1226 1234 1275 inesse
1253 1227 1316 1275 ratio
1334 1226 1429 1281 dictat.
1449 1240 1505 1276 cum

140 1296 166 1346 hi
186 1310 274 1345 omnes
293 1296 345 1345 sint
361 1295 428 1360 globi
447 1297 565 1347 mundani
584 1312 722 1360 perennes,
747 1305 773 1347 et
791 1304 874 1361 partes
893 1298 968 1345 totins
992 1297 1178 1353 universitatis,
1197 1311 1254 1359 pars
1273 1303 1358 1346 auteur
1376 1299 1507 1361 participet

141 1374 260 1418 naturam
280 1368 365 1416 totius.
400 1367 467 1418 Hinc
486 1369 590 1417 lomsse
608 1367 738 1418 harmonia
755 1368 798 1417 illa
816 1375 897 1416 motus
916 1368 1072 1431 planetarum
1092 1381 1147 1416 cum
1169 1367 1235 1424 Sole,
1253 1374 1283 1416 nt
1301 1369 1505 1431 quemadmodum

140 1438 289 1503 magnetica
307 1451 411 1501 corpora
428 1439 494 1488 inter
511 1453 538 1488 ee
558 1440 715 1501 conspirant,
742 1446 838 1488 utnon
857 1445 1000 1487 tantumse
1019 1438 1291 1501 invicemseqnantnr,
1320 1438 1459 1490 sedetiam
1478 1444 1507 1489 ιι

141 1509 249 1559 alterum
267 1521 323 1557 sese
342 1509 454 1559 ebrertat
473 1510 544 1558 alteri
562 1511 633 1574 eique
655 1524 682 1559 se
700 1510 871 1560 accommodet
898 1510 1033 1559 secundum
1055 1508 1224 1565 directionem,
1242 1511 1416 1566 verticitatem,
1435 1510 1505 1560 incli-

143 1581 275 1630 natieusm
287 1586 314 1628 et
325 1579 418 1630 similes
436 1580 608 1644 dispositiones
626 1582 782 1644 magneticas
794 1587 901 1630 naturae
913 1595 975 1630 snae
993 1581 1177 1636 couvenientes,
1196 1582 1234 1630 ιιι
1246 1580 1364 1643 planetae
1377 1580 1410 1630 ιι
1423 1580 1506 1632 Solem

142 1665 192 1704 ceu
219 1664 306 1716 regem
333 1651 459 1715 globorum
486 1652 630 1715 perennium
658 1666 713 1702 sese
743 1658 890 1701 convertant
910 1658 936 1701 et
961 1652 1150 1702 accommodent
1175 1658 1243 1700 motu
1272 1653 1373 1716 quisque
1401 1654 1506 1715 propriu,

141 1722 262 1786 illumque
281 1722 394 1771 ambiant
413 1729 439 1771 et
457 1724 605 1773 comitentur
622 1723 711 1777 libere.
731 1726 820 1772 virtute
839 1725 914 1772 insita
932 1724 1091 1787 magneticae
1110 1722 1232 1786 analoga,
1254 1723 1326 1772 nullis
1345 1723 1442 1772 orbibus
1462 1730 1507 1773 ιιι

141 1792 248 1844 suenus
277 1793 360 1842 macti.
396 1792 432 1842 Ut
458 1808 508 1842 non
535 1794 568 1842 sit
595 1808 655 1856 epus
683 1795 774 1843 circulo
802 1808 881 1844 aeneo
909 1791 994 1857 (quem
1022 1794 1136 1856 princeps
1154 1793 1262 1842 Hesaiae
1281 1794 1305 1841 in
1330 1792 1507 1856 hypothesibus

142 1863 314 1927 Tyehoulanis
344 1863 502 1913 desiderabat
528 1863 569 1913 lib.
590 1863 609 1913 l.
638 1864 713 1927 Epist.
740 1864 849 1926 Tychou.
878 1864 920 1913 fol.
948 1861 1019 1924 tae.)
1047 1864 1162 1927 planetes
1189 1870 1245 1927 post
1272 1861 1355 1913 Solem
1382 1864 1505 1916 trahente.

141 1933 230 1984 Libuit
249 1936 308 1988 iata.
327 1948 392 2000 quae
410 1950 441 1985 ex
461 1935 490 1983 G.
511 1933 620 1984 Gilberto
637 1935 725 1989 hunsl,
752 1936 793 1986 hic
812 1937 947 1999 attingere,
971 1936 1030 1998 quia
1048 1935 1081 1984 ad
1098 1936 1222 1998 penitiora
1239 1934 1407 1997 philosophiae
1425 1935 1506 1985 coele-

141 2007 219 2056 sa'un
240 2005 321 2068 adyta
338 2008 404 2056 riam
422 2012 558 2056 monstrare
577 2006 635 2056 mihi
658 2007 790 2063 sidentur,
808 2014 837 2055 nt
855 2009 876 2056 si
894 2006 960 2056 idem
978 2007 1022 2056 tibi
1046 2005 1159 2063 ridetur,
1186 2020 1271 2054 sumas
1289 2007 1445 2056 occasionem
1463 2021 1507 2070 pro

140 2078 239 2142 ingenii
259 2078 296 2126 tui
316 2078 439 2137 acumine,
459 2092 507 2141 qno
526 2084 552 2128 te
569 2077 709 2141 praeditum
728 2085 774 2127 ιιι
791 2080 884 2141 scripta
901 2084 1035 2134 testantur,
1055 2077 1086 2126 de
1104 2078 1134 2125 iis
1153 2076 1227 2126 altius
1246 2077 1380 2142 cogitandi.

233 2145 285 2197 Sed
303 2155 331 2198 ut
350 2147 382 2197 ad
401 2147 499 2197 stellam
517 2162 606 2198 noram
624 2149 763 2209 redeamus,
781 2155 848 2198 recte
867 2155 894 2197 tn
912 2148 1015 2198 tandem
1035 2153 1060 2197 et
1078 2149 1118 2211 pie
1137 2161 1240 2197 cansam
1259 2162 1356 2197 omnem
1374 2147 1451 2198 refers
1470 2148 1504 2198 ad

142 2217 244 2268 Deum:
263 2219 290 2268 iu
308 2234 356 2283 qno
374 2218 434 2268 mihi
455 2225 539 2268 tecum
564 2220 687 2269 convenit.
724 2219 791 2270 Nam
810 2234 866 2269 cum
884 2221 909 2268 in
931 2218 1085 2269 naturalibus
1114 2220 1194 2268 causis
1223 2217 1380 2284 assignandis
1398 2232 1445 2267 uec
1464 2218 1509 2268 alii

141 2303 190 2340 nac
208 2290 268 2353 ipss·
281 2290 342 2339 mihi
360 2290 529 2350 utisfamam,
548 2291 576 2339 fit
595 2297 623 2339 ut
641 2291 715 2354 plane
733 2291 842 2348 credam,
867 2291 979 2340 miraculi
997 2290 1054 2354 quid
1071 2289 1112 2339 hio
1137 2291 1297 2339 concurrisse.
1336 2288 1402 2350 Quia
1419 2296 1505 2340 tamen

142 2375 174 2411 aa
191 2359 301 2410 ιιιιιιιιι
319 2361 397 2411 sacris
424 2368 544 2424 apparet,
563 2360 646 2410 Deum
663 2370 718 2426 post
736 2362 862 2412 conditum
888 2363 1007 2412 mundum
1024 2363 1050 2409 in
1068 2361 1193 2410 miraculis
1219 2360 1356 2410 efficiendis
1375 2375 1429 2410 esse
1448 2376 1506 2424 par-

142 2432 277 2491 cissimum,
296 2434 334 2482 ita
352 2439 381 2480 ut
397 2430 539 2496 plerumque
564 2432 683 2483 adhibeat
700 2432 784 2482 media
807 2434 948 2491 naturalia,
977 2440 1097 2497 quantum
1115 2431 1139 2480 ιι
1158 2432 1212 2481 heri
1229 2437 1320 2496 potest,
1343 2432 1398 2480 ideo
1418 2432 1506 2494 probs·

142 2502 218 2553 bilem
235 2502 320 2566 judico
334 2517 418 2553 eornm
436 2504 596 2560 septemium,
616 2505 656 2568 qni
670 2503 774 2553 Stellam
787 2519 836 2553 uon
848 2505 880 2554 ιι
898 2520 961 2554 noso
981 2510 1092 2554 creatam
1106 2518 1135 2552 ex
1153 2503 1237 2559 nihilo,
1257 2502 1301 2552 sed
1314 2517 1343 2551 ex
1356 2503 1396 2551 ιιι
1413 2503 1507 2560 lactea,

143 2574 254 2624 materia
272 2573 370 2623 scilicet
386 2573 579 2637 praeexistente,
598 2574 732 2623 condatem
750 2576 868 2624 tradunt:
897 2584 949 2625 tum
968 2576 1027 2639 quia
1044 2573 1106 2624 haec
1131 2574 1186 2637 ipsa
1210 2579 1298 2636 suapte
1317 2580 1408 2623 natura
1425 2573 1507 2624 lucem

139 2645 288 2708 participat.
308 2650 384 2710 atque
403 2651 465 2707 apta
482 2652 522 2694 est
537 2649 567 2693 ιι
585 2660 629 2708 per
647 2646 865 2696 condennationem
884 2648 910 2697 in
929 2660 1017 2710 corpus
1034 2645 1190 2708 splendidum
1215 2646 1357 2710 redigatur.
1376 2653 1429 2693 tum
1448 2645 1507 2710 quia

141 2722 250 2780 utraque
269 2715 344 2765 stella
361 2729 433 2775 nore,
453 2722 504 2765 tam
523 2715 587 2766 haec
606 2718 728 2766 recentior
746 2731 818 2781 qnam
832 2717 876 2767 illa
894 2720 954 2767 anni
970 2714 1037 2766 1572
1050 2715 1126 2781 (qnae
1144 2717 1241 2779 quidem
1259 2716 1319 2765 mihl
1337 2716 1410 2781 longe
1428 2719 1507 2779 major

141 2795 167 2835 et
185 2785 306 2836 illustrior
323 2801 398 2851 qnam
416 2786 480 2836 baec
497 2787 595 2842 ultima.
615 2794 727 2837 attamen
746 2790 848 2838 sirecte
864 2789 964 2838 memini
982 2790 1063 2837 minus
1081 2788 1216 2837 scintillare
1234 2789 1287 2836 risa
1299 2784 1348 2847 ιιι)
1367 2788 1393 2836 in
1405 2787 1508 2852 galesia

140 2859 217 2907 sitnm
235 2856 332 2907 habuit
359 2856 447 2921 Neque
460 2872 517 2907 ιιιι
529 2858 570 2907 hic
588 2859 746 2910 metuendum
761 2867 807 2917 est,
826 2874 857 2908 ne
870 2874 914 2924 per
927 2860 1073 2909 crebriorem
1091 2857 1230 2922 hujusmodi
1250 2857 1376 2907 stellarum
1395 2864 1506 2907 exortum

141 2936 167 2979 et
186 2928 360 2979 lncemiouem
379 2927 481 2978 ιιιιιιι
499 2928 605 2986 ιιιιιιι,
624 2930 739 2993 quiequid
757 2931 834 2980 habet
846 2930 929 2988 lactis,
949 2930 1064 2980 idtotnm
1083 2929 1179 2993 perdat.
1206 2927 1271 2977 Nam
1290 2930 1393 2992 primum
1405 2929 1507 2979 flamma

140 3014 192 3049 nou
211 2999 434 3064 tetigissemus,
454 3006 482 3049 ut
500 2999 546 3049 ιιι
564 3002 738 3063 conspicuum,
765 3002 829 3066 quod
847 3016 894 3052 sua
911 3009 1004 3051 natura
1021 3002 1076 3050 lnce
1096 3008 1122 3050 et
1139 3000 1268 3065 splendore
1293 2999 1431 3063 praeditum
1450 3006 1506 3057 estc

140 3070 234 3121 deiude
252 3072 384 3120 materiam
401 3071 534 3136 gelasias,
561 3085 626 3135 quae
644 3065 720 3134 jussn'
734 3072 782 3121 Dei
801 3073 967 3122 condensatur
985 3080 1011 3122 et
1028 3074 1053 3119 ιι
1076 3072 1180 3121 formam
1208 3070 1296 3121 stellae
1323 3071 1404 3120 subito
1430 3071 1507 3121 mira·

140 3141 226 3193 unless
246 3141 417 3207 conglobatur,
436 3148 525 3205 postea
541 3142 654 3191 mandati
673 3144 747 3192 ιιιιιι
766 3144 862 3192 vinculo
881 3144 1004 3200 solutam,
1023 3142 1126 3192 liberam
1145 3150 1171 3193 ιι
1189 3150 1294 3191 ιιιιιιι
1313 3156 1375 3192 snae
1393 3141 1507 3192 relictam

140 3211 274 3278 paullatim
294 3213 414 3277 dissipari,
435 3213 546 3262 diffluere
566 3219 592 3262 ιι
610 3221 755 3263 consuetum
774 3215 829 3263 riae
848 3214 947 3263 lacteae
969 3214 1054 3262 sedem
1072 3220 1184 3276 repetere
1203 3213 1331 3262 consimile
1351 3221 1405 3270 est3
1425 3214 1461 3261 ita
1479 3219 1508 3261 ut

140 3281 204 3333 nihil
222 3284 346 3333 materiae
365 3283 415 3333 illic
434 3283 550 3333 decedat.
586 3283 673 3348 Neque
698 3285 771 3335 stella
797 3299 862 3334 nora
879 3285 986 3334 Fabricii
1014 3290 1085 3332 extra
1112 3284 1236 3348 galaxiam
1255 3284 1280 3333 ιι
1300 3280 1349 3331 26⁰
1368 3282 1395 3344 Υ
1414 3292 1440 3333 et
1460 3280 1508 3331 ld’

140 3354 186 3404 lat
208 3363 287 3404 austr.
308 3360 407 3417 reperta
431 3352 498 3403 hanc
526 3357 676 3404 sententiam
704 3356 857 3404 labefactare
884 3362 983 3419 potest,
1012 3354 1131 3417 siquidem
1150 3357 1185 3402 vir
1204 3354 1245 3404 ille
1264 3354 1382 3417 deceptus
1411 3356 1507 3405 ridetur

140 3425 219 3476 atella
232 3423 289 3476 ceu
301 3424 392 3484 XXIV,
411 3439 475 3490 qnae
489 3425 539 3475 illic
558 3427 669 3489 praecise
688 3428 771 3476 sedem
783 3427 868 3483 habet,
888 3434 914 3476 et
929 3425 1055 3487 aBayero
1067 3425 1128 3473 Tab⁴
1143 3425 1254 3475 XXXIV.
1274 3432 1376 3474 notatur
1388 3426 1462 3474 litera
1475 3440 1505 3483 ις

142 3503 186 3547 est
205 3497 275 3548 euim
295 3502 366 3548 setus
385 3495 468 3546 stella.
507 3495 557 3546 Sed
576 3504 641 3557 esto,
670 3498 744 3547 fuerit
762 3512 840 3553 nora.
869 3497 1003 3563 quidinde
1023 3496 1197 3560 consequitur,
1224 3497 1271 3544 uisi
1294 3495 1359 3559 qnod
1383 3498 1508 3560 portiones

140 3565 269 3633 quaedam
289 3567 411 3618 materiae
437 3566 554 3632 galaxiae
581 3568 672 3617 similes
691 3570 767 3619 etiam
790 3574 860 3618 extra
886 3567 1012 3633 galeriam
1041 3565 1215 3630 reperientur?
1242 3581 1306 3629 quae
1325 3573 1410 3616 tamen
1430 3568 1506 3616 visum

142 3637 279 3706 effugiunt,
299 3639 359 3703 qula
376 3651 478 3702 sparsae
491 3646 549 3688 sunt
562 3645 587 3688 et
599 3641 711 3697 rariores,
731 3655 780 3689 non
799 3641 961 3697 continuatae
975 3644 1000 3687 ιι
1013 3640 1085 3701 eopia
1104 3643 1267 3701 exuperantes
1280 3644 1308 3685 nt
1319 3638 1345 3685 in
1356 3639 1398 3686 sia
1415 3638 1506 3687 lactea.

234 3726 341 3791 Spectat
357 3725 395 3776 ιιι
414 3725 572 3792 Brenggerus
591 3741 630 3785 ea.
651 3742 715 3791 quae
733 3727 857 3791 Keplerns
876 3723 950 3777 affert
967 3727 992 3775 in
1011 3725 1060 3776 line
1080 3727 1168 3790 capitis
1186 3725 1263 3775 XXll.
1291 3724 1362 3785 Quae
1380 3725 1507 3775 Fabricius

142 3797 256 3863 Kepiere
282 3797 387 3849 dederat
405 3798 436 3848 de
454 3797 503 3847 hac
522 3812 539 3847 a
555 3813 583 3848 se
602 3800 705 3862 primum
732 3806 822 3849 notata
847 3798 921 3848 stella
947 3797 1059 3847 variabili
1083 3800 1109 3847 in
1135 3797 1323 3848 constellatione
1342 3797 1415 3852 Ceti.
1442 3798 1509 3848 infra

139 3871 261 3937 teguntur
278 3869 305 3920 1ι
322 3869 400 3919 literis
419 3869 526 3919 Fabricii
545 3869 569 3919 d.
589 3869 613 3919 d
634 3867 676 3917 22.
696 3869 771 3919 Mart
794 3866 870 3919 ttoe.
907 3869 937 3919 In
956 3868 1050 3933 Opticis
1069 3867 1106 3932 (p.
1127 3865 1191 3930 278)
1214 3870 1301 3933 paucis
1325 3868 1390 3920 hanc
1408 3868 1508 3919 stellam

142 3941 205 3992 dieis
222 3939 357 4006 ΚιρΙιπιι,
376 3939 455 3990 sicin
474 3939 550 4004 Reep.
571 3941 604 3991 ad
621 3939 774 3998 Roeelinum,
794 3942 816 3999 1,
835 3937 896 3991 504.
914 3965 950 3976 -

232 4009 394 4076 Keplerus
413 4026 436 4061 c.
456 4011 531 4062 finem
551 4009 612 4075 Cap.
625 4011 715 4062 XXIV.
736 4025 818 4077 pauca
829 4012 860 4062 de
873 4011 938 4062 oculi
955 4018 1080 4061 structura
1092 4009 1171 4070 affert¹
1191 4025 1241 4059 non
1253 4010 1327 4073 plane
1346 4007 1508 4062 cohaerentis

142 4097 201 4134 cum
220 4097 248 4134 re
267 4081 300 4133 ab
318 4083 370 4146 ipso
388 4081 439 4133 illic
458 4082 593 4145 disputata,
615 4083 662 4142 „de
675 4083 799 4134 efficiente
817 4085 873 4133 ueri
892 4082 1003 4132 sideris.“
1030 4082 1245 4147 Brenggorus,
1264 4097 1369 4148 pergens
1387 4082 1413 4129 in
1431 4082 1508 4131 literis

144 4153 207 4212 suis,
223 4167 278 4204 ram
296 4153 440 4219 aggreditur
457 4154 580 4204 medicum
599 4166 686 4219 egeus,
706 4162 732 4204 et
749 4157 842 4205 refutat
860 4155 1000 4218 opinionem
1018 4155 1127 4217 Kepleri.
1166 4152 1238 4202 Haec
1257 4161 1365 4216 atquae
1384 4152 1507 4215 Keplerus

142 4223 290 4290 mmndit.
317 4224 435 4290 leguntur
462 4226 624 4276 mentatione
647 4225 679 4276 N.
700 4222 743 4274 ³5.
780 4225 888 4290 Reliqua
911 4226 999 4275 harum
1027 4225 1163 4288 Brenggeri
1190 4224 1329 4282 literarum.
1358 4237 1423 4287 quae
1450 4237 1508 4273 cum

143 4293 246 4347 ιιιιιιιι
263 4310 353 4346 noram
371 4298 397 4345 iu
416 4294 516 4361 Cygno.
537 4303 589 4346 tum
608 4297 796 4362 chronologica,
821 4305 874 4346 tum
893 4295 1008 4360 Opticam
1027 4298 1144 4349 attinent,
1169 4294 1207 4343 his
1226 4295 1381 4356 adjunximus
1399 4295 1506 4356 scriptis.

235 4365 368 4432 Kapleri
394 4382 538 4431 responsum
566 4367 598 4417 ιι
623 4367 668 4417 has
690 4368 827 4433 Brenggeri
854 4368 952 4425 literas,
980 4367 1003 4415 d.
1024 4363 1066 4415 30.
1086 4366 1148 4415 Nor.
1170 4363 1251 4422 1607,
1279 4379 1308 4415 ex
1325 4373 1397 4430 parte
1420 4379 1506 4427 propo-

144 4438 242 4488 suimus
258 4437 285 4487 lu
303 4438 459 4502 praefatione
477 4437 509 4487 ad
529 4435 644 4501 Optieam
662 4452 720 4504 pag.
740 4435 773 4486 ιι
786 4455 819 4488 ιι.
858 4437 930 4499 Quae
947 4437 997 4487 ιιι
1018 4438 1158 4501 pertinent,
1177 4437 1240 4487 haec
1259 4444 1325 4485 sunt.
1362 4435 1507 4485 Praemissis

144 4509 235 4575 paneis
254 4509 288 4559 ad
306 4523 367 4572 opus
386 4523 457 4559 suum
476 4509 507 4559 de
525 4509 607 4560 Marte
626 4511 814 4573 pertinentibus.
833 4511 869 4560 sic
887 4511 983 4573 pergit:

234 4580 333 4653 Nunc,
357 4581 396 4641 ad
419 4580 535 4660 priores
560 4581 664 4642 literas
687 4583 793 4643 venio:
815 4583 975 4662 jucundam
999 4580 1107 4660 quippe
1131 4578 1299 4652 materiam,
1324 4598 1391 4639 cum
1415 4576 1507 4638 solita

144 4669 335 4734 humanitate
358 4677 517 4749 tantopere
542 4688 588 4730 sne
613 4671 759 4732 dilaudes.

236 4757 369 4822 Primum
393 4780 411 4820 a
434 4765 464 4820 te
490 4758 636 4820 dissentio
661 4758 690 4819 in
715 4778 767 4833 ιι,
801 4768 913 4839 quotu
940 4757 1096 4820 adduceris
1127 4764 1161 4818 ιι
1183 4776 1298 4818 mecum
1321 4753 1506 4814 consentias.

146 4847 364 4928 Magnetum
388 4847 467 4909 enirn
490 4847 663 4929 sympathia
693 4867 750 4908 non
779 4848 919 4910 consistit
949 4848 976 4910 in
1005 4848 1061 4909 boc
1088 4864 1198 4925 genere
1228 4864 1334 4906 sensus
1358 4862 1411 4901 scu
1434 4861 1506 4920 per-

145 4935 311 5018 septimis,
341 4955 400 5016 qua
423 4937 518 4997 Terra
545 4937 674 5016 percipit
706 4947 848 5016 aspectus
880 4939 1040 4998 coelestes.
1096 4936 1225 5013 Magnes
1258 4934 1336 4995 errim
1370 4941 1506 4991 movetur

146 5042 317 5108 acorpore
341 5036 465 5107 quanto,
489 5044 543 5087 seu
566 5026 605 5088 ab
628 5026 693 5106 ejus
713 5027 843 5098 effluvio,
869 5026 1007 5088 similiter
1030 5031 1157 5106 quanto:
1182 5024 1276 5086 Terra
1293 5028 1429 5084 movetur
1452 5037 1510 5080 seu
