3692 5842
804 475 886 542 caput
903 477 949 528 m.
968 476 993 528 a.
1519 475 1581 543 tta

312 651 502 719 Producatur
534 655 613 716 enim
636 653 688 717 ES
721 656 815 720 donec
849 662 934 717 secet
959 655 1036 727 DL,
1074 662 1158 718 secet
1189 654 1220 717 iu
1248 655 1274 716 T
1302 664 1334 717 et
1364 662 1581 719 connectantur
1610 678 1614 686 ’

224 753 339 826 puncta
362 746 397 819 T,
423 742 462 819 G,
496 743 593 823 sitque
626 745 710 806 locus
740 745 882 826 imaginis
910 744 939 806 in
965 744 1009 818 T3
1041 745 1230 808 continuetur
1262 745 1354 807 etiam
1384 743 1452 819 GO,
1488 746 1581 808 donec

224 841 309 898 secet
330 833 388 896 DL
410 833 440 895 in
466 833 505 894 V.
551 833 723 912 Ejiciantur
755 834 846 896 etiam
874 853 912 895 ex
939 834 967 894 L
998 843 1101 895 centro
1131 853 1185 913 per
1208 833 1250 907 E,
1277 832 1304 894 G
1337 841 1449 913 puncta
1479 844 1580 897 rectae

224 923 430 1004 sliquousqne,
454 928 564 1001 postea
586 922 645 1002 ipsi
668 922 720 984 TE
744 932 853 1002 agatur
876 924 1041 1002 parallelus
1065 942 1103 984 ex
1125 923 1155 984 D
1178 924 1208 985 in
1224 921 1288 992 LE,
1312 942 1419 985 secans
1444 924 1528 987 illam
1549 923 1579 985 in

224 1012 263 1075 X.
311 1010 363 1074 Sic
387 1012 445 1091 ipsi
468 1008 526 1072 TG
548 1011 713 1090 parallelus
737 1021 846 1091 agatur
869 1031 906 1073 ex
928 1011 967 1086 D,
992 1031 1101 1073 secans
1124 1011 1182 1073 LG
1207 1013 1237 1073 in
1257 1012 1296 1073 Y.
1336 1010 1370 1074 Si
1394 1029 1463 1091 ergo
1484 1013 1510 1073 T
1532 1022 1581 1074 est

224 1101 306 1164 locus
330 1100 480 1180 imaginis,
506 1100 656 1179 oportebit
680 1119 737 1162 non
761 1111 879 1163 tautum
902 1100 988 1162 DET
1011 1102 1152 1180 angulum
1176 1102 1317 1162 bifariam
1341 1102 1437 1163 secari
1461 1102 1500 1164 ab
1522 1100 1581 1162 ΕΚ

224 1199 369 1270 tangente
393 1190 535 1252 circulum
559 1189 588 1250 in
612 1189 649 1263 E,
673 1191 727 1251 sed
752 1192 842 1252 etiam
867 1190 948 1251 idern
971 1190 1034 1253 fieri
1058 1190 1115 1269 ipsi
1139 1188 1228 1251 DGT
1250 1208 1304 1269 per
1319 1187 1380 1252 GV
1404 1199 1579 1270 tangentem

224 1279 365 1343 cuculum
389 1280 419 1340 in
443 1276 481 1352 G,
507 1299 542 1340 eo
568 1280 646 1358 quod
668 1290 793 1358 uterque
818 1288 848 1341 et
862 1279 950 1340 DEK
969 1288 1000 1341 et
1014 1279 1099 1340 KET
1124 1279 1258 1358 aequalis
1283 1289 1332 1341 est
1355 1281 1463 1359 angulo
1484 1277 1577 1354 CEO,

224 1369 296 1430 item
319 1377 445 1449 uterque
468 1377 500 1429 et
522 1367 613 1429 DGV
630 1377 661 1429 et
676 1367 765 1429 VGT
788 1368 923 1449 aequalis
948 1369 996 1430 uni
1020 1369 1110 1429 tertio
1131 1364 1234 1430 HGA.
1274 1366 1349 1430 Cum
1372 1369 1464 1447 igitur
1480 1368 1578 1440 XEX,

225 1458 308 1520 KEL
339 1458 403 1520 sint
434 1457 525 1518 etiam
558 1458 719 1535 aequales,
753 1458 867 1518 ablatis
895 1458 1070 1537 aequalibus
1103 1466 1192 1521 erunt
1223 1457 1334 1519 residui
1364 1457 1580 1531 XED,'TEL

224 1547 377 1626 aequales.
425 1545 488 1608 Sed
511 1547 653 1625 aequales
672 1547 763 1619 TEL,
783 1546 880 1620 DXE,
906 1547 976 1626 quia
990 1546 1059 1621 DX,
1081 1545 1132 1607 ΤΕ
1156 1546 1315 1624 paralleli:
1340 1565 1410 1625 ergo
1435 1547 1578 1626 aequales

224 1635 322 1710 DXE,
347 1634 450 1708 DEX,
482 1654 573 1716 quare
604 1643 635 1696 et
664 1635 733 1709 DX,
758 1635 823 1708 DE,
855 1635 1030 1715 aequalibus
1063 1636 1205 1716 oppositi.
1254 1637 1286 1697 In
1311 1635 1473 1715 triangulis
1506 1654 1578 1715 ergo

224 1724 312 1786 DLX
334 1734 367 1785 et
390 1724 470 1785 TLE
503 1724 600 1786 latera
625 1724 675 1797 (E.
702 1725 758 1795 Vl,
781 1723 817 1799 4)
842 1735 913 1786 sunt
943 1725 1191 1804 proportionalia.
1239 1725 1340 1795 Quare
1370 1734 1403 1787 ut
1426 1725 1494 1799 DX,
1519 1724 1577 1785 hoc

224 1825 270 1876 est
291 1812 349 1874 DE
373 1813 413 1874 ad
436 1813 498 1887 ET,
523 1812 567 1874 sic
589 1813 646 1874 DL
670 1814 709 1873 ad
732 1815 795 1875 LT.
842 1815 886 1875 At
902 1815 961 1887 ,(Ε.
986 1814 1042 1887 Vl,
1067 1811 1102 1887 3)
1131 1824 1180 1876 est
1211 1816 1302 1875 etiam
1325 1823 1360 1876 ut
1380 1813 1437 1876 DE
1463 1814 1501 1875 ad
1524 1812 1579 1874 ET

224 1904 265 1966 sic
287 1902 351 1969 ΒΚ
374 1902 414 1963 ad
437 1903 506 1976 ΚΤ,
536 1921 607 1980 ergo
632 1911 665 1963 ut
687 1903 744 1963 DL
772 1903 810 1963 ad
836 1903 902 1976 LT,
927 1904 970 1965 sic
993 1903 1052 1963 ΒΚ
1077 1903 1115 1963 ad
1138 1902 1205 1964 ΚΤ.
1251 1903 1364 1964 Eodem
1390 1921 1460 1964 vero
1484 1911 1576 1981 pacto

224 1992 488 2064 demonstrabitur,
514 1990 603 2053 YDG
628 1991 845 2071 aequicrurum,
870 2001 901 2053 et
924 2001 958 2053 ut
980 1991 1049 2066 DY,
1074 1992 1129 2052 hoc
1154 2000 1202 2053 est
1224 1989 1285 2053 DG
1309 1992 1348 2053 ad
1374 1991 1431 2053 GT
1454 1992 1498 2053 sic
1518 1991 1575 2053 DL

224 2081 260 2143 ad
283 2081 350 2143 LT.
396 2081 439 2142 Et
461 2080 531 2160 quia
554 2101 592 2142 ex
614 2080 773 2161 hypothesi
796 2080 903 2154 DGV,
929 2078 1018 2141 VGT
1042 2080 1198 2159 aequales,
1225 2081 1283 2143 erit
1305 2089 1340 2141 ut
1362 2077 1423 2141 DG
1446 2080 1485 2141 ad
1511 2078 1576 2155 GT,

224 2171 266 2232 sic
289 2170 351 2231 DV
375 2171 414 2231 ad
440 2170 503 2231 VT.
550 2170 633 2249 Ergo
666 2179 699 2231 ut
721 2170 780 2232 DL
806 2170 844 2231 ad
874 2171 930 2231 LT
969 2169 1011 2230 sic
1035 2170 1095 2231 DV
1128 2169 1166 2230 ad
1191 2170 1256 2231 VT.
1303 2169 1390 2231 Prius
1421 2178 1519 2231 autem
1545 2177 1579 2230 ut

224 2259 277 2322 DL
301 2258 342 2320 ad
360 2259 423 2332 LT,
449 2259 492 2320 sic
510 2259 569 2319 DK
593 2260 631 2319 ad
649 2260 715 2333 ΚΤ,
741 2278 811 2339 ergo
836 2268 868 2321 ut
886 2260 948 2321 ΒΚ
971 2259 1009 2320 ad
1024 2259 1080 2318 ΚΤ
1103 2258 1146 2319 sic
1161 2259 1230 2332 DV,
1253 2258 1310 2319 VT
1329 2268 1361 2321 et
1382 2258 1577 2338 permutatim

224 2359 256 2412 ut
277 2348 339 2410 ΒΚ
362 2348 458 2426 major
482 2349 518 2409 ad
543 2349 602 2409 DV
625 2348 776 2422 minorem,
803 2348 844 2410 sic
866 2350 923 2410 ΚΤ
947 2349 1042 2409 minor
1066 2348 1104 2408 ad
1125 2348 1182 2409 VT
1205 2348 1359 2427 maj0rem,
1385 2349 1462 2428 quod
1485 2349 1577 2427 plane

225 2445 270 2501 at
299 2437 499 2498 absurdum„
522 2438 645 2498 Falsum
674 2447 722 2499 est
755 2438 872 2517 itaque,
907 2438 985 2517 quod
1012 2436 1178 2517 pyramidis
1207 2437 1337 2500 visoriae
1362 2435 1458 2510 csfl,
1492 2437 1577 2516 cujus

226 2527 305 2588 basis
332 2524 389 2587 CH
414 2527 442 2586 iu
467 2527 541 2600 visu,
567 2536 672 2587 vertex
696 2525 729 2599 S,
754 2528 848 2587 sitin
873 2527 1111 2606 perpendiculari
1127 2527 1182 2587 DL
1207 2535 1260 2588 aut
1283 2546 1376 2606 usque
1400 2527 1439 2588 ad
1458 2527 1483 2587 T
1505 2545 1577 2606 per-

224 2616 333 2695 tingat,
360 2616 439 2694 quod
463 2616 542 2693 prius
566 2634 760 2695 posueramus
784 2626 876 2677 etex
901 2634 958 2696 quo
983 2616 1038 2677 hoc
1061 2617 1222 2677 absurdum
1246 2616 1304 2677 fuit
1326 2626 1472 2677 secutum.
1510 2616 1576 2676 Hoc

224 2707 323 2787 itaque
340 2704 377 2765 de
402 2705 537 2765 omnibus
561 2705 804 2767 inclinationibus
828 2725 929 2767 verum
945 2712 1001 2779 est,
1026 2724 1101 2784 quae
1117 2714 1187 2766 sunt
1202 2706 1279 2766 inter
1302 2704 1576 2785 perpendicularem

224 2804 251 2856 et
283 2793 511 2855 lrorizontalem.
568 2794 613 2855 At
644 2795 902 2874 perpendicularis
935 2794 1003 2874 ipsa
1034 2794 1163 2855 radiatio
1197 2794 1235 2855 ad
1269 2795 1367 2856 visum
1400 2812 1577 2874 repercussa

224 2892 323 2946 movet
356 2883 448 2956 illum,
475 2894 508 2944 ut
530 2892 615 2962 putet
648 2884 807 2963 imaginem
839 2904 907 2945 esse
932 2884 960 2945 iu
993 2883 1245 2963 perpendiculari,
1279 2883 1474 2945 horizontalis
1506 2901 1577 2944 vero

224 2973 385 3052 imaginem
409 2993 428 3031 a
451 2972 690 3052 perpendiculari
704 2972 761 3034 DL
784 2975 880 3052 magis
905 2973 1059 3053 magisque
1084 2972 1225 3034 admovet
1246 2973 1366 3052 punctis
1381 2974 1417 3045 E,
1434 2971 1473 3048 G,
1499 2974 1577 3035 adeo

224 3073 252 3126 rt
275 3063 366 3123 detur
390 3061 480 3130 situs,
505 3061 554 3121 ubi
579 3081 616 3122 ex
639 3061 772 3124 inferiori
796 3064 880 3124 oculo
909 3064 989 3123 linea
1011 3061 1073 3124 IlG
1101 3080 1154 3141 per
1179 3059 1208 3122 G
1235 3071 1378 3142 puuctum
1405 3061 1576 3125 reflexionis

224 3151 400 3214 continuata
422 3151 503 3230 prius
517 3151 635 3213 iterum
658 3160 742 3213 secet
765 3151 1037 3214 circumferentiam
1063 3149 1128 3225 GE,
1155 3170 1243 3231 quam
1266 3171 1334 3213 cum
1357 3153 1436 3214 linea
1461 3150 1514 3214 ΟΕ
1538 3152 1576 3212 ab

224 3242 318 3304 utero
344 3240 430 3301 oculo
454 3240 493 3300 ad
517 3239 643 3301 alterum
667 3240 837 3302 reflexionis
861 3251 1003 3321 puuctum
1027 3241 1118 3303 ducta
1141 3249 1308 3303 concurrat.

309 3328 359 3390 Ειι
382 3328 428 3389 his
453 3329 543 3408 igitur
571 3339 711 3409 apparet,
746 3348 803 3390 unu
828 3350 896 3392 esse
929 3330 1141 3392 universaliter
1163 3349 1276 3406 verum,
1311 3330 1406 3392 locum
1436 3328 1576 3409 imaginis

224 3439 289 3483 esse
314 3420 347 3479 in
371 3418 627 3498 perpendiculari,
661 3420 719 3481 uisi
743 3419 872 3482 ethaeo
905 3420 1045 3481 limitatio
1078 3420 1222 3492 accedat,
1258 3429 1291 3482 ut
1320 3419 1403 3481 visus
1435 3427 1576 3498 respectu

224 3507 337 3590 speculi
361 3508 523 3569 collocetur
547 3509 600 3578 ita,
624 3519 657 3569 ut
681 3517 789 3570 natura
812 3517 972 3571 monstrat.

312 3597 350 3658 In
374 3597 514 3659 concavis
538 3596 617 3659 idem
641 3598 864 3660 demonstratur
878 3599 908 3660 iu
932 3599 1123 3661 contrarium.
1161 3598 1240 3659 liam
1261 3597 1476 3659 contrariorum
1497 3595 1573 3658 idem

224 3696 269 3751 eat
287 3686 445 3766 judicium,
471 3687 581 3748 ceteris
604 3687 738 3766 paribus.

309 3776 371 3837 Est
394 3786 511 3848 autem,
541 3787 575 3838 ut
597 3776 653 3837 hcc
677 3778 769 3838 etiam
799 3776 921 3851 addam,
958 3776 1095 3857 quicquid
1127 3776 1216 3855 hujus
1248 3773 1335 3837 unico
1359 3775 1445 3837 oculo
1477 3773 1576 3838 notari

224 3875 341 3946 potest,
376 3876 431 3926 aut
453 3866 641 3940 insensibile,
675 3885 741 3928 cum
765 3886 852 3928 arcus
875 3865 978 3928 circuli
1010 3884 1237 3945 repercussuum
1267 3864 1407 3943 angulum
1433 3863 1576 3927 visorium

224 3956 345 4018 varians
369 3974 488 4035 semper
503 3955 544 4016 sit
566 3956 661 4017 minor
677 3956 743 4035 ipsa
764 3954 880 4035 pupilla
902 3956 981 4017 oculi
1004 3955 1130 4035 ideoque
1150 3963 1181 4016 et
1204 3973 1398 4034 repercussos
1421 3954 1575 4035 utriusque

224 4063 365 4126 perquam
390 4045 489 4106 tenuis
513 4045 700 4107 differentia:
726 4055 779 4107 aut
802 4046 829 4106 si
854 4044 915 4105 biui
939 4044 1017 4106 oouli
1047 4045 1169 4123 speculo
1194 4052 1313 4106 tantum
1336 4044 1576 4124 appropinquent

224 4147 398 4215 tantumque
423 4134 613 4208 inclinentur,
650 4147 826 4213 utmagnus
850 4133 958 4212 aliquis
982 4153 1070 4197 arcus
1093 4134 1172 4195 iuter
1204 4145 1317 4213 puncta
1348 4151 1575 4212 repercussuum

224 4223 413 4303 interjaceat,
439 4224 520 4285 visus
544 4224 705 4303 impeditur
719 4233 753 4285 ut
776 4224 859 4302 prius
883 4222 1006 4299 dictum,
1031 4232 1063 4285 et
1087 4222 1216 4284 laeditur
1235 4221 1272 4284 ob
1297 4222 1450 4284 turbatam
1474 4222 1574 4285 axium

224 4314 376 4393 utriusque
401 4312 479 4374 oculi
503 4323 534 4374 et
558 4313 818 4391 coangustationis
843 4312 999 4374 foraminis
1022 4332 1116 4374 uveao
1140 4312 1374 4392 proportionem.

308 4402 481 4481 Propositio
505 4401 594 4463 XIX.
631 4403 906 4464 Demonstrandum
925 4401 991 4481 jam
1012 4409 1060 4464 est
1079 4402 1158 4463 idem
1178 4402 1269 4463 etiam
1290 4400 1320 4462 in
1345 4399 1575 4463 refractionibus

224 4493 293 4564 teri,
317 4493 396 4573 quod
422 4493 539 4572 quidem
564 4493 750 4572 experientia
772 4491 1018 4553 manifestissime
1036 4500 1177 4565 testatur,
1203 4500 1237 4551 ut
1260 4490 1405 4552 ambobus
1429 4490 1524 4552 oculis
1545 4489 1574 4551 in

224 4582 327 4646 eadem
360 4582 551 4643 refractionis
575 4582 728 4661 superficie
761 4579 951 4643 versantibus
980 4590 1012 4642 et
1043 4581 1132 4642 valde
1156 4599 1194 4641 ex
1226 4579 1345 4659 obliquo
1379 4577 1572 4653 intuentibus,

224 4671 320 4752 imago
336 4690 353 4731 o
368 4671 607 4750 perpendiculari
627 4671 755 4732 excedat
773 4681 805 4732 et
823 4670 917 4733 oculis
942 4669 1180 4750 appropinquet:
1205 4668 1352 4749 siquidem
1372 4678 1406 4730 et
1424 4669 1575 4732 oculorum

224 4760 417 4824 interstitium
432 4770 483 4821 sat
504 4761 668 4841 propinque
692 4761 896 4832 admoveatur,
922 4759 1014 4822 itaut
1032 4760 1111 4821 iuter
1134 4758 1330 4820 refractiores
1354 4758 1392 4819 ad
1418 4768 1573 4839 utrumque

224 4851 339 4914 oculum
362 4850 516 4912 sensibilis
539 4849 710 4912 differentia
732 4849 911 4911 intercedat.

309 4938 461 5002 Circulnm
482 4938 598 5001 EDAB
621 4945 706 5001 secet
728 4946 813 5000 recta
835 4939 891 5000 AB
915 4938 945 4999 in
974 4936 1093 5018 punctis
1114 4936 1155 5009 A,
1177 4935 1215 5012 B,
1240 4954 1315 5018 quae
1340 4943 1485 4998 connecte
1507 4953 1575 4998 cum

224 5031 249 5094 D
277 5036 310 5092 et
332 5028 374 5105 Ε,
412 5028 634 5110 quibuscunque
670 5027 927 5092 circumferentiae
963 5027 1084 5109 punctis
1114 5045 1152 5088 ex
1185 5043 1242 5094 uuo
1274 5026 1372 5090 labere
1407 5025 1573 5090 stantibus.
