3692 5842
240 455 281 523 14
653 450 755 499 Literae
773 447 876 511 Keplsri
894 448 1046 513 olimque
1064 455 1167 497 mutuae

239 640 354 715 logum,
388 642 485 705 pergit,
521 628 610 689 niodo
643 626 796 697 desidero,
835 627 899 686 scio
923 626 1106 688 laboriosnm
1139 648 1207 689 esse
1235 631 1406 695 describere
1435 624 1590 689 1111111111

240 726 307 803 Ego
332 724 358 783 si
382 721 514 781 vicissim
538 719 626 779 Huni.
652 715 734 774 Tuae
754 716 782 773 in
807 733 981 792 quacunque
1003 736 1035 776 re
1063 717 1226 793 gratificari
1248 731 1367 797 potero,
1393 724 1523 784 libenter
1545 724 1590 784 fa·

240 815 329 875 ciam.
377 810 419 872 Et
442 826 532 887 spero
557 808 620 867 lore
643 804 690 863 hic
715 804 872 874 nonnulla,
895 822 973 881 qnae
998 804 1150 864 desideres
1175 806 1321 885 inspicere
1345 821 1377 871 et
1401 831 1589 890 cognoscere.

239 902 375 964 Obsecro
401 907 503 959 autem
526 914 580 974 per
603 904 724 954 nostras
748 900 845 964 artes,
870 911 907 951 ne
929 892 974 952 ita
996 894 1087 971 plane
1111 894 1333 959 obmutescas.“

330 1004 397 1054 Nihil
417 1008 500 1052 autem
519 996 817 1063 responditllaestlinus,
836 1011 883 1060 quc
902 1004 982 1045 motus
1001 998 1099 1048 silentio
1112 999 1234 1062 Keplerur
1247 1016 1341 1067 quoque
1360 1004 1497 1061 obmutuit,
1516 1004 1589 1054 doust

241 1092 307 1128 auuo
328 1073 398 1124 1001
417 1073 576 1138 sequentibus
594 1070 671 1119 literis
691 1068 830 1117 absolutam
848 1068 922 1117 refert
941 1068 1070 1132 Opu'cam:

667 1226 802 1287 Salutem
826 1235 858 1286 et
882 1227 1020 1288 foelicem
1044 1248 1163 1307 annurp.

329 1355 506 1419 Clarissime
522 1353 592 1425 Vir,
617 1352 800 1430 Praeceptor
823 1352 957 1411 colende.
1004 1352 1085 1424 Etsi,
1111 1354 1202 1416 toties
1221 1356 1285 1434 janr
1301 1357 1452 1437 repulsam
1475 1375 1590 1436 passus,

241 1472 260 1511 a
283 1447 423 1528 petendis
447 1438 502 1505 abs
520 1442 565 1502 lt.
590 1440 655 1500 Tua
679 1440 775 1500 literis
800 1439 1010 1500 abstinendum
1044 1461 1111 1501 esse
1140 1446 1259 1522 putari.
1295 1455 1381 1525 urget
1413 1464 1460 1507 me
1494 1457 1590 1507 tameo

242 1535 411 1599 necessitas
435 1530 639 1593 astronomica
662 1529 701 1588 ad
717 1530 896 1607 repetendos
910 1540 1037 1589 conatus
1062 1531 1139 1590 illos.
1173 1535 1304 1596 Accedit
1318 1536 1457 1595 voluutas
1471 1533 1590 1613 Magni.

240 1627 290 1687 fici
313 1623 371 1685 viri
393 1621 521 1683 loannis
544 1617 697 1688 Barwitii,
722 1616 812 1677 Caes.
838 1618 904 1676 Mus
932 1619 1089 1679 secretarii
1113 1619 1222 1694 intimi,
1254 1624 1338 1701 cujus
1362 1641 1511 1683 consensu
1533 1622 1588 1683 ista

240 1714 349 1776 scribo.
396 1710 472 1771 Peto
498 1716 598 1768 autem
622 1706 677 1766 abs
701 1706 789 1768 Eum.
815 1706 880 1766 Tua
903 1706 1048 1783 majorem
1070 1707 1101 1768 iu
1125 1710 1258 1786 modum,
1292 1722 1325 1772 ut
1353 1712 1391 1771 ad
1420 1729 1467 1771 me
1492 1718 1590 1772 trans·

240 1804 346 1865 mittas
370 1807 558 1879 quotcunque
582 1794 728 1873 partiales
744 1792 879 1855 desectus
894 1794 998 1855 Lunae
1021 1797 1216 1876 consignatos
1241 1800 1344 1861 habes.
1378 1800 1457 1860 Nam
1481 1799 1509 1860 si
1527 1798 1591 1878 plu·

241 1912 290 1953 res
314 1890 393 1951 idem
417 1908 450 1947 so
474 1885 587 1946 vidisse
610 1882 774 1946 aestiment
797 1882 872 1954 (scis
897 1894 998 1944 autern
1013 1886 1224 1947 aestimatione
1244 1908 1308 1949 rem
1321 1889 1458 1966 peragi),
1483 1887 1592 1949 certio·

241 1999 290 2043 res
313 1978 466 2040 reddimur
488 1976 525 2035 de
549 1973 719 2052 quantitate
743 1973 890 2033 deiectus.
929 1972 1016 2050 Rogo
1032 1974 1123 2035 etiam
1147 1977 1273 2049 totales,
1299 1977 1455 2057 inquibus
1478 1976 1593 2037 duratio

241 2077 327 2131 certa
349 2076 407 2129 est.
453 2064 534 2126 Nam
557 2062 611 2122 tibi
637 2062 673 2120 de
697 2061 799 2133 initio,
834 2062 909 2135 tine,
943 2060 1111 2139 ingressus,
1146 2083 1286 2142 egressos
1317 2064 1453 2126 articulis
1477 2064 1594 2126 credam

241 2157 354 2237 magis,
381 2173 468 2235 quam
493 2151 631 2214 lusciosis
655 2150 818 2230 aliquibus,
854 2169 977 2228 quorum
993 2169 1009 2210 e
1025 2171 1147 2213 numero
1171 2154 1236 2232 ipse
1260 2175 1336 2215 sum.
1371 2153 1496 2215 lnrenio
1520 2153 1593 2215 euim

241 2246 408 2325 negotium,
433 2241 624 2303 altitudinem
649 2238 730 2300 Solis
755 2258 792 2298 ex
814 2238 985 2317 quantitate
1008 2239 1146 2301 delectus
1170 2245 1340 2316 extruendi,
1368 2241 1544 2321 perplexius
1566 2249 1596 2304 et

240 2333 450 2415 periculosius,
483 2347 572 2408 quarn
605 2327 755 2405 hucusque
783 2346 837 2405 per
865 2327 942 2387 hauc
975 2330 1169 2389 securitatem
1203 2340 1234 2391 et
1266 2329 1435 2393 Ptolemaei
1458 2330 1594 2392 fldueiaur

241 2422 436 2492 credidimus,
471 2419 547 2478 adeo
576 2415 661 2476 utin
686 2416 856 2476 Lunaribus
880 2415 1030 2497 'lyclronis
1060 2420 1151 2497 (qnae
1175 2420 1296 2497 quidam
1319 2419 1515 2481 Christianus
1539 2418 1595 2481 Se·

241 2510 353 2584 verini,
386 2509 506 2582 Danas,
540 2506 682 2587 Tychone
715 2504 890 2565 domesticis
919 2504 999 2566 curis
1023 2506 1185 2581 distracto,
1215 2508 1422 2579 concinnavit)
1447 2508 1525 2570 ratio
1549 2507 1596 2569 di-

241 2600 427 2662 mensionum
450 2596 541 2675 plaue
556 2595 713 2655 destructa
736 2593 791 2665 sit,
818 2593 921 2654 umbra
936 2594 1089 2655 obtusiore
1104 2596 1270 2671 existente,
1297 2617 1384 2677 qnam
1400 2606 1450 2658 est
1472 2598 1597 2675 angulus

241 2709 300 2769 qno
323 2687 378 2749 Sol
401 2692 573 2765 spectatur,
607 2682 685 2763 quod
710 2682 869 2741 maniteste
894 2681 1002 2742 falsum
1026 2692 1084 2744 est.
1132 2685 1187 2745 llis
1220 2686 1379 2748 decausis
1399 2686 1463 2764 jam
1488 2685 1518 2745 in
1541 2703 1596 2765 po-

242 2786 355 2839 sterum
382 2775 449 2836 Deo
477 2780 627 2833 aunuente
660 2789 761 2831 curant
795 2772 871 2829 lianc
902 2770 1056 2848 eclipsium
1090 2791 1251 2848 resrnnam,
1286 2794 1409 2853 eumque
1443 2774 1482 2835 ad
1512 2775 1597 2836 tinem

241 2864 487 2944 consignationes
511 2860 580 2922 illas
604 2869 668 2920 ate
693 2870 774 2937 peto.
808 2857 896 2928 Quod
921 2860 947 2920 si
972 2858 1181 2939 impetravero,
1199 2864 1367 2924 memineris
1382 2882 1418 2924 eo
1442 2863 1508 2924 loco
1531 2881 1597 2926 esse

241 2954 281 3017 D.
297 2951 486 3022 Barnitinm,
511 2949 560 3028 qui
576 2946 702 3011 Caesari
727 2959 809 3008 tuam
831 2948 1010 3009 industriam
1033 2953 1243 3012 commendare
1268 2963 1300 3012 et
1321 2953 1597 3029 compensationem

241 3042 404 3122 impetrare
428 3046 543 3118 posset.
590 3037 699 3116 injecit
731 3037 927 3108 mentionem,
963 3058 1000 3098 an
1031 3058 1085 3117 per
1119 3040 1285 3119 Principem
1314 3039 1598 3119 wirtembergicum

243 3129 389 3193 Caesaris
412 3128 531 3189 nomine
556 3127 598 3187 sis
622 3126 865 3203 compellandus:
896 3144 952 3204 ego
977 3128 1117 3188 contusus
1142 3148 1197 3189 nec
1219 3128 1383 3208 respiciens
1407 3128 1438 3189 id
1461 3128 1518 3190 tibi
1542 3129 1598 3190 lro·

243 3220 307 3281 nori
332 3219 476 3291 futurum,
501 3214 578 3287 diri,
603 3216 716 3276 mesic
740 3214 822 3294 prins
848 3215 924 3275 velle
949 3216 1089 3295 experiri.
1127 3217 1232 3296 ltaque
1257 3216 1417 3297 acquievit.
1455 3215 1520 3279 Sed
1542 3235 1599 3298 po-

242 3308 315 3371 terit
338 3306 521 3368 commodius
544 3305 607 3365 lieri
623 3304 651 3363 in
671 3303 789 3364 aliare.
807 3337 846 3348 -
871 3304 960 3364 Adde
976 3306 1092 3365 duobus
1107 3306 1220 3379 verbis,
1247 3307 1315 3386 quid
1336 3307 1373 3367 de
1394 3305 1486 3367 stella
1501 3304 1599 3387 Cygni

241 3396 396 3475 incognita
419 3394 549 3467 sentias,
574 3411 650 3472 quae
670 3392 735 3469 jam
759 3392 787 3451 in
812 3393 918 3471 globos
934 3412 987 3470 pro
1007 3411 1085 3453 nova
1107 3394 1237 3472 irrepsit.
1258 3414 1305 3440 ⁸-
1330 3393 1363 3456 Si
1379 3395 1449 3474 qnid
1466 3412 1599 3456 mearum

242 3484 486 3547 observationum
515 3493 621 3543 contra
649 3481 742 3559 petis,
778 3481 927 3559 signitica,
962 3481 1002 3543 nil
1032 3484 1182 3560 gravabor
1210 3484 1341 3563 prittere.
1368 3513 1408 3525 —
1433 3482 1598 3564 Responde

242 3593 355 3655 quaeso
378 3592 432 3653 per
457 3570 546 3634 Cellii
570 3570 798 3649 Esslingensem
821 3568 1024 3643 occasionem,
1059 3572 1129 3650 qnid
1158 3572 1239 3633 dicto
1263 3573 1390 3634 Domino
1415 3572 1600 3652 respondere

242 3664 382 3731 debeam,
416 3661 494 3741 quod
518 3660 558 3722 ad
582 3657 746 3721 Caesarem
769 3657 891 3718 referat.
939 3655 1080 3726 Quantus
1110 3662 1151 3721 sit
1174 3661 1202 3721 in
1227 3661 1397 3740 Republica
1418 3679 1477 3722 non
1503 3662 1600 3724 audeo

242 3752 340 3813 literis
363 3751 558 3811 concredere:
584 3749 685 3826 itaque
709 3766 746 3807 ne
771 3746 941 3825 vilipendas
965 3747 1061 3825 ipsum
1086 3750 1240 3810 ludificari.
1277 3748 1442 3829 Opticam
1467 3752 1598 3812 Astro-

242 3840 384 3901 uomiae
416 3846 565 3918 partem
588 3836 647 3896 cal.
671 3834 740 3895 Jan.
765 3834 874 3904 obtuli,
902 3836 968 3914 Jarn
1003 3836 1105 3898 laboro
1130 3848 1162 3898 ut
1187 3839 1346 3918 recipiam:
1382 3838 1439 3899 nisi
1472 3840 1530 3900 hoc
1555 3857 1601 3900 me

241 3927 426 4006 impedierit,
451 3926 547 3987 lucem
570 3921 685 3983 ridebit
709 3923 747 3983 ad
771 3921 931 3984 nundinas.
969 3925 1002 3985 ln
1027 3945 1063 3986 eo
1087 3946 1177 4005 opere
1192 3937 1224 3989 tu
1241 3928 1332 3989 loutis
1348 3937 1440 4007 caput
1454 3948 1496 4004 es,
1523 3927 1599 3990 unde

242 4035 385 4095 maguum
411 4016 519 4075 flumen
544 4032 627 4074 meos
651 4030 741 4090 agros
766 4010 879 4090 irrigat.

257 4155 261 4162 .
332 4104 410 4164 Vale
436 4104 621 4181 Praeceptor
645 4099 830 4161 Clrar·issime
856 4114 886 4161 et
909 4102 1053 4163 rescribe.

335 4209 453 4288 Pragae
481 4204 530 4270 10.
556 4204 642 4278 (20.)
666 4205 736 4266 Jau.
766 4201 859 4268 1601.
1003 4208 1091 4269 llurn.
1115 4210 1197 4271 Tuae
1221 4210 1412 4286 gratissimus
1436 4210 1600 4291 discipulus

1144 4299 1272 4361 Jolrnrrn
1295 4299 1425 4380 Kepler.

332 4420 489 4484 Qamquam
503 4419 625 4482 Keplemr
643 4417 682 4467 hic
702 4418 820 4481 singulari
839 4426 924 4468 utatur
943 4421 1056 4476 artificio,
1076 4421 1220 4472 Banitium
1239 4425 1264 4472 ln
1283 4437 1384 4473 scenam
1403 4425 1552 4488 producam.
1572 4434 1599 4474 ut

242 4501 384 4559 peruroreat
404 4491 562 4540 blaestliuum
582 4490 615 4539 ad
633 4490 829 4543 rescribendum.
860 4491 898 4539 hic
919 4499 1003 4540 tamen
1024 4508 1055 4541 ne
1084 4502 1135 4543 tum
1154 4495 1252 4559 quidem
1272 4496 1411 4557 respondit,
1442 4496 1505 4546 alita
1532 4503 1600 4547 certe

242 4566 303 4614 satlr
321 4563 421 4611 timidus
439 4565 464 4610 iu
483 4561 556 4610 rebus
574 4560 687 4623 politicis.
726 4560 809 4620 Quare
829 4561 951 4624 Keplemr
970 4562 1018 4611 linc
1046 4565 1143 4614 demum
1163 4567 1222 4614 auni
1243 4562 1324 4624 1004,
1352 4581 1425 4629 opere
1451 4582 1513 4623 suo,
1543 4583 1600 4618 eum

242 4650 337 4755 :sithiu
346 4640 442 4683 careret
466 4632 592 4683 Maoetliui
618 4632 841 4687 observationibus.
870 4635 993 4697 perlecto,
1022 4636 1100 4699 ipsum
1130 4637 1191 4685 adiit
1221 4637 1259 4685 die
1289 4634 1329 4684 ll.
1350 4636 1412 4687 Dee.
1443 4636 1508 4685 1001
1538 4640 1600 4689 haec

339 4717 367 4753 r:

332 4793 407 4856 Cum
437 4803 581 4872 perpetuo
606 4799 672 4860 tuo,
696 4791 858 4853 Maestline
882 4792 1066 4873 Praeceptor
1097 4795 1224 4875 optime,
1257 4795 1376 4857 silentio
1401 4815 1497 4858 meam
1522 4798 1602 4860 scri·

245 4884 333 4945 bendi
357 4882 545 4961 diligentiam
570 4882 661 4943 toties
672 4880 737 4957 jam
753 4882 991 4960 expugnaveris:
1017 4883 1128 4945 accidit
1141 4884 1212 4945 mihi
1237 4897 1353 4957 tauron,
1378 4885 1455 4965 quod
1476 4885 1504 4947 in
1522 4887 1602 4951 bello

243 4972 432 5051 desperatis,
457 4980 491 5032 ut
513 4980 600 5032 tanto
621 4968 717 5048 magis
732 4970 935 5048 scriptoriam,
961 4981 1073 5051 quanto
1088 4972 1185 5035 minus
1199 4975 1340 5053 proficio,
1363 4984 1397 5036 et
1410 4974 1440 5036 ia
1454 4974 1602 5040 victoriae
