3692 5842
347 468 414 537 350
838 465 1091 520 momentanea
1110 468 1213 534 Optlca.

347 645 475 709 cuculos
498 649 552 705 aut
575 642 746 704 accedendo
771 644 978 706 recedendove
1002 664 1021 705 a
1041 644 1196 715 foramine,
1221 645 1315 707 donec
1338 644 1396 709 hoc
1417 644 1513 707 ficret.
1556 643 1596 706 Id
1618 663 1711 723 argu·

346 743 478 798 mentum
503 741 579 801 erat,
604 749 710 794 conum
735 732 914 795 radiationis
937 734 1226 813 perpendiculariter
1245 755 1264 796 a
1281 752 1396 817 papyro
1419 740 1546 796 sectum.
1581 732 1711 796 Diame-

347 831 426 887 trum
448 841 519 885 vern
544 822 765 901 interponerem
790 822 986 884 conversione
1010 823 1115 904 papyri
1139 824 1306 901 dirigebat,
1331 832 1366 886 ut
1387 842 1500 885 cornua
1518 819 1606 885 Solis
1630 821 1712 885 bise-

346 922 440 976 caret.
486 911 569 972 Tunc
593 909 695 990 itaque
720 932 808 974 arcus
833 911 959 973 interior
982 912 1060 973 radii
1083 912 1265 986 deficientis,
1290 931 1350 993 qua
1377 913 1559 975 diametrum
1583 910 1712 974 divisam

346 1002 482 1076 secabat,
508 999 619 1079 digitos
640 1001 823 1063 ostendebat
843 1000 1009 1080 eclipticas.
1048 1000 1136 1062 llanc
1155 1002 1323 1064 doctrinam
1343 1000 1547 1064 aReiuholdo
1567 999 1712 1062 uaditam

346 1089 579 1153 admonitionem
618 1090 751 1152 auctoris
789 1098 911 1151 secutus
951 1089 1127 1168 diligentius
1170 1090 1309 1153 excoluit.
1365 1091 1446 1154 Nam
1483 1088 1711 1169 proportionem

345 1181 560 1243 diametrorum
590 1179 680 1239 simul
713 1178 855 1242 eliciebat
882 1179 911 1239 in
946 1179 1022 1240 bunc
1056 1180 1186 1241 modurn.
1234 1176 1363 1250 Quando
1396 1179 1549 1259 margines
1581 1178 1661 1241 radii
1683 1178 1712 1239 iu

346 1269 489 1331 circulum
513 1267 650 1347 praecise
674 1268 901 1341 coincidebaut,
937 1266 1033 1328 tribus
1057 1267 1106 1329 vel
1130 1276 1258 1348 quatuor
1286 1269 1408 1349 punctis
1435 1267 1617 1330 interiorem
1637 1266 1713 1329 ratu

345 1356 617 1439 circumferentiam
641 1357 751 1436 raptim
774 1356 926 1437 signabat.
965 1356 1039 1417 Inde
1063 1357 1256 1419 continuatus
1275 1376 1331 1436 per
1348 1358 1425 1420 haec
1443 1364 1560 1437 puncta
1583 1356 1712 1419 circulus

345 1446 434 1509 facile
449 1443 638 1519 ostendebat,
651 1464 710 1525 qua
719 1447 747 1506 in
764 1444 958 1526 proportione
969 1452 1054 1505 esset
1063 1446 1100 1506 ad
1115 1445 1254 1525 priorem,
1267 1446 1317 1526 qni
1327 1444 1431 1510 Solem
1445 1445 1710 1525 repraesentabat.

443 1589 448 1601 ‚
728 1534 777 1597 Sit
800 1532 915 1597 ABCD
940 1533 1042 1596 radius
1056 1532 1139 1596 Solis
1159 1534 1325 1597 deficientis
1345 1536 1470 1617 ejusque
1488 1554 1564 1598 vera
1583 1534 1710 1614 species,

420 1589 475 1652 ³⁸⁹
495 1584 554 1635 Μ’
641 1623 667 1683 is
691 1626 820 1702 quadret
843 1623 986 1685 exteriori
1019 1623 1176 1703 superficie
1199 1622 1284 1686 ABG
1309 1624 1338 1685 in
1372 1624 1516 1686 circulum
1543 1643 1584 1687 ex
1607 1623 1636 1685 Ε
1657 1623 1712 1686 ds·

641 1713 796 1793 scriptum.
843 1712 1009 1791 Signentur
1035 1713 1160 1774 veroin
1192 1712 1326 1775 interiori
1358 1712 1605 1776 circumferentia
1627 1708 1711 1775 ΑΒΘ

639 1802 699 1864 tria
714 1810 825 1881 puncta
839 1819 1040 1881 quaecunque,
1057 1802 1119 1863 sint
1132 1800 1173 1872 A,
1188 1801 1225 1877 D,
1242 1801 1279 1866 O.
1317 1803 1415 1882 Igitur
1433 1803 1485 1875 (Ε.
1501 1803 1559 1876 ΙΙΙ,
1577 1798 1638 1875 24)
1660 1818 1712 1881 per

639 1889 726 1953 ADC
760 1891 950 1952 continuetur
981 1890 1109 1952 circulus
1139 1900 1243 1953 centro
1266 1893 1300 1953 F.
1347 1892 1389 1954 Et
1416 1893 1487 1972 quia
1519 1888 1711 1953 defectnsin

597 1983 600 1994 “
640 1977 712 2041 Sole
732 1999 825 2041 causa
839 1998 896 2041 uon
917 1985 965 2040 est
984 1978 1053 2051 alia,
1075 1999 1164 2060 qnam
1183 1979 1379 2061 interpositus
1392 1980 1499 2042 Lunae
1513 1980 1598 2042 inter
1611 1978 1712 2042 ὃοΙοιιι

641 2077 673 2129 et
696 2070 809 2143 visum,
844 2077 892 2130 est
914 2068 1007 2148 igitur
1037 2068 1163 2131 interior
1195 2089 1282 2131 arcus
1314 2069 1492 2131 corniculari
1516 2067 1603 2132 Solis
1626 2063 1710 2131 ADC

640 2158 789 2236 particula
812 2156 915 2218 circuli
939 2175 995 2237 quc
1018 2157 1106 2219 Luna
1127 2166 1294 2237 spectatur.
1331 2155 1433 2229 Quare
1457 2158 1590 2221 circulus
1613 2154 1708 2227 ADC.

641 2253 744 2308 centro
767 2247 807 2318 F,
836 2251 1048 2325 repraesentat
1073 2247 1193 2309 Lauare
1226 2266 1352 2327 corpus,
1386 2256 1418 2309 et
1449 2267 1528 2329 quae
1560 2247 1711 2310 invenitur

640 2334 811 2397 mechanice
843 2335 997 2415 proportio
1030 2335 1109 2398 inter
1131 2336 1185 2399 ΕΙ)
1209 2345 1241 2398 et
1262 2337 1332 2407 ΕΒ,
1356 2355 1394 2399 ea
1416 2344 1466 2400 est
1488 2336 1622 2399 visibilis
1644 2336 1710 2399 dis·

347 2425 437 2490 metri
459 2424 565 2486 Lunae
590 2424 628 2485 ad
652 2423 800 2486 visibilem
826 2424 1006 2486 diametrum
1030 2423 1122 2487 Solis.

435 2511 578 2576 Ceterum
603 2513 659 2574 hoc
682 2520 772 2593 pacto
796 2513 962 2575 observata
983 2514 1089 2575 Lunae
1114 2512 1262 2575 diameter
1290 2513 1465 2595 plerumque
1488 2514 1590 2578 minor
1612 2512 1711 2577 Solari

346 2602 524 2687 apparebat.
572 2603 631 2664 Per
658 2600 708 2665 11.
732 2621 804 2664 vero
834 2602 957 2664 secundi
991 2602 1100 2681 capitis
1134 2610 1239 2683 patet,
1274 2604 1334 2665 nisi
1356 2604 1446 2682 plane
1480 2604 1711 2667 minutissimum

346 2695 388 2757 sit
411 2694 555 2765 foramen,
580 2692 683 2772 puncti
702 2691 809 2765 instar,
836 2709 955 2771 semper
973 2691 1197 2772 proportionem
1215 2692 1429 2755 diametrorum
1455 2693 1559 2756 vitiari
1575 2693 1709 2755 Lunam·

345 2802 402 2865 que
420 2783 505 2862 justo
528 2782 672 2846 minorem
696 2799 853 2861 apparere,
877 2787 909 2840 et
928 2778 1068 2858 (per12)
1093 2779 1207 2859 digitos
1230 2781 1388 2860 pauciores
1412 2800 1573 2864 apparere.
1609 2780 1709 2853 Quare

345 2872 452 2935 infidus
476 2878 525 2933 est
547 2871 596 2933 hic
625 2871 730 2933 modus
758 2870 804 2931 ita
835 2868 1013 2947 simpliciter
1042 2869 1281 2933 administratus.
1328 2871 1419 2933 Adde
1452 2872 1534 2952 qnod
1566 2872 1708 2934 titubatio

344 2979 485 3023 manuum
500 2960 669 3040 strepidus
684 2958 765 3021 Solis
781 2967 880 3019 motus
894 2965 1070 3035 punctorum
1086 2958 1343 3037 consignationem
1356 2961 1519 3040 plurimum
1535 2962 1654 3024 turbat.
1667 2955 1709 3031 ”)

345 3048 427 3128 Ergo
452 3049 490 3109 ad
515 3068 612 3111 meum
636 3049 878 3110 instrumentum.

434 3137 629 3199 Problema
652 3138 741 3199 Vlll.
789 3135 957 3215 Speciem
990 3133 1067 3194 sive
1102 3135 1241 3196 radium
1264 3134 1367 3199 Solis
1402 3139 1645 3213 deficientis,
1675 3150 1710 3199 nr

345 3226 378 3288 is
403 3226 588 3306 figuratur
612 3228 644 3287 in
669 3227 931 3297 instrumento,
955 3224 1101 3300 punctis
1125 3225 1307 3302 excipere.
1346 3227 1397 3287 uit
1416 3228 1493 3288 utin
1515 3228 1708 3290 antecedenti

346 3324 378 3377 et
396 3316 485 3395 paulo
509 3315 614 3395 majori
637 3314 826 3377 certitudine.
863 3312 943 3374 Nam
968 3312 1196 3375 instrumentum
1219 3323 1368 3393 praestat,
1393 3336 1430 3377 ne
1450 3316 1523 3378 mibi
1543 3318 1709 3379 mutatione

346 3405 523 3467 circulorum
554 3424 628 3484 opus
652 3404 708 3478 sit,
732 3422 807 3464 uere
833 3420 959 3462 accessu
982 3420 1172 3482 recessuque.
1219 3404 1340 3467 Etenim
1371 3424 1431 3485 qua
1454 3406 1503 3466 die
1537 3407 1642 3469 futura
1663 3416 1710 3467 est

346 3494 478 3574 eclipsis,
514 3494 667 3574 quantitas
700 3492 776 3554 radii
799 3490 881 3552 Solis
911 3490 941 3549 in
975 3488 1173 3553 instrumento
1206 3502 1330 3556 notatur
1366 3503 1508 3555 accurate
1543 3504 1708 3576 tantaeque

345 3581 524 3664 quantitatis
549 3582 676 3645 circulus
700 3581 887 3651 describitur,
914 3578 962 3657 qni
987 3580 1119 3640 tabellae
1144 3582 1314 3660 applicatus
1338 3584 1596 3660 circumgestatur
1619 3586 1707 3646 nudi·

346 3691 411 3754 que,
439 3690 615 3751 semperque
634 3679 699 3732 toto
719 3671 771 3731 illo
791 3669 839 3729 die
863 3667 979 3728 radium
995 3666 1076 3728 Solis
1094 3679 1178 3730 certo
1197 3679 1317 3749 aequat.
1356 3674 1389 3733 In
1414 3672 1589 3750 signatione
1608 3682 1707 3735 tamen

345 3769 520 3842 punctorum
546 3762 649 3821 eadem
674 3759 795 3839 querela
819 3776 894 3836 quae
919 3757 1011 3833 prins.
1058 3757 1139 3819 Nam
1163 3759 1200 3819 ad
1225 3761 1325 3821 omnia
1349 3770 1502 3822 momenta
1524 3763 1710 3825 transfertur

343 3848 425 3912 Solis
450 3850 561 3921 radius,
586 3850 686 3928 itaque
710 3858 743 3908 et
766 3854 929 3909 transtrum
949 3853 980 3906 et
1003 3847 1105 3924 regula
1125 3848 1153 3908 in
1179 3857 1311 3909 transtro
1336 3870 1395 3911 una
1417 3850 1638 3914 transferenda
1663 3862 1711 3914 eat

343 3937 423 3999 inter
446 3938 692 4016 consignandum.
731 3936 825 3997 Utere
850 3943 951 3995 tamen
970 3935 1027 3993 hac
1051 3936 1209 3999 cautione:
1233 3947 1376 4016 punctum
1400 3939 1490 4019 signa
1513 3958 1618 4015 unum,
1642 3960 1709 4003 cum

344 4025 475 4088 exterior
507 4026 583 4088 radii
615 4023 855 4087 circumferentia
885 4031 993 4083 exacte
1031 4024 1161 4102 quadrat
1191 4027 1219 4087 in
1253 4026 1414 4102 circulum;
1451 4028 1522 4089 inde
1555 4031 1709 4093 translato

343 4116 542 4178 instrumento
563 4114 678 4176 radium
698 4112 893 4192 praevenias:
919 4111 1036 4172 interea
1054 4111 1122 4174 dum
1145 4115 1248 4176 radius
1271 4125 1425 4195 sequatur,
1449 4124 1483 4178 tn
1503 4118 1606 4182 locum
1621 4119 1709 4183 alteri

343 4211 454 4281 puncto
478 4203 626 4283 signando
650 4201 770 4262 notabis
793 4199 897 4260 oculis.
944 4198 986 4260 Et
1008 4201 1144 4277 proderit
1174 4212 1379 4282 spectatorem
1412 4205 1538 4280 adesse,
1572 4210 1624 4287 qui
1653 4209 1709 4270 tibi

343 4292 461 4354 intento
485 4292 513 4351 in
539 4292 667 4352 alterurn
701 4290 822 4350 limbum
854 4287 1015 4366 significet,
1047 4291 1164 4368 quaudo
1193 4311 1230 4353 ex
1261 4294 1360 4354 altera
1392 4304 1480 4374 parte
1505 4296 1535 4355 iu
1564 4306 1708 4376 punctum

338 4379 404 4459 jam
429 4379 581 4459 signatum
614 4377 722 4439 limbus
755 4396 870 4438 rursum
901 4377 1024 4437 incidat.
1072 4379 1146 4440 Inde
1179 4382 1285 4442 iterum
1314 4382 1484 4462 applicabis
1515 4386 1709 4464 probationis

343 4486 446 4543 cansa,
474 4477 506 4529 et
529 4468 589 4529 cito
613 4467 784 4546 priusquam
808 4474 927 4527 crescat
951 4466 1087 4527 defectus
1111 4478 1164 4531 aut
1187 4470 1346 4533 decrescat
1369 4471 1566 4537 sensibiliter.
1612 4473 1709 4538 Cete-

345 4576 410 4619 rnm
434 4557 509 4617 haec
534 4555 650 4634 species
675 4555 848 4616 adulterata
871 4563 928 4615 est.
974 4553 1117 4634 Sequitur
1140 4577 1211 4638 ergo

431 4644 623 4705 Problema
646 4643 700 4704 IX.
749 4642 800 4703 Ex
823 4642 952 4720 specie
981 4643 1218 4708 instrumenti
1242 4666 1305 4708 seu
1334 4649 1437 4709 radio
1467 4652 1707 4729 quantumvis

344 4731 557 4794 adulterato
588 4750 708 4792 reram
738 4729 836 4792 Solis
865 4729 1084 4794 deficientis
1115 4737 1272 4817 speciem
1307 4735 1455 4799 elicere.
1503 4737 1709 4803 Contiuuetur

345 4820 422 4879 euim
445 4821 586 4893 circulus,
618 4820 646 4879 in
671 4837 728 4897 qno
752 4818 811 4880 tria
834 4826 946 4895 puncta
969 4819 1091 4897 signata
1115 4834 1197 4900 sunt,
1223 4824 1343 4886 scilicet
1365 4826 1405 4899 ll,
1429 4825 1466 4902 B,
1491 4827 1527 4903 F,
1552 4834 1622 4905 (ng.
1644 4836 1707 4897 tot)

344 4908 509 4969 constituto
533 4907 598 4984 ejus
622 4914 724 4967 centro
750 4907 785 4966 L.
833 4905 867 4964 ld
892 4905 949 4965 erit
972 4907 1101 4973 Lunaris
1129 4915 1262 4993 corporis
1291 4922 1437 4975 centrum.
1487 4917 1631 4981 Indead
1653 4918 1707 4980 LB

345 5002 513 5072 apponatur
535 4993 592 5055 BA
615 4992 835 5054 semidiameter
868 4993 1035 5068 fenestrae.
1068 5010 1100 5062 et
1122 5012 1224 5065 centro
1248 5001 1275 5061 L
1299 5001 1448 5066 distantia
1471 5004 1533 5069 LA
1555 5007 1709 5072 scribunt
