3692 5842
250 469 316 539 456
671 472 771 523 therse
789 471 892 537 Keplerl
911 472 1063 537 thorumque
1079 478 1182 524 mum

246 650 323 731 juvis
338 655 402 708 est:
427 668 471 707 an
496 647 620 708 studio
645 645 847 708 Galilaeus
871 648 994 708 orbem
1020 648 1227 708 deluserit?
1262 647 1350 708 Hauc
1364 647 1435 710 mihi
1450 649 1603 728 quaestio·

249 758 317 801 nem
341 738 455 816 placuit
480 736 564 796 initio
588 745 732 809 tractare,
757 745 819 796 tum
844 736 914 814 quia
947 736 1124 796 vestibulum
1148 736 1320 804 obsidebat,
1357 748 1420 799 tum
1449 737 1523 816 quia
1544 749 1603 800 tam

247 828 332 889 multi
358 835 462 899 erant,
488 825 537 903 qui
571 825 726 884 malebant
757 825 878 884 credere
912 833 942 884 te
974 825 1097 898 fallere,
1132 843 1220 904 quam
1251 844 1316 886 rem
1347 845 1458 886 novam
1491 827 1602 904 detegi.

247 916 396 977 Rationes
421 932 491 973 vero
525 932 572 974 me
605 922 636 973 et
667 913 943 991 argumentationes
966 913 1180 973 invictissimas
1213 922 1320 974 contra
1351 915 1429 975 hunc
1454 915 1600 976 Nunciuur

249 1003 437 1086 protulisse?
466 1001 597 1062 Haecine
623 1001 717 1061 bonae
742 1000 851 1061 indolis
875 1001 1033 1073 indicium,
1069 1001 1155 1062 amici
1180 1010 1211 1062 et
1230 1002 1434 1064 benefactoris
1456 1003 1600 1064 intentum

247 1091 446 1173 pervertere?
492 1089 534 1150 Et
566 1090 615 1151 ubi
652 1099 734 1149 artes
769 1089 992 1150 inversionem?
1039 1086 1101 1150 Cur
1134 1109 1192 1151 uon
1226 1091 1353 1169 probat,
1392 1092 1471 1170 quod
1505 1091 1600 1153 dixit?

248 1181 310 1244 Cur
334 1200 390 1242 non
416 1189 554 1239 recenset
577 1178 630 1238 illa
654 1189 847 1255 argumenta,
883 1189 915 1238 ut
944 1198 1047 1238 omnes
1080 1177 1204 1239 rideant
1228 1181 1363 1258 pessima
1385 1180 1444 1240 fide
1469 1179 1599 1242 dictum?

248 1272 344 1331 Extat
369 1268 499 1346 epistola
522 1286 604 1338 mea,
638 1266 691 1326 illa
716 1268 864 1345 loquatur.
911 1267 1029 1326 Passim
1054 1285 1108 1345 per
1131 1267 1293 1345 epistolam
1318 1270 1401 1329 lusus
1425 1269 1595 1348 interspersi

245 1360 301 1420 hoo
334 1356 476 1428 consilio,
511 1364 544 1414 ut
568 1355 704 1415 irrisores
728 1356 791 1414 risu
820 1355 1026 1433 praevenirem
1055 1356 1084 1415 in
1117 1356 1279 1416 traditione
1308 1357 1350 1417 rei
1380 1375 1479 1417 novae
1512 1367 1543 1417 et
1569 1357 1595 1418 in

247 1448 354 1526 vulgus
375 1444 533 1505 absurdae.
575 1444 608 1503 Si
633 1444 697 1521 quis
724 1444 799 1503 forte
819 1463 921 1523 parurn
943 1451 1078 1503 attentus
1102 1463 1140 1503 ex
1164 1443 1210 1504 his
1235 1444 1350 1505 lusibus
1374 1464 1483 1506 ansam
1513 1446 1595 1506 sumit

247 1532 397 1606 dubitanti
422 1534 458 1593 de
483 1551 550 1592 mea
573 1533 734 1603 sententia,
759 1533 806 1592 hic
831 1541 911 1592 certe
936 1552 1040 1593 scurra
1063 1552 1099 1592 ex
1123 1551 1223 1593 eorum
1239 1552 1361 1594 numero
1387 1553 1445 1594 noo
1471 1533 1593 1614 estqui

248 1644 285 1683 ex
308 1622 436 1703 privatis
461 1620 533 1680 meis
559 1620 654 1680 literis
679 1622 764 1693 satis,
791 1622 859 1700 quid
885 1630 1028 1692 tenerem,
1052 1620 1110 1681 fuit
1132 1622 1266 1682 edoctus.

337 1712 421 1771 Haec
446 1718 533 1782 sunt,
560 1707 713 1782 Galilaee,
740 1728 815 1787 quae
841 1729 887 1769 rue
912 1710 1066 1783 mordent,
1091 1711 1207 1789 reliqua
1230 1709 1323 1771 rideo.
1370 1711 1451 1772 Nam
1474 1721 1590 1788 punctus

247 1801 312 1880 ejus
336 1798 539 1879 promiscuos,
569 1797 675 1875 quibus
699 1817 745 1858 me
770 1799 906 1875 impetit,
940 1807 973 1857 ut
996 1817 1116 1858 muscae
1141 1799 1268 1875 alicujus
1306 1818 1402 1878 aeque
1432 1811 1587 1860 contemne.

245 1889 310 1951 Nec
335 1907 400 1948 sum
425 1887 499 1946 adeo
524 1886 672 1964 stupidus,
699 1895 731 1946 ut
754 1905 875 1946 movear
891 1887 1073 1947 auctoritate
1097 1887 1177 1964 vulgi
1203 1887 1364 1966 negativa,
1391 1899 1443 1948 ant
1468 1887 1505 1947 ab
1534 1887 1586 1965 ejus

246 1976 408 2040 oscitantia
432 1986 463 2035 et
487 1974 685 2053 ineptitudine
706 1985 809 2035 contra
826 1976 989 2036 astronomi
1015 1975 1230 2054 experientiam
1255 1985 1286 2036 et
1309 1976 1523 2037 dexteritatem
1543 1995 1585 2036 ra·

243 2067 380 2128 tiociner.
428 2062 508 2134 Quid
532 2063 638 2123 mirum
661 2064 849 2141 professores
873 2064 1095 2125 academiarum
1119 2063 1305 2143 promiscuos
1343 2084 1495 2144 opponere
1528 2082 1583 2122 sere

245 2153 409 2217 inventioni
434 2153 476 2212 rei
500 2170 596 2212 norae
621 2152 648 2210 in
675 2153 722 2211 illa
749 2152 911 2230 provincia,
937 2154 965 2212 in
991 2173 1048 2230 (pua
1071 2153 1113 2212 rei
1139 2152 1318 2212 tritissimae
1342 2169 1374 2212 et
1399 2153 1478 2232 apud
1496 2171 1582 2212 omnes

246 2253 435 2305 astronomos
459 2239 755 2308 contestatissimae,
779 2241 978 2318 parallaxium
1003 2242 1130 2311 scilicet,
1156 2249 1259 2301 extent
1283 2253 1508 2320 oppugnatores
1529 2243 1579 2300 loro

244 2330 492 2401 eminentissimi,
526 2328 701 2389 eruditionis
735 2330 815 2388 fama
844 2331 1039 2391 celeberrimi.
1088 2336 1205 2401 (Spectat
1228 2338 1579 2390 hirsutontomlaeme‘u

240 2429 399 2478 Palicanum.
431 2426 516 2488 eomp.
535 2440 594 2491 pag.
614 2421 670 2484 93.)
715 2418 820 2495 neque
855 2419 931 2478 euim
969 2417 1067 2478 celare
1105 2429 1136 2478 te
1173 2420 1257 2491 volo,
1301 2422 1496 2500 conrplurium
1526 2420 1576 2479 itr-

244 2509 338 2569 lorum
363 2509 467 2567 literas
493 2508 621 2585 Pragam
646 2507 734 2577 ferri,
766 2506 813 2584 qui
838 2515 889 2566 tuo
915 2507 1085 2586 perspiciiio
1109 2507 1250 2584 planetas
1275 2508 1344 2569 illos
1369 2509 1463 2569 videri
1486 2527 1575 2588 perue-

242 2607 326 2677 gant.
373 2595 439 2673 Ego
465 2595 582 2674 quidem
608 2615 720 2655 mecum
758 2595 821 2672 ipse
854 2616 962 2656 causas
996 2595 1140 2674 dispicio,
1176 2617 1227 2656 cur
1261 2609 1321 2657 tarn
1357 2599 1443 2658 rrrnlti
1476 2609 1574 2676 negent,

242 2688 334 2747 etiam
359 2685 408 2764 qui
432 2684 633 2762 perspicillum
659 2693 813 2743 tractant:
848 2696 877 2744 et
902 2685 927 2743 si
952 2704 1120 2763 comparem
1150 2707 1204 2756 ea,
1239 2706 1315 2764 quae
1347 2687 1419 2746 mihi
1449 2686 1574 2746 interdiu

241 2776 392 2844 eveniunt,
417 2772 504 2831 video
528 2792 585 2832 non
611 2792 677 2832 esse
702 2772 895 2850 impossibile,
923 2785 955 2832 ut
979 2794 1053 2833 rinus
1078 2774 1180 2832 videat
1203 2774 1281 2852 quod
1302 2793 1359 2835 uon
1386 2775 1489 2836 vident
1514 2775 1575 2834 mille

242 2863 304 2924 alii.
352 2860 403 2922 Sic
429 2861 529 2920 Varus
562 2861 612 2920 ille
646 2880 684 2920 ex
713 2861 851 2939 Drepane
884 2862 1041 2938 prospexit
1073 2861 1203 2922 classem
1236 2883 1252 2922 e
1282 2873 1371 2942 portu
1404 2860 1575 2940 Carthaginis

240 2953 407 3013 solventem
432 2948 656 3028 numeravitque
680 2968 791 3020 nares,
826 2951 903 3028 quod
928 2969 1014 3009 nemo
1038 2958 1104 3011 tota
1129 2949 1235 3011 Sicilia
1258 2953 1368 3029 potuit.
1420 2953 1517 3032 Saepe
1535 2965 1575 3008 usr

242 3039 338 3110 venit,
363 3047 397 3097 ut
420 3056 494 3115 quae
518 3036 589 3096 inihi
612 3047 735 3117 prosunt
750 3039 932 3116 perspicilla,
959 3058 995 3097 ea
1019 3058 1076 3099 non
1101 3039 1217 3119 prosint
1242 3040 1322 3113 aliis,
1347 3049 1379 3101 et
1403 3060 1480 3120 quae
1501 3035 1575 3100 ceteri

242 3129 376 3198 laudant,
402 3146 438 3184 ca
462 3145 517 3204 epo
542 3127 578 3184 de
602 3127 717 3186 nebulis
742 3146 889 3187 accusem.
939 3128 1006 3205 lpse
1031 3147 1106 3188 unus
1130 3138 1160 3188 ct
1185 3128 1273 3202 idem,
1299 3149 1365 3190 cum
1391 3129 1498 3208 incipio
1520 3145 1575 3188 con·

241 3216 391 3295 templum,
417 3233 490 3291 puro
515 3215 595 3274 fruor
614 3225 748 3292 aspectu,
774 3217 821 3274 ubi
838 3216 1021 3293 aliquantum
1039 3218 1187 3290 immoror,
1211 3219 1328 3278 colores
1349 3219 1434 3279 iridis
1453 3219 1575 3279 oriuntur.

240 3306 337 3384 Igitur
357 3304 413 3363 etsi
434 3323 547 3363 mecum
567 3304 695 3363 nondum
717 3305 872 3382 quicquam
894 3305 1006 3376 dubito,
1029 3307 1110 3365 dolet
1131 3316 1231 3366 tamen
1252 3326 1299 3365 me
1319 3317 1384 3366 tam
1404 3307 1454 3368 diu
1474 3301 1576 3367 destitui

242 3393 422 3455 testimoniis
447 3393 571 3452 aliorum
592 3394 628 3451 ad
646 3394 731 3452 tidem
752 3393 860 3452 ceteris
882 3394 1061 3453 taciendam.
1100 3396 1153 3461 Te,
1178 3395 1327 3466 Galilaee,
1355 3415 1429 3474 rogo
1449 3411 1482 3456 ut
1500 3407 1576 3455 testes

241 3483 358 3562 aliquos
382 3483 476 3561 primo
502 3500 617 3560 quoque
643 3490 775 3558 tempore
799 3483 959 3558 producas.
1007 3483 1053 3542 Ex
1088 3484 1183 3543 literis
1209 3484 1286 3543 eninr
1312 3485 1372 3544 tuis
1398 3485 1437 3544 ad
1461 3486 1576 3545 diversos

239 3573 339 3646 didici,
365 3572 417 3631 tibi
445 3589 500 3629 non
526 3570 631 3629 deesse
656 3580 770 3628 testes:
796 3571 849 3630 scd
874 3572 1019 3631 neminem
1045 3586 1165 3648 praeter
1189 3583 1218 3631 te
1244 3573 1299 3632 hoc
1323 3575 1502 3636 referentem
1520 3591 1576 3652 pro-

242 3662 350 3722 ducere
374 3678 514 3739 possum,
541 3678 597 3736 uuo
623 3660 731 3717 famam
757 3658 903 3736 epistolae
928 3679 1011 3719 ureae
1037 3661 1204 3721 del'emlam.
1253 3662 1285 3721 ln
1311 3672 1342 3721 te
1367 3682 1426 3722 urio
1450 3659 1576 3723 recumbit

239 3759 306 3810 tota
329 3748 550 3808 observationis
576 3747 750 3806 avictoritas.
797 3748 863 3806 Nisi
890 3751 966 3807 i'orte
990 3749 1091 3825 placet
1115 3749 1168 3808 tibi
1199 3750 1403 3811 testimonium
1431 3753 1470 3812 ab
1497 3752 1576 3812 hoste.

241 3836 319 3916 quod
344 3837 421 3896 inter
444 3836 632 3895 scribendum
654 3834 766 3894 incidit.
792 3836 918 3895 Fatetur
934 3836 1093 3907 (ilorkius)
1110 3858 1141 3894 se
1158 3848 1208 3897 tuu
1229 3838 1431 3900 instrumento
1451 3835 1502 3902 24.
1517 3841 1575 3916 Αρῐ.

241 3926 353 3985 uidisse
378 3922 397 3983 2
422 3924 561 4002 planetas
586 3924 666 3982 circa
690 3923 814 3990 lovenr,
840 3922 892 3984 25.
919 3928 993 4003 elpr.
1019 3939 1155 4003 urratuor.
1203 3926 1329 4005 Raptim
1353 3929 1481 4007 produxi
1503 3929 1576 3989 char-

241 4024 304 4073 tam
329 4022 410 4072 tuam
437 4012 475 4069 ad
501 4013 545 4071 ΙΙΙ.
571 4009 729 4071 Oratorem
755 4013 973 4086 transmissam,
1000 4024 1030 4072 et
1055 4035 1123 4073 ecce
1149 4023 1179 4073 tu
1200 4034 1316 4094 quoquc
1342 4020 1380 4076 arl
1406 4013 1459 4078 24.
1480 4013 1578 4095 Aprilis

241 4102 366 4163 exhibes
391 4100 475 4172 duos,
501 4101 538 4159 ad
563 4100 591 4158 d.
617 4098 668 4160 25.
696 4102 769 4177 ripn.
796 4111 924 4178 quatuor
948 4103 1096 4180 planetas.
1145 4103 1264 4163 Invenit
1294 4117 1396 4165 tamen
1422 4107 1480 4166 ista
1502 4119 1571 4186 speo-

240 4189 367 4270 phantia
390 4189 526 4248 naeniam
552 4188 838 4266 impudentissimam
863 4190 898 4248 dc
923 4191 1142 4262 reflexionibus,
1169 4213 1228 4271 qua
1251 4193 1394 4270 populum
1419 4195 1574 4264 abduceret.

240 4280 359 4355 l'ulgus
394 4276 470 4335 euim
505 4276 669 4353 opticaruru
704 4276 850 4336 rationum
884 4279 1052 4355 imperitum
1090 4299 1177 4340 aures
1218 4281 1349 4341 lilnnter
1386 4280 1574 4343 accommodtl

239 4366 434 4426 obtrectatori
459 4383 495 4423 ex
520 4365 627 4441 opticis
649 4365 794 4441 inquienti:
820 4366 888 4443 spuria
909 4368 986 4426 inter
1004 4387 1123 4427 coecum
1145 4381 1175 4428 et
1192 4368 1343 4430 videntem
1364 4373 1461 4432 nescit
1480 4369 1572 4431 distin·

238 4473 327 4533 gnere
358 4453 526 4530 gaudetque
558 4452 809 4530 qualibuscunque
845 4454 1012 4532 imperitiae
1037 4476 1109 4515 suae
1134 4458 1271 4518 tribunis.
1319 4458 1406 4528 (litos
1437 4461 1463 4520 si
1482 4459 1572 4538 jubas

239 4541 320 4602 adire
344 4541 505 4617 scriptores
530 4540 654 4616 opnices,
681 4540 708 4598 in
734 4560 793 4600 rem
818 4553 1007 4619 praesenti-ru
1034 4544 1143 4616 venire,
1171 4546 1302 4606 libellum
1318 4547 1524 4608 stultissimum
1541 4555 1571 4600 ei

239 4649 271 4689 se
296 4629 361 4707 ipso
385 4628 541 4699 refellere,
574 4628 754 4705 experieris,
786 4631 874 4690 malle
900 4631 955 4690 hoo
979 4634 1101 4691 doctore
1125 4652 1247 4694 curvum
1272 4637 1373 4697 dicere
1397 4651 1522 4706 rectum,
1545 4637 1571 4686 ¹¹²

240 4717 379 4778 lascivire
404 4724 507 4776 contra
529 4715 747 4794 philosophiam
772 4719 907 4794 possint,
933 4738 1020 4797 quam
1045 4730 1077 4779 ut
1102 4721 1129 4780 id
1156 4722 1267 4782 laboris
1291 4725 1348 4784 sihi
1373 4735 1501 4786 sumant.
1537 4715 1567 4778 El

238 4803 397 4882 imperabit
421 4802 476 4862 sibi
501 4805 605 4862 doctus
630 4803 738 4881 aliquis
763 4804 848 4881 hujus
873 4806 1018 4866 scientiae
1042 4826 1173 4886 gnarus,
1200 4819 1233 4870 ut
1256 4830 1403 4891 papvrum
1428 4803 1567 4894 perusiii

239 4890 405 4950 refutandis
438 4891 483 4949 his
507 4890 615 4966 nugis?
661 4888 877 4967 Osapientem
903 4894 1123 4974 Pythagoram,
1148 4897 1196 4976 qui
1224 4879 1362 4962 uuila're
1392 4901 1454 4963 alis
1475 4898 1566 4978 nuo·

241 4987 335 5037 tatem
371 4977 576 5056 philosophiae
608 4977 751 5038 contineri
782 4982 915 5053 censuit,
950 5001 1039 5060 quam
1068 4984 1209 5046 silentiu!
1266 4989 1354 5050 Nunc
1388 4990 1460 5069 quia
1483 4975 1566 5070 jesisi
