3692 5842
733 472 766 525 a·
783 473 852 526 rava
871 472 1024 528 smarnos
1044 474 1091 528 es.
1525 479 1590 548 ter

229 647 332 710 aleam
348 645 496 724 Galilaee,
521 649 668 729 vulgoque
691 648 859 727 propalasti
884 649 959 711 haee
979 651 1127 713 coeloram
1147 651 1257 731 adyta,
1282 652 1352 733 quid
1382 654 1461 714 aliud
1482 663 1589 732 restat,

230 753 322 817 quam
352 745 387 798 ut
414 747 590 799 contemnas
618 738 786 799 concitatos
817 738 894 799 istos
924 739 1072 817 strepitus
1095 750 1272 820 gratumque
1297 742 1400 803 stultis
1428 744 1587 805 mercimo-

228 824 338 898 nium,
364 825 533 899 inscitiam,
568 834 694 905 accepta
717 826 898 887 contumelia
921 827 987 886 loco
1018 829 1124 906 pretii,
1160 830 1283 889 vendas.
1332 829 1450 909 Quippe
1484 834 1589 911 vulgus

227 922 413 976 contemtum
435 914 642 995 philosophiae
668 915 695 976 in
721 934 753 974 se
776 914 842 992 ipso
866 916 1020 976 ulciscitur
1043 925 1189 995 perpetua
1213 917 1394 995 ignorantia.

318 1019 439 1083 Licebit
462 1020 517 1082 tibi
542 1031 641 1082 tamen
667 1021 743 1081 hauc
768 1020 928 1099 epistolam
949 1020 1059 1098 publici
1081 1020 1157 1099 juris
1183 1022 1293 1094 facere,
1319 1023 1344 1082 si
1366 1032 1419 1084 tua
1442 1024 1588 1087 interesse

226 1109 403 1188 putaveris,
429 1129 496 1170 mea
520 1110 593 1171 nihil
618 1110 745 1170 interest
769 1128 822 1170 nec
847 1109 955 1188 dIgnor
979 1108 1146 1184 hominem,
1173 1111 1199 1170 si
1223 1130 1309 1171 nerno
1341 1112 1459 1172 doctius
1483 1125 1589 1176 contra

227 1195 345 1258 scribit.
370 1226 413 1239 —
453 1198 532 1258 Vale
563 1206 594 1258 et
626 1196 766 1258 rescribe.
823 1197 942 1274 Progne
974 1197 1002 1256 d.
1029 1195 1058 1259 9.
1084 1199 1164 1275 Aug.
1198 1197 1291 1260 llilll.
1332 1207 1427 1269 (Editio
1446 1210 1590 1262 florentina

226 1282 283 1334 Vol.
299 1284 371 1343 VIII,
383 1300 409 1348 p.
424 1283 457 1334 92
471 1301 505 1335 ss.
525 1286 625 1336 easdem
644 1286 717 1335 affert
735 1286 828 1341 literas,
847 1298 908 1348 quas
920 1299 966 1332 uos
985 1292 1159 1348 comparantes
1179 1287 1289 1336 codicem
1303 1288 1471 1339 Viennensem
1490 1291 1587 1340 desavn·

228 1355 306 1405 ιἰιιι
325 1371 358 1406 ex
377 1356 513 1406 Hsnschio.
552 1357 606 1405 Illic
624 1357 714 1406 desunt
731 1357 820 1405 verba:
850 1357 886 1413 ,si
915 1370 987 1404 nemo
1017 1356 1113 1405 doctius
1142 1359 1339 1408 contrascribit.“
1378 1359 1438 1408 Dies
1463 1376 1538 1419 vero,
1562 1364 1588 1411 in

227 1423 367 1478 Viennensi
387 1428 472 1477 codice
491 1428 653 1484 desideratus,
673 1428 722 1476 illic
746 1427 843 1475 additus
863 1423 923 1487 est.)

315 1496 412 1558 Quibus
429 1499 532 1562 Kepleri
551 1499 627 1548 literis
646 1497 822 1547 Galilaeae
840 1498 967 1560 respondit
985 1497 1009 1545 d.
1033 1494 1071 1544 te.
1094 1500 1199 1562 Augusti
1223 1499 1288 1549 hunc
1307 1501 1332 1548 in
1352 1501 1468 1549 modum:
1493 1501 1587 1559 ,Binan

224 1563 418 1631 rru'spissolss
442 1570 606 1619 emditissimo
624 1569 733 1631 Keplero
760 1570 863 1631 accepi;
887 1569 960 1631 priori
986 1570 1038 1629 iarn
1059 1569 1102 1616 abs
1122 1577 1147 1618 te
1164 1571 1225 1631 Juris
1243 1572 1334 1632 publici
1361 1575 1444 1621 iactae
1462 1574 1488 1621 iu
1507 1574 1588 1622 altera

224 1653 336 1689 mearum
355 1641 552 1690 observationum
578 1641 684 1689 editione
708 1640 868 1702 respondebo.
906 1637 1001 1700 (Editio
1023 1638 1144 1695 ι,ιιίιιιι“
1166 1641 1245 1689 ιΙιιιι
1263 1657 1312 1689 nou
1339 1641 1448 1704 prodiit.)
1485 1643 1587 1693 Interea

224 1711 320 1775 gratias
340 1725 397 1776 ago,
416 1712 481 1776 qaod
499 1719 533 1761 ιι
550 1713 670 1775 primas
689 1725 723 1760 ac
742 1711 808 1759 lere
827 1710 931 1766 solus,
950 1725 976 1759 re
991 1712 1090 1758 minime
1104 1712 1224 1773 inspecta,
1245 1727 1308 1774 quae
1331 1721 1428 1761 tuaest
1445 1716 1587 1779 ingenuitas

224 1787 297 1846 etque
314 1783 412 1846 ingenii
430 1782 576 1838 sublimitas.
596 1784 657 1831 meis
677 1783 852 1831 assertionibus
871 1783 995 1845 integram
1014 1782 1088 1829 fidem
1106 1783 1256 1844 praebueris.
1295 1784 1426 1833 Secundae
1447 1799 1476 1834 ac
1495 1801 1551 1834 mox
1570 1801 1586 1835 a

224 1867 257 1902 ue
276 1860 398 1915 receptae
418 1868 560 1916 responsum
581 1854 645 1903 dabo
665 1854 848 1909 brevissimum
867 1854 1033 1915 paucissimae
1047 1854 1112 1900 enirn
1130 1862 1262 1915 supersunt
1281 1855 1312 1902 ad
1331 1856 1486 1903 scribendum
1500 1856 1584 1905 horae.

310 1939 395 1989 Primo
415 1947 499 1989 autem
518 1941 653 2006 significas,
672 1941 812 2003 perspicilla
830 1940 951 1989 nonnulla
969 1941 1035 2002 apud
1048 1948 1073 1988 te
1089 1954 1152 1998 esse,
1172 1956 1255 1989 verum
1268 1956 1316 1990 non
1335 1946 1387 2003 ejus
1406 1947 1584 2005 praestantiae,

224 2017 247 2060 rt
266 2011 372 2073 obiecta
390 2014 554 2061 remotissima
572 2013 682 2061 maxima
700 2019 774 2074 atque
794 2012 934 2060 clarissima
952 2016 1146 2073 repraesentent,
1168 2013 1198 2059 oh
1216 2012 1289 2075 idque
1307 2029 1388 2061 meum
1401 2021 1426 2061 te
1444 2021 1584 2077 expectare.
1644 2013 1648 2019 '

224 2080 319 2132 Verum
340 2082 589 2141 excellentissimam,
617 2084 681 2147 quod
702 2083 768 2145 apud
786 2097 826 2130 me
845 2090 883 2132 est
901 2082 1014 2146 quodque
1033 2090 1132 2145 spectra
1150 2083 1203 2144 plns
1222 2097 1295 2145 qnam
1314 2085 1400 2132 millies
1428 2086 1583 2148 multiplicat,

224 2167 304 2204 usum
323 2152 430 2217 amplius
449 2169 497 2203 non
517 2164 564 2204 est.
602 2155 685 2217 lpsum
704 2155 769 2203 enim
789 2168 805 2202 a
822 2169 862 2202 me
881 2155 953 2216 petiit
971 2153 1024 2202 Ser.
1039 2153 1172 2202 HetrorIae
1190 2152 1298 2218 Magnus
1311 2154 1376 2210 Dar,
1396 2157 1466 2204 utin
1485 2158 1584 2205 tribuna

224 2238 261 2275 na
282 2225 379 2274 condat
406 2225 487 2289 ibique
516 2226 582 2273 inter
606 2227 742 2289 insigniora
761 2239 791 2273 ac
810 2227 959 2287 preciosiora
986 2226 1010 2271 in
1037 2239 1170 2285 perennem
1194 2226 1254 2273 facti
1280 2230 1423 2274 memoriam
1451 2228 1582 2276 custodiat.

224 2294 292 2345 ’aris
311 2295 477 2345 excellentiae
496 2297 590 2345 nullum
610 2297 678 2344 aliud
697 2297 838 2352 constrari;
858 2297 940 2358 praxis
960 2296 1024 2343 enirn
1039 2302 1077 2344 est
1095 2295 1167 2343 valde
1186 2295 1316 2345 laboriosa.
1344 2297 1434 2345 Verum
1454 2297 1583 2347 machinas
1640 2338 1642 2342 Α

224 2365 355 2416 nonnullas
374 2367 408 2416 ad
425 2367 469 2415 illa
488 2368 667 2431 configuranda
686 2374 761 2430 atque
780 2367 927 2429 expolienda
950 2367 1103 2430 excogitari,
1123 2381 1186 2429 qnae
1204 2366 1244 2415 hie
1264 2375 1404 2416 construere
1424 2369 1508 2428 nolui,
1527 2384 1583 2418 enm

224 2439 343 2502 aportari
367 2452 417 2486 non
443 2447 544 2501 possent
569 2439 728 2494 Florentiam,
748 2439 789 2486 ubi
808 2440 833 2486 in
851 2445 977 2500 posterum
995 2452 1051 2486 men
1070 2438 1153 2486 futura
1172 2445 1210 2487 est
1227 2439 1307 2487 sedes.
1332 2438 1368 2488 Ibi
1387 2455 1461 2503 quarn
1480 2441 1583 2503 primum

227 2508 353 2558 sanciam
371 2515 397 2559 et
416 2510 502 2557 amicis
520 2510 626 2559 mittam.

307 2580 345 2629 Ex
364 2581 414 2628 tuis
434 2582 559 2630 adnotatis
578 2582 602 2629 in
623 2581 719 2630 Lunam
746 2581 860 2640 conjicio,
880 2586 950 2627 tuum
969 2579 1132 2642 perspicillum
1154 2577 1284 2627 mediocris
1303 2585 1401 2629 tanturn
1419 2596 1473 2631 esse
1494 2582 1577 2632 elfica·

225 2651 280 2711 iae,
303 2651 335 2700 ob
354 2652 427 2714 idque
447 2652 479 2700 ad
497 2652 612 2715 planetas
641 2651 826 2713 conspiciendos
854 2651 916 2698 forte
945 2651 1045 2697 minime
1071 2650 1202 2706 idoneum3
1231 2665 1290 2713 qnos
1309 2652 1407 2714 quidem
1430 2653 1544 2716 planetas
1563 2668 1580 2703 a

229 2757 237 2770 .
257 2721 331 2779 Jnlii,
350 2724 403 2783 jam
422 2737 478 2771 cum
497 2723 558 2772 Jove
576 2723 699 2772 matutino
719 2723 834 2777 orientes,
853 2722 944 2785 pluries
963 2723 1079 2783 conspexi
1099 2727 1173 2784 atque
1193 2721 1317 2769 adnotavi.

278 2805 282 2816 '
307 2810 345 2859 Ex
363 2810 433 2860 coelo
452 2810 557 2874 denique
577 2811 707 2860 descendis
727 2811 758 2859 ad
778 2825 875 2866 orcum,
896 2811 928 2858 ad
946 2808 1083 2858 Bohemnm
1103 2823 1137 2856 sc.
1157 2810 1239 2866 illum,
1265 2812 1336 2872 cujus
1360 2818 1434 2860 tanta
1452 2819 1480 2860 ιι
1498 2811 1578 2862 vidIstl

224 2885 251 2931 st
270 2881 392 2943 audacia,
410 2882 517 2931 stultitia
536 2891 562 2932 ιι
580 2884 735 2946 ignorantia,
755 2889 783 2929 ut
801 2882 894 2943 absque
912 2881 1018 2929 nominis
1043 2879 1107 2928 illius
1126 2880 1204 2944 gloria
1222 2882 1253 2930 de
1273 2897 1301 2929 eo
1322 2883 1396 2932 verba
1413 2884 1520 2946 prolerre
1540 2884 1577 2933 vel

225 2953 295 3002 darn
314 2954 435 3015 iujun'osa
452 2954 552 3002 minime
570 2954 699 3017 possimus.
737 2953 830 3002 Lateat
847 2954 922 3017 igitur
942 2952 1007 3015 apud
1027 2966 1125 3004 orcum.
1150 2953 1273 3017 totiusque
1292 2955 1384 3014 pariter
1405 2955 1470 3018 vulgi
1490 2961 1578 3005 conta·

224 3023 319 3074 uellam
337 3039 428 3088 susque
447 3025 524 3089 deque
543 3025 679 3082 laelamns;
705 3038 812 3088 namque
838 3034 924 3073 contra
942 3024 1028 3072 Iovem
1046 3038 1093 3071 nec
1114 3022 1249 3088 Gigantes,
1273 3024 1365 3073 nedum
1383 3025 1486 3090 Pigmei.
1524 3026 1580 3088 Stet

224 3095 317 3160 tupiter
334 3096 361 3144 in
381 3094 449 3144 coelo
468 3103 495 3143 ιι
513 3096 637 3145 oblatrent
655 3095 829 3158 sycophantes,
850 3103 969 3160 quantum
988 3094 1080 3142 volunt.

308 3165 386 3223 Petis,
407 3167 532 3216 canssime
551 3166 675 3229 Keplere,
702 3167 763 3214 alios
782 3173 866 3215 testes.
905 3166 1026 3229 Magnum
1045 3165 1177 3213 Hetrnriac
1197 3164 1293 3214 Ducem
1311 3166 1435 3229 produco,
1463 3169 1579 3231 quicum

224 3238 383 3299 mpcrioribus
407 3238 532 3286 mensibus
559 3238 675 3300 planetas
693 3236 820 3285 Mediceos
839 3251 936 3286 meeum
962 3239 1060 3298 saepius
1080 3236 1233 3284 observasset
1252 3237 1331 3293 Pisis,
1351 3240 1376 3287 in
1395 3254 1450 3288 meo
1469 3240 1579 3289 dIscessu

224 3321 308 3360 muns
325 3310 398 3372 pretii
411 3309 467 3371 plus
479 3324 553 3373 quam
573 3323 701 3358 aureorum
714 3309 780 3357 millo
794 3309 870 3363 dedit,
891 3309 1011 3371 modoque
1024 3310 1050 3355 in
1064 3307 1170 3369 patriam
1183 3322 1222 3355 rue
1236 3315 1364 3364 convocat,
1385 3324 1440 3358 cum
1456 3311 1578 3372 stipendio

224 3379 313 3446 pariter
332 3394 462 3429 aureorum
479 3380 588 3429 milicia
607 3381 709 3445 singulis
729 3382 809 3437 annis,
829 3395 933 3443 eumque
952 3380 1023 3427 titulo
1042 3376 1177 3441 philosophi
1197 3385 1222 3425 et
1240 3380 1407 3429 mathematIci
1421 3381 1578 3430 Celsitudims

224 3462 291 3507 suu,
308 3451 374 3500 nullo
393 3452 493 3514 insuper
510 3465 585 3500 onere
605 3453 726 3514 imposito,
747 3452 790 3499 sed
809 3451 1009 3514 trananlIIssimo
1022 3451 1072 3498 otio
1092 3450 1189 3510 largito,
1210 3465 1337 3511 quomens
1356 3451 1428 3499 libros
1447 3452 1578 3501 conficiam

224 3517 430 3582 Methanicorum,
453 3522 640 3570 Constitutionis
668 3524 788 3580 universi.
817 3537 863 3571 uec
882 3538 932 3570 non
950 3520 1034 3569 Motus
1052 3519 1138 3568 localis
1164 3525 1215 3567 tum
1244 3522 1364 3569 naturalis
1387 3529 1440 3570 tum
1468 3524 1576 3581 violenti,

224 3591 292 3650 nita
315 3599 483 3656 symptomata
508 3594 668 3656 complurima
694 3594 808 3643 inaudita
833 3601 859 3642 et
886 3593 1033 3642 admiranda
1060 3591 1209 3656 geometrice
1237 3592 1385 3640 demonstro.
1428 3593 1470 3641 Me
1497 3595 1577 3656 Ipsum

226 3661 343 3724 pwdtco,
372 3665 454 3728 quiin
474 3663 520 3715 hoc
539 3667 668 3728 gymnasio
696 3665 816 3729 stipendio
844 3666 934 3728 insigni
963 3664 1107 3712 llorenorum
1126 3660 1161 3710 II.
1186 3663 1317 3710 decoratus
1336 3670 1362 3710 ιι
1379 3665 1451 3726 quale
1479 3665 1575 3714 mathe-

226 3734 367 3784 mascarum
386 3736 546 3785 scientiarum
566 3738 686 3799 professor
704 3737 784 3785 nullus
802 3736 889 3784 habuit
907 3750 1015 3799 unquam
1035 3743 1061 3783 et
1079 3749 1125 3797 quo
1145 3741 1198 3781 tuto
1212 3734 1269 3781 dum
1288 3735 1393 3782 viverem
1407 3737 1451 3783 lrui
1470 3750 1575 3798 possem,

226 3799 298 3854 sarm
315 3806 474 3856 illudentibus
498 3806 604 3869 planetis
624 3816 649 3855 et
668 3807 857 3873 effugientibus:
884 3807 983 3855 discedo
1009 3813 1094 3854 tamen
1113 3813 1138 3852 et
1157 3821 1185 3854 eo
1205 3820 1244 3853 me
1264 3805 1377 3862 confero,
1396 3807 1436 3854 ubi
1456 3806 1575 3856 illusionis

225 3881 294 3923 fleas
311 3891 405 3940 poenas
433 3879 532 3941 inopiae
560 3886 634 3941 atque
662 3878 787 3927 dedecoris
812 3878 912 3927 luerem.
950 3878 1050 3933 lulium,
1070 3879 1169 3925 tratrem
1188 3876 1282 3926 Iuliani
1302 3877 1339 3926 ill.
1360 3875 1470 3927 Oratoris
1488 3877 1576 3943 Magni

224 3933 300 3995 ⁰³⁶¹·
317 3948 428 4006 exhibeo,
458 3950 499 4012 qni
519 3948 581 3996 Pisis
610 3964 663 3997 cum
692 3949 774 3997 maltis
800 3949 855 3997 aliis
874 3950 960 3998 aulicis
990 3949 1079 4013 pluries
1107 3948 1223 4010 planetas
1250 3949 1395 3998 observavit.
1434 3949 1575 4008 Vemmsi

225 4017 288 4064 “nt
307 4019 462 4069 adversarius
480 4035 558 4079 meus,
579 4021 636 4083 quid
657 4022 760 4083 amplius
779 4035 880 4084 egemus
899 4020 1024 4069 testihns‘l
1043 4020 1114 4074 Piala
1134 4019 1282 4076 Florentiae,
1295 4019 1432 4076 Bononiae,
1452 4022 1583 4092 Venetiis,¹

291 4103 322 4139 ae
341 4090 493 4154 complurimi
511 4091 637 4148 viderunt,
664 4092 738 4140 silent
757 4107 842 4141 ornnes
861 4101 887 4140 et
904 4092 1047 4142 haesitant:
1073 4091 1183 4139 maxima
1202 4092 1268 4140 enim
1286 4106 1342 4154 pars
1361 4106 1409 4140 nec
1426 4093 1512 4142 Iovem
1531 4102 1575 4142 ant

328 4163 392 4219 ,via
411 4160 502 4211 saltem
521 4161 618 4210 Lunam
636 4168 665 4210 ut
682 4163 808 4224 planetam
833 4163 987 4227 dignoscunt.
1027 4162 1133 4222 Quidam
1156 4160 1269 4211 Venetiis
1296 4171 1382 4211 contra
1400 4177 1439 4211 me
1459 4164 1573 4226 obloque-

224 4213 290 4276 latur
306 4233 435 4294 jactitans,
455 4245 483 4280 so
502 4238 569 4281 certo
589 4235 659 4294 scire,
678 4234 762 4282 stellas
781 4248 850 4282 meas
869 4234 1034 4282 circularem
1048 4247 1063 4281 a
1076 4247 1102 4281 so
1121 4232 1211 4295 pluries
1230 4234 1372 4282 observatas
1390 4235 1505 4297 planetas
1524 4248 1573 4282 uon

224 4295 278 4352 ¹⁸·
302 4317 330 4351 aa
342 4319 372 4352 so
385 4303 450 4368 qued
470 4302 527 4352 illas
545 4317 641 4366 semper
659 4318 714 4352 cunr
727 4304 789 4354 Jove
811 4306 950 4367 spectabat,
969 4307 1096 4367 ipsumque
1110 4310 1155 4353 aut
1172 4319 1256 4354 omnes
1270 4310 1315 4353 ant
1326 4318 1382 4366 pars
1400 4306 1473 4354 modo
1485 4319 1571 4367 seque-

308 4409 316 4434 ,
333 4375 466 4438 praeibant
483 4374 564 4423 modo.
591 4375 655 4435 Quid
669 4376 743 4438 igitur
762 4374 906 4439 agendum?
927 4376 988 4423 Cum
1001 4375 1143 4425 Democrito
1162 4382 1207 4423 aut
1223 4390 1278 4424 cum
1291 4374 1419 4422 Heraclito
1438 4374 1572 4424 standum?

224 4421 289 4497 Vela,
308 4446 341 4494 nri
358 4445 481 4508 Keplere,
509 4453 536 4494 ut
559 4447 684 4494 rideamus
710 4449 832 4510 Insignem
860 4447 925 4509 vulgi
953 4445 1090 4494 stultitiam.
1130 4445 1194 4503 Quid
1213 4446 1279 4493 dices
1298 4445 1329 4493 de
1353 4446 1473 4507 primariis
1499 4446 1572 4507 hujus

224 4507 339 4566 masii
355 4514 523 4581 philosophis,
551 4518 592 4580 qui
611 4516 702 4580 aspidis
723 4519 861 4580 pertinacia
888 4518 975 4580 repleti
1002 4529 1145 4580 nunquam,
1173 4516 1233 4563 ltcet
1251 4531 1290 4563 ιιι
1312 4516 1375 4564 ultro
1395 4517 1480 4566 dedita
1498 4530 1572 4581 opera

224 4571 306 4635 'filies
323 4587 455 4644 offerente,
475 4602 523 4637 uec
541 4587 668 4650 planetas,
688 4603 735 4637 ιιι
754 4588 866 4647 Lunam,
892 4603 940 4637 nec
962 4588 1126 4650 perspicillum
1145 4586 1227 4634 videre
1245 4585 1392 4636 voluerunt?
1422 4587 1523 4648 Verum,
1542 4595 1571 4637 ut

224 4635 258 4692 Ι·
276 4665 356 4715 aures,
376 4660 412 4707 sic
430 4659 472 4707 isti
491 4658 574 4706 oeulos
593 4666 681 4707 contra
698 4660 810 4707 veritatis
829 4660 907 4707 lucem
926 4660 1078 4708 obturarunt.
1103 4655 1200 4719 Magna
1213 4662 1271 4705 sunt
1283 4656 1355 4714 haec,
1374 4659 1466 4709 nnllam
1485 4667 1571 4709 tamen

225 4712 279 4772 *ll
295 4728 402 4780 immas
420 4729 618 4779 admirationem.
641 4729 720 4779 Putat
737 4733 802 4779 enim
815 4729 862 4778 hoc
880 4731 1005 4779 hominnm
1023 4744 1109 4795 genus,
1120 4726 1308 4791 'philosophiam
1321 4743 1376 4778 esso
1389 4730 1475 4780 librum
1493 4745 1569 4795 queu-

227 4777 286 4854 ἦ,
303 4800 368 4850 velut
385 4799 503 4850 Aeneida
521 4809 546 4850 et
565 4800 693 4863 Odyssea:
718 4815 777 4849 vera
796 4807 880 4849 autem
898 4816 949 4850 non
967 4803 991 4849 in
1011 4801 1100 4850 mundo
1120 4806 1164 4847 aut
1182 4800 1207 4847 in
1226 4805 1330 4855 natura,
1350 4801 1438 4850 sedin
1457 4803 1568 4852 controu-

227 4851 313 4928 ΨΜ
334 4877 447 4922 textuum
465 4868 533 4931 (utor
554 4871 648 4921 illorum
667 4868 758 4931 verbis)
782 4885 836 4919 esse
864 4872 1014 4935 quaerenda.
1053 4872 1102 4920 Cur
1120 4875 1202 4918 tecum
1221 4870 1263 4920 diu
1285 4870 1364 4921 ridere
1381 4888 1430 4921 non
1449 4871 1569 4936 possum?

230 4915 289 4984 Q
304 4939 388 4994 edera
406 4939 542 4992 cachinnos
555 4940 663 5006 Keplere
680 4941 865 4998 humanIssime,
886 4942 905 4989 si
926 4942 1024 4992 audires
1042 4956 1107 5007 quae
1126 4949 1214 4989 eontra
1231 4956 1271 4990 me
1290 4956 1374 4992 coram
1391 4942 1484 5009 Magno
1498 4944 1569 4994 Duce

230 4985 288 5054 Γ*
300 5021 315 5062 ι
329 5011 474 5078 »mmm
492 5011 557 5063 nna
574 5014 697 5079 „muna
714 5013 829 5077 pamma
846 5012 946 5077 prorsas
964 5011 1072 5074 suemus,
1092 5013 1150 5063 aum
1168 5014 1321 5078 agamenes·
1339 5014 1493 5081 uouemus,
1510 5021 1568 5065 aa·
