3692 5842
726 460 899 526 capam
918 458 944 514 ³·
1451 461 1516 527 att

153 634 293 697 circellus
316 635 408 697 fuerit
430 644 601 715 superstes,
626 644 658 699 et
680 658 739 699 non
762 637 863 718 potius
887 657 926 698 ex
949 638 1048 698 altera
1074 644 1161 715 parte
1190 638 1385 701 tenuissimus
1409 660 1514 722 margo

152 723 367 795 comioulatus,
391 725 521 787 nondum
544 726 665 805 penitus
689 727 856 806 conjunctis
879 726 1003 789 centris.
1041 726 1121 788 Nam
1146 727 1208 788 lieri
1231 737 1343 807 potest,
1368 737 1403 790 ut
1425 731 1516 793 aliter

151 812 228 874 haec
251 812 337 875 initio
368 813 481 875 luerint
512 814 704 895 consignata,
740 817 829 878 aliter
852 837 871 877 a
895 814 1002 878 Clavio
1035 815 1236 897 transcripta,
1271 837 1324 879 seu
1351 820 1513 880 memoriae

152 901 257 980 lapsu,
288 921 344 964 seu
370 910 567 982 praepostero
595 906 833 984 consignationis
862 906 1038 966 intellectu:
1068 906 1246 984 praesertim
1277 908 1302 967 si
1328 905 1452 969 Clavius
1476 910 1514 970 ab

150 990 219 1052 aliis
244 991 313 1052 visa
340 1001 563 1056 commemoret.
609 994 757 1074 Equidem
781 1003 812 1056 et
834 994 899 1073 ipse
924 994 1065 1056 dubitans
1089 995 1183 1069 addit,
1200 1006 1225 1058 id
1241 1006 1360 1061 tortasse
1374 1024 1514 1079 nunquam

150 1087 237 1136 antea
259 1081 421 1154 contigisse.

238 1178 338 1259 Atqui
360 1187 412 1241 sat
434 1178 624 1241 considerate
650 1178 788 1241 Clarium
811 1180 867 1241 hoc
890 1181 1119 1261 phaenomenon
1148 1183 1309 1245 memoriae
1333 1183 1513 1263 prodidisse,

150 1267 311 1347 perpensis
336 1267 583 1343 circumstantiis,
614 1270 823 1331 demonstrant
847 1271 921 1332 haec
951 1272 1018 1351 ipsa
1049 1273 1180 1333 auctoris
1205 1273 1307 1336 verba.
1355 1270 1456 1342 Quare
1480 1280 1516 1335 ut

151 1356 188 1417 de
212 1376 247 1418 re
270 1357 361 1437 plana
385 1357 557 1418 certissima
579 1357 624 1419 sic
648 1358 844 1438 disputemus.

238 1462 283 1524 Et
305 1462 400 1543 primo
434 1463 554 1544 quidem
583 1483 641 1525 uon
671 1465 801 1534 inficior,
836 1465 1020 1546 hypotheses
1052 1468 1238 1546 quorundam
1274 1476 1514 1529 astronomorum

151 1551 195 1613 sic
219 1571 290 1614 esse
312 1560 518 1632 comparatas,
541 1562 575 1615 ut
589 1552 644 1615 Sol
666 1554 826 1634 perigaeus
847 1555 968 1615 aLuna
991 1574 1129 1635 apogaea
1152 1557 1181 1617 in
1206 1556 1283 1618 hunc
1307 1557 1426 1618 modum
1450 1558 1513 1635 tagi

150 1641 262 1721 possit,
286 1641 393 1703 relicto
417 1641 508 1704 limbo
531 1642 730 1722 prominente.
769 1645 848 1705 Nam
868 1663 954 1723 quem
979 1663 1070 1724 supra
1094 1646 1240 1724 suspicati
1264 1665 1366 1707 sumus
1387 1643 1513 1706 aCleo-

149 1731 237 1792 mede
269 1730 389 1806 taxari,
423 1731 624 1793 multitudiuis
658 1733 767 1807 verbo,
798 1732 994 1812 Sosigenem,
1023 1733 1050 1793 ei
1075 1755 1093 1794 a
1116 1735 1224 1796 Proclo
1248 1734 1405 1795 Diadocho
1436 1734 1512 1796 haec

151 1820 250 1883 forma
277 1829 382 1900 aperte
413 1820 569 1893 tribuitur,
598 1831 832 1883 commemorata
861 1823 943 1901 prius
972 1821 1140 1883 Ptolemaei
1170 1824 1331 1885 sententia.
1383 1824 1514 1885 Dixerat

153 1910 360 1981 Ptolemaeus,
392 1927 446 1988 per
468 1910 634 1990 Hipparchi
664 1911 813 1991 dioptram
837 1911 893 1972 hoc
923 1918 1036 1972 certum
1070 1911 1187 1987 haberi,
1223 1911 1304 1973 Solis
1334 1912 1511 1974 diametrum

153 2001 191 2061 ab
217 2016 354 2079 apogaeo
378 1998 407 2059 iu
438 1999 611 2078 perigaeum
640 2001 679 2061 ad
708 2019 828 2061 sensum
851 2019 908 2060 uon
933 1999 1058 2074 variari,
1083 2002 1137 2061 sed
1161 2002 1264 2062 eodem
1288 2003 1397 2081 angulo
1422 2020 1512 2081 spec-

154 2087 236 2151 tari:
261 2087 366 2149 Lunae
391 2106 462 2149 vero
486 2085 671 2150 diametrum
689 2098 751 2150 tum
776 2090 893 2151 demum
918 2089 1064 2150 diametro
1083 2088 1164 2151 Solis
1189 2091 1345 2170 aequalem
1369 2090 1513 2169 spectari,

150 2197 220 2241 cum
244 2177 332 2238 Luna
362 2177 455 2256 plena
485 2178 514 2238 in
548 2196 684 2259 apogaeo
716 2179 762 2239 sui
796 2178 920 2258 epicycli
954 2180 995 2239 sit
1025 2178 1211 2240 constituta:
1246 2188 1279 2240 at
1309 2180 1337 2239 in
1370 2180 1512 2259 perigaeo

154 2268 275 2330 Lunam
299 2265 394 2327 videri
418 2267 571 2345 majorem.
619 2268 742 2329 Procius
767 2267 857 2346 igitur
881 2267 920 2327 ad
944 2268 1019 2328 haec
1044 2268 1147 2329 addit:
1173 2279 1233 2331 Hoc
1263 2279 1285 2331 si
1316 2297 1426 2343 rerum,
1458 2297 1513 2333 non

152 2366 197 2412 est
217 2374 324 2420 varum,
346 2359 417 2427 quod
438 2356 588 2428 Sosigenes
616 2365 715 2412 narrat
742 2357 957 2428 peripateticus,
983 2358 1012 2411 in
1032 2358 1072 2411 eis
1088 2375 1159 2429 quae
1182 2361 1215 2411 de
1232 2359 1450 2413 revolutionibus
1472 2361 1513 2413 in·

152 2438 279 2510 scripsit,
300 2436 394 2492 Solem
413 2436 441 2491 iu
462 2437 604 2509 perigaeis
632 2438 782 2507 eclipsibus
803 2437 884 2491 factis
912 2438 1035 2507 spectari
1056 2457 1109 2492 non
1132 2446 1219 2493 totum
1241 2440 1268 2492 in
1289 2442 1430 2494 anteriora
1449 2456 1512 2510 pro·

152 2533 310 2583 amntem
334 2515 486 2595 (intelligo
509 2524 581 2596 post
604 2517 720 2578 Lunam
744 2537 812 2577 sese
836 2517 1058 2595 recipientem),
1093 2531 1142 2582 sed
1175 2528 1204 2582 in
1238 2530 1369 2583 extremis
1401 2530 1513 2584 circum·

151 2609 291 2665 terentiae
319 2606 407 2677 ipsius
437 2607 568 2661 circulum
595 2608 693 2661 Lunae
724 2611 855 2672 eradere,
887 2624 921 2661 ac
941 2608 1050 2662 minime
1080 2610 1238 2678 impeditum
1266 2610 1359 2664 lumen
1386 2614 1460 2666 dare.
1474 2606 1512 2680 ⁷⁷)

150 2690 296 2768 Apparet
317 2686 525 2765 Hipparchum
550 2687 628 2748 idem
652 2687 780 2760 dixisse,
811 2688 888 2766 quod
913 2687 1106 2748 Ptolemaeus
1131 2689 1167 2748 de
1193 2689 1348 2749 diametris
1372 2691 1513 2751 luminum

150 2777 238 2851 dixit,
262 2773 443 2853 Sosigeuem
466 2793 538 2836 vero
566 2776 719 2837 addidisse
749 2777 826 2837 hauc
854 2775 1155 2854 interpretationem:
1185 2776 1211 2837 si
1240 2777 1352 2838 lumina
1376 2797 1513 2861 apogaea

151 2874 330 2947 spectentur
352 2864 458 2925 eodem
481 2866 603 2943 angulo,
626 2875 707 2926 certe
732 2864 834 2927 Solem
858 2866 1030 2945 perigaeum
1055 2874 1224 2945 spectatum
1248 2866 1283 2926 iri
1307 2868 1426 2946 majori,
1453 2866 1512 2928 etsi

149 2956 205 3018 hoc
228 2973 284 3034 per
308 2954 459 3033 dioptram
483 2953 521 3014 ob
545 2953 712 3016 exilitatem
737 2974 794 3015 nou
820 2955 1071 3033 deprehendatur.
1119 2956 1199 3016 Fieri
1223 2956 1324 3035 itaque
1348 2976 1454 3036 posse,
1480 2964 1513 3017 ut

150 3043 215 3107 Soli
238 3042 381 3124 perigaeo
406 3042 493 3104 Luna
515 3041 651 3122 ἆπογειος
675 3051 707 3104 et
730 3043 773 3104 ita
796 3043 903 3105 minori
928 3044 1037 3123 angulo
1062 3044 1231 3122 objiciatur,
1259 3053 1291 3104 et
1314 3046 1358 3105 sic
1375 3044 1429 3106 Sol
1454 3063 1512 3107 nou

149 3141 234 3195 totus
258 3151 313 3212 per
336 3149 440 3193 omues
474 3132 686 3193 extremitates
716 3138 847 3211 tegatur.
896 3132 1064 3213 Propterea
1088 3134 1212 3194 Proclus
1246 3134 1348 3194 addit:
1383 3145 1455 3198 Nam
1489 3142 1513 3196 si

149 3223 287 3295 quispiam
311 3222 365 3276 hoc
386 3221 543 3288 admiserit,
572 3223 621 3278 Sol
641 3223 823 3277 differentiam
853 3223 939 3277 faciet
968 3224 1162 3292 apparentium
1192 3223 1395 3278 diametrorum.
1448 3223 1512 3283 Imo

148 3334 220 3377 vero
251 3310 445 3392 respondebit
467 3312 575 3373 Proclo
599 3310 777 3390 Sosigenes,
811 3310 881 3391 quia
907 3311 1026 3372 omnino
1051 3310 1154 3373 Solem
1182 3330 1308 3374 necesse
1337 3319 1385 3372 est
1413 3329 1510 3390 appa-

149 3404 281 3467 rentium
305 3402 519 3463 diametrorum
543 3400 741 3462 differentiam
765 3400 884 3473 lacere3
910 3400 1029 3460 accedit
1052 3401 1131 3461 enirn
1155 3408 1187 3460 et
1210 3402 1337 3474 recedit,
1364 3400 1431 3460 ideo
1456 3401 1512 3460 hoc

151 3512 206 3573 ego
232 3491 304 3554 duxi
329 3489 557 3551 admittendum.
596 3490 645 3550 Ita
669 3508 723 3550 nos
739 3490 864 3550 Proclus
884 3489 984 3561 docet,
1009 3488 1155 3550 statuisse
1180 3488 1368 3570 Sosigenem,
1393 3487 1511 3549 omuino

149 3580 246 3644 videri
274 3579 355 3642 tales
386 3578 530 3657 eclipses,
562 3577 681 3658 qualem
710 3579 796 3639 uobis
826 3576 950 3639 Clavius
979 3596 1068 3638 unam
1100 3578 1243 3656 prodidit.
1291 3576 1359 3648 Quo
1393 3578 1512 3657 quidem

151 3672 218 3733 loco
243 3668 302 3730 sibi
332 3666 392 3747 ipsi
415 3667 540 3729 Proclus
564 3667 843 3747 interpretationem
876 3668 964 3728 affert
987 3667 1066 3745 ejus,
1101 3667 1179 3745 quod
1204 3687 1223 3726 a
1245 3665 1389 3746 principio
1418 3665 1512 3727 libelli

150 3760 409 3842 Hypotyposeou,
433 3756 612 3816 mirabilium
646 3756 854 3835 quaestionum
887 3756 992 3835 quinta
1021 3756 1147 3816 dixerat.
1194 3765 1260 3820 cum
1285 3767 1384 3830 etiam,
1407 3754 1513 3835 inquit,

149 3851 249 3905 Lunae
268 3848 300 3902 in
318 3846 450 3918 perlectis
471 3846 615 3900 Solaribus
636 3847 786 3917 eclipsibus
807 3849 943 3916 quaedam
964 3852 1112 3900 cernantur
1133 3846 1322 3902 differentiae:
1348 3864 1412 3901 uam
1434 3852 1510 3899 totus

150 3929 301 4002 aliquando
322 3927 371 3982 Sol
391 3927 489 3997 obtegi
513 3927 673 3996 conspectui
703 3927 811 3981 videtur
839 3934 953 3981 nostro:
984 3928 1133 3997 aliquando
1154 3926 1183 3980 iu
1204 3927 1263 3996 ipso
1292 3927 1426 3990 articulo,
1458 3943 1511 3996 quo

149 4019 247 4065 centra
260 4010 315 4063 duo
329 4014 360 4061 et
374 4006 470 4061 oculus
485 4006 514 4061 in
534 4010 649 4061 eandem
663 4007 786 4062 incidunt
806 4007 917 4071 lineam,
939 4008 1022 4062 Luna
1035 4007 1110 4061 intra
1123 4006 1196 4061 Solis
1211 4010 1343 4064 ambitum
1357 4013 1510 4078 spectatur.

150 4088 306 4158 Ostendit,
330 4085 461 4167 iuquam,
486 4087 552 4147 loco
575 4086 658 4165 prius
683 4087 830 4161 adducto,
854 4105 887 4147 se
910 4086 959 4148 hic
982 4086 1063 4166 loqui
1086 4105 1146 4147 uon
1170 4086 1207 4146 da
1231 4088 1432 4168 experientia,
1457 4084 1511 4145 sed

150 4196 187 4240 ex
208 4174 370 4257 Sosigeuis
403 4174 626 4236 traditionibus.
672 4175 751 4238 Nam
775 4176 801 4237 si
825 4194 942 4249 eorum,
977 4193 1053 4254 quae
1076 4173 1125 4236 hic
1157 4175 1248 4251 dixit,
1280 4175 1433 4256 propriam
1457 4180 1512 4233 aut

148 4267 262 4329 saltem
285 4272 400 4328 certam
423 4262 581 4325 habuisset
603 4264 828 4342 experientiam,
853 4283 1004 4343 uunquam
1018 4263 1080 4337 illa,
1106 4282 1181 4342 quae
1205 4266 1302 4345 primo
1320 4266 1387 4326 loco
1412 4261 1510 4322 addu-

147 4355 258 4431 ximus,
282 4353 313 4416 iu
332 4371 399 4416 eum
418 4351 538 4414 modum
562 4352 788 4432 subjunxisset:
813 4371 964 4435 nunquam
980 4372 1025 4426 ea,
1052 4370 1127 4431 quae
1143 4349 1307 4433 Sosigenes
1330 4349 1509 4426 tradiderat,

147 4442 178 4507 iu
202 4443 326 4507 dubium
349 4449 502 4510 vocasset,
526 4448 630 4521 utpote
656 4441 844 4522 experientia
866 4461 919 4522 per
944 4461 976 4502 se
1000 4442 1186 4502 confirmata.

237 4557 290 4621 An
313 4556 406 4637 igitur
429 4556 505 4618 haec
529 4554 673 4618 aClavio
700 4557 798 4618 relata
821 4557 943 4636 eclipsis
967 4574 1021 4634 per
1036 4555 1239 4616 Ptolemaicas
1264 4553 1447 4636 hypotheses
1472 4552 1510 4613 ab

147 4647 324 4728 Hipparcho
352 4654 385 4707 et
407 4644 555 4724 Sosigene
588 4653 791 4708 transsumtas
819 4646 918 4724 possit
950 4642 1112 4705 excusari?
1144 4643 1279 4703 Minime.
1325 4642 1458 4703 Primum
1482 4640 1511 4701 iu

148 4737 218 4817 ipsa
248 4732 439 4814 longitudine
471 4733 571 4795 media
600 4734 660 4796 luit
686 4735 790 4809 Luna,
823 4733 921 4812 major
953 4733 1100 4794 diameter
1128 4732 1246 4806 Lunae,
1281 4750 1370 4811 quam
1394 4729 1511 4792 Solaria

150 4825 244 4888 etiam
273 4844 425 4905 moqeeoc.
470 4823 588 4885 Deinde
612 4822 667 4885 Sol
690 4824 755 4903 ipse
788 4840 894 4884 versus
927 4839 1093 4901 apogaeum
1124 4820 1202 4894 ibat,
1238 4827 1269 4882 et
1291 4838 1367 4901 pene
1390 4819 1511 4880 minimo

149 4913 262 4994 angulo
296 4912 505 4995 spectabatur.
561 4909 663 4973 Causa
695 4910 788 4991 igitur
820 4909 1019 4990 phaenomeni
1052 4909 1113 4970 alia
1143 4916 1191 4971 est
1228 4908 1408 4989 quaerenda.
1464 4907 1512 4969 Ac

149 5003 263 5081 nucia
288 5021 329 5067 aa
356 5017 424 5064 eam
447 5000 629 5064 Plutarchus
652 5000 755 5063 libello
778 5000 872 5063 toties
889 5000 955 5081 jam
976 5000 1096 5080 pulsato
1121 4998 1158 5061 de
1180 4997 1260 5063 iacie
1287 4997 1394 5060 Lunae
1422 4996 1513 5079 plana
