3692 5842
766 491 939 557 carem-
1458 494 1519 562 ιιι

161 666 241 748 ‘ipso
263 668 456 749 retrogradus
479 687 538 731 non
553 667 652 744 fuerit,
677 669 730 730 sed
754 668 1011 751 simplicissimus:
1036 670 1117 734 linea
1139 669 1325 749 trajectenis,
1350 691 1427 753 quae
1444 674 1525 736 solet

174 775 243 818 esse
265 776 425 839 parumper
453 768 587 822 arcuata.
633 757 714 821 Nam
730 758 766 819 in
794 761 984 822 meridionali
1015 761 1107 841 plaga
1138 760 1286 839 sphaerae
1309 761 1420 823 Martis
1444 763 1525 838 circa¹

176 842 236 912 15⁰
265 845 468 925 Ycoortus,
502 848 615 929 impetu
647 848 861 927 propemodum
890 849 1046 913 rectilineo
1079 866 1197 911 sursum
1225 849 1255 910 in
1282 851 1523 930 septentrionem

174 935 255 999 latus
285 945 347 1011 est,
381 945 413 1000 et
444 938 525 1000 saltu
558 956 648 1017 super
675 935 778 999 Solem
803 938 900 1014 iacto,
934 957 1039 1000 versus
1061 935 1379 1018 ipsissimum'Terrae
1406 940 1466 1002 iter
1492 941 1521 1002 iu

173 1025 300 1098 conliuio
323 1026 434 1090 Librae
458 1036 489 1089 et
511 1024 685 1129 Scorpionis
708 1027 854 1105 perlatus,
878 1028 1053 1108 exspiravit.
1093 1026 1204 1089 Terrae
1226 1028 1328 1109 itaque
1356 1037 1454 1092 motus
1477 1029 1523 1092 illi

173 1114 348 1179 conciliavit
369 1115 447 1177 hauc
479 1117 610 1198 speciem
641 1116 919 1194 retrogradationis.
965 1116 1081 1180 Verum
1103 1116 1180 1177 istas
1215 1117 1351 1197 argutias
1378 1136 1434 1180 uou
1464 1119 1523 1181 lert

172 1202 250 1266 haec
272 1204 422 1267 mantice.
436 1212 480 1267 et
502 1205 573 1286 quid
595 1203 696 1266 verbis
719 1205 818 1284 opus?
841 1206 934 1281 Vicit,
958 1205 1031 1268 vicit
1053 1206 1189 1287 inquam,
1213 1204 1332 1268 Rtslini
1362 1225 1522 1296 argumen-

173 1293 271 1368 tatio;
295 1313 352 1375 quo
375 1293 473 1376 magis
496 1294 579 1357 illam
601 1294 700 1358 miror.
739 1294 886 1357 Nimimm
908 1294 954 1358 uti
976 1296 1052 1358 haec
1074 1292 1212 1377 prodigia
1235 1304 1307 1357 sunt
1329 1303 1417 1357 extra
1439 1296 1522 1359 ordi-

174 1399 259 1457 nem,
296 1383 341 1446 sic
362 1383 577 1463 interpretibus
610 1402 726 1464 quoque
757 1402 831 1463 opus
868 1384 983 1446 habent
1012 1384 1156 1465 peculiari
1185 1403 1241 1447 nec
1269 1384 1404 1447 omnibus
1434 1384 1522 1458 obvio

176 1471 333 1535 utentibus
356 1471 520 1535 instinctu.
544 1491 599 1535 nec
623 1473 711 1534 aliter
734 1474 967 1576 explicantur'
939 1475 997 1538 ursi
1015 1474 1190 1555 prodigiosa
1212 1474 1321 1536 mentis
1345 1474 1521 1553 agitatione.

174 1558 257 1631 Quid
280 1562 407 1624 multis?
431 1560 596 1625 Confundit
609 1561 692 1623 Deus
716 1551 893 1625 artificiosae
917 1564 1053 1643 argutias
1076 1579 1187 1639 eorum,
1212 1563 1261 1643 qui
1278 1562 1377 1625 inflati
1395 1562 1523 1626 scientia

175 1649 337 1730 magistros
361 1670 428 1713 sese
450 1652 628 1733 profitentur
650 1650 792 1731 eligitque
812 1652 870 1714 sibi
888 1671 943 1732 pro
966 1652 1173 1716 instrumentis
1188 1670 1251 1727 eos,
1276 1653 1325 1734 qui
1347 1653 1395 1715 vel
1417 1651 1519 1715 mente
1591 1705 1598 1720 .

174 1738 258 1819 capti
281 1740 329 1802 vel
351 1740 503 1820 simplices
526 1748 597 1802 sunt
623 1740 781 1803 manifeste
811 1743 954 1822 (plurima
982 1742 1091 1823 quippe
1123 1740 1268 1804 vaticinia
1290 1743 1328 1802 ab
1352 1741 1519 1821 hujusmodi

174 1828 344 1892 hominibus
371 1831 463 1892 etiam
490 1825 594 1892 nostrb
623 1830 723 1892 seculo
753 1831 962 1910 proveniunt),
986 1833 1035 1895 vel
1057 1830 1232 1894 inconnexis
1256 1830 1343 1893 hisce
1367 1840 1399 1893 et
1420 1851 1521 1895 coram

175 1917 306 1980 humana
323 1919 452 1981 ¹ratione
478 1920 589 1982 ¹stultis
622 1920 932 1999 argumentationibus
965 1920 1120 2002 indulgent
1149 1917 1271 1984 creduli
1323 1921 1430 2001 Itaque
1463 1920 1521 1982 etsi

171 2004 294 2070 Rdsliui
318 2009 540 2088 argumentatio
567 2008 643 2071 nihil
670 2010 841 2073 concludit:
873 2029 1005 2090 agnosco
1034 2019 1134 2073 tamen
1168 2008 1300 2071 divinam
1323 2009 1501 2089 virgulam
1492 2030 1523 2071 ru
1633 2069 1639 2081 ,

174 2096 241 2178 ejus
263 2097 321 2159 viri
344 2098 506 2160 vaticiniis.
552 2098 674 2161 Dixeris
704 2099 809 2177 glebas
841 2100 998 2180 plurimum
1030 2100 1149 2203 quideqn
1180 2118 1290 2161 arenae
1322 2099 1522 2171 continentes,

173 2187 300 2248 confuso
324 2193 425 2250 tamon
449 2187 559 2249 alicubi
583 2206 666 2249 auro.
703 2188 770 2249 Et
762 2199 807 2251 rta
829 2188 922 2251 moris
946 2197 1003 2266 est,
1028 2189 1078 2271 qui
1093 2179 1165 2250 adro
1188 2187 1295 2264 inhiat,
1320 2189 1396 2250 huuc
1420 2188 1522 2269 pigere

173 2295 233 2337 non
267 2276 359 2339 debet
388 2278 556 2356 egerendae
587 2285 685 2338 terrae
716 2277 837 2340 immani
866 2281 994 2341 cumulo.
1048 2280 1114 2341 Nec
1152 2297 1266 2352 moror,
1290 2277 1480 2341 Rdsliuum
1486 2295 1524 2338 ex

176 2366 286 2427 affectu
310 2385 426 2447 quoque
458 2366 551 2445 loqui,
582 2374 616 2427 ut
638 2385 705 2428 cum
728 2387 805 2429 anuo
833 2364 928 2432 1596.
953 2369 1082 2430 nondum
1106 2366 1182 2429 talia
1209 2366 1422 2446 contigissent,
1448 2384 1523 2445 quae

174 2453 235 2534 ipsi
257 2456 429 2536 placebant,
454 2455 573 2517 distulit
596 2456 852 2535 exspectationem
875 2465 906 2519 et
921 2458 1003 2520 illam
1027 2475 1112 2519 suam
1136 2457 1349 2537 catastrophen
1371 2457 1402 2518 in
1417 2474 1526 2517 aunum

179 2540 274 2606 1604.
303 2544 376 2607 Dixi
408 2543 516 2626 quippe
550 2554 688 2607 naturam
717 2564 799 2621 eam,
833 2565 909 2626 quae
938 2546 1077 2627 prodigia
1106 2545 1192 2610 uobis
1222 2554 1364 2626 procurat
1392 2563 1527 2626 quaeque

176 2633 293 2695 somnia
316 2633 467 2710 immittit,
499 2635 691 2714 conceptibus
715 2636 760 2697 uti
784 2636 920 2698 humanis
949 2637 1088 2716 (quorum
1117 2634 1263 2717 plurimos
1291 2634 1377 2697 nobis
1401 2633 1553 2714 gignunt

176 2722 270 2783 etiam
293 2733 367 2785 vota
389 2726 508 2799 nostra)
532 2724 598 2785 loco
613 2724 776 2800 literamm,
803 2744 877 2805 quas
893 2725 1063 2788 admirabili
1086 2734 1152 2787 arte
1172 2725 1211 2785 ad
1233 2724 1379 2805 placitam
1401 2730 1526 2798 senteu-

180 2812 255 2874 tiam
280 2812 504 2892 exprimendam
528 2813 652 2891 colligat
675 2821 707 2875 et
729 2824 899 2894 componat.

266 2902 426 2964 Attendite
450 2921 562 2983 quaeso
586 2902 658 2983 quid
688 2904 846 2984 scripserit
867 2904 914 2966 vir
941 2903 992 2966 ille
1015 2902 1181 2982 Raganoae
1205 2894 1290 2986 ilii.
1316 2901 1424 2965 Ociob.
1449 2919 1528 2963 anno

180 2986 281 3053 1604:
298 3001 390 3057 Stella
409 3002 481 3055 haec
501 3004 581 3056 tanto
595 3002 661 3056 mihi
680 3004 744 3073 plus
759 3012 837 3058 creat
857 3003 1055 3068 admirationis,
1077 3005 1147 3075 quod
1168 3003 1231 3056 iude
1252 3018 1270 3055 a
1287 3001 1389 3073 viginti
1411 3001 1527 3071 amplius

176 3082 256 3137 anuis
278 3100 315 3138 ex
335 3082 420 3137 stella
440 3082 505 3136 anni
528 3083 613 3140 1572.
635 3089 665 3138 et
684 3092 792 3139 cometa
812 3084 877 3138 anni
901 3081 986 3140 1580.
1007 3085 1128 3154 providi,
1154 3084 1207 3138 hoe
1227 3082 1401 3137 auu01604.
1423 3081 1527 3153 aliquid

176 3164 311 3228 futurum,
338 3163 409 3234 quod
435 3162 526 3216 omnia
553 3164 688 3218 miracula
717 3172 839 3235 superet.
880 3166 960 3237 Rogo
982 3173 1088 3230 autem,
1118 3166 1198 3236 legas
1220 3179 1290 3234 quae
1321 3168 1446 3218 tractatu
1466 3179 1527 3217 meo

174 3243 541 3317 Meteorastrologophysioo
576 3247 610 3298 de
638 3245 756 3299 cometis
798 3244 861 3299 anni
903 3246 987 3301 1580.
1016 3253 1046 3299 et
1079 3245 1162 3300 1596.
1193 3243 1364 3314 scripserim:
1395 3242 1527 3307 invenies,

175 3324 303 3380 mirabile
332 3324 420 3387 dictu,
452 3331 585 3378 cometam
611 3326 675 3378 anni
699 3326 783 3382 1580.
814 3325 931 3397 digitum
961 3325 1110 3380 intendisse
1130 3326 1159 3379 iu
1184 3325 1257 3381 hanc
1282 3341 1380 3378 novam
1406 3323 1528 3377 stellam.

175 3405 324 3475 Disparuit
344 3403 417 3458 euim
436 3404 465 3457 iu
478 3404 531 3459 hoc
545 3405 614 3469 loco,
637 3423 689 3476 quo
704 3424 775 3460 nunc
796 3406 881 3460 atella
901 3407 995 3479 fulget
1009 3412 1039 3459 et
1052 3405 1208 3474 conjunctio
1228 3420 1331 3477 magna
1351 3405 1529 3474 planetarum

176 3485 287 3541 accidit.
331 3484 462 3555 Quodque
483 3484 589 3555 scripsi,
610 3486 662 3539 hoc
682 3493 806 3557 tempore
827 3487 950 3540 futuram
969 3487 1168 3555 catastrophen
1188 3499 1278 3540 rerum
1299 3484 1429 3549 omnium,
1457 3499 1529 3555 quse

176 3566 206 3623 in
227 3568 293 3621 orbe
315 3564 472 3620 Christiano
494 3582 512 3619 a
532 3565 625 3619 multis
647 3567 725 3622 annia
746 3567 893 3621 inchoatae
914 3574 996 3621 suut:
1018 3567 1044 3619 id
1064 3565 1167 3636 partim
1188 3565 1249 3635 jam
1274 3565 1417 3635 impletum
1437 3571 1482 3618 est
1501 3564 1530 3618 iu

176 3648 291 3720 Anglia,
309 3645 424 3717 jamque
445 3645 473 3699 iu
493 3646 609 3717 Belgi03
630 3647 741 3700 residua
761 3648 846 3711 brevi,
870 3664 999 3717 quorsum
1019 3662 1139 3700 evasura
1159 3646 1222 3711 sint,
1245 3645 1438 3715 apparebunt,
1459 3649 1531 3713 puta

176 3727 266 3800 Regis
288 3727 444 3781 Galliarum
464 3726 580 3797 negotia
600 3731 630 3779 et
648 3727 834 3797 Episcopatus
854 3727 1069 3799 Argentinensis
1091 3735 1121 3781 et
1140 3744 1184 3781 res
1205 3725 1373 3798 ngaricse.
1389 3723 1425 3790 ⁴²)

267 3806 441 3888 Scripserat
455 3805 530 3866 haec
548 3801 633 3887 4114
653 3805 794 3869 Octobris
811 3807 841 3868 in
856 3806 992 3882 Alsatia,
1015 3826 1082 3868 cum
1101 3824 1171 3868 ecce
1192 3804 1341 3887 postridie
1357 3797 1442 3887 5115.
1460 3802 1528 3865 Oct

176 3896 276 3979 prima
299 3903 331 3957 et
353 3894 515 3956 manifesta
537 3893 625 3956 initia
646 3903 779 3958 motuum
797 3896 1047 3975 Hungaricorum,
1070 3895 1121 3976 qui
1141 3894 1325 3958 Christianis
1348 3913 1415 3956 cum
1432 3894 1532 3955 anca

175 3983 381 4068 pugnantibus
410 3984 557 4058 hactenus
589 3984 680 4046 sudes
713 3993 783 4047 sunt
812 3986 842 4045 in
875 3985 979 4047 oculis
1011 3984 1229 4065 Episcopatus
1260 3983 1380 4067 quidem
1407 3983 1532 4061 Argeu-

176 4073 307 4139 tinensia
337 4072 460 4152 negotia
482 4072 512 4134 in
540 4063 747 4154 uuaaovpoprp
778 4074 895 4136 interea
918 4074 1074 4136 desierunt
1100 4074 1249 4136 mitiorem
1277 4073 1412 4154 quidem,
1441 4089 1532 4153 quam

178 4170 411 4247 exspectaverat
422 4159 578 4224 Rdslinus.
616 4164 658 4224 Et
675 4165 744 4227 Rex
763 4161 967 4227 Galliarum
950 4186 1059 4243 ηριμιι,
1079 4164 1135 4225 sed
1154 4172 1255 4225 tamen
1278 4182 1464 4242 sarsccpuqs
1485 4183 1537 4232 και

177 4276 229 4334 την
251 4256 356 4332 στηληι
369 4276 416 4314 και
429 4271 464 4312 ro
482 4256 576 4331 dopna
589 4275 635 4314 και
649 4274 702 4324 τας
719 4256 836 4315 nollem
857 4259 990 4325 teusetae
1012 4252 1176 4335 etquid
1151 4273 1178 4314 er
1201 4253 1296 4333 ipsius
1310 4250 1440 4314 Rdslini.
1472 4249 1532 4312 Ka

177 4368 237 4407 ren
249 4366 302 4422 par
315 4362 515 4422 rurampopq,
530 4363 588 4403 corr
602 4347 633 4403 ds
646 4338 969 4422 ieompaaaemov'
952 4363 1134 4423 αιασιροφη.
1157 4344 1207 4404 Ita
1220 4341 1295 4404 nihil
1308 4359 1384 4420 pene
1400 4340 1531 4401 frustra-

178 4453 268 4498 neum
296 4432 345 4496 his
376 4429 477 4492 verbis
506 4430 684 4511 perscripsit
711 4432 867 4495 Rdelinus.
922 4431 1009 4504 Quae
1039 4451 1111 4493 vero
1144 4432 1181 4493 de
1207 4429 1401 4511 Belgicarum
1433 4445 1532 4492 rerum

179 4524 375 4588 conversione
398 4530 470 4582 tunc
494 4520 635 4582 inchoata
657 4539 724 4583 esse
749 4522 834 4596 dixit,
859 4540 896 4582 ea
916 4521 1052 4623 sequenti
1076 4540 1155 4582 auno
1185 4519 1276 4584 1605.
1299 4527 1331 4580 et
1353 4519 1410 4580 hoc
1434 4509 1528 4580 1606.

179 4613 401 4684 continuarunt,
424 4610 571 4689 Hispanis
588 4610 625 4670 ab
649 4610 787 4671 orientali
812 4611 907 4672 latere
923 4610 1104 4673 munitiones
1123 4611 1239 4691 aliquot
1260 4606 1529 4688 intercipientibus.

178 4705 216 4767 In
237 4701 352 4782 Augila
374 4717 463 4774 vere,
493 4719 619 4780 quorum
642 4707 712 4761 tunc
735 4700 852 4780 sperari
874 4699 923 4761 vel
946 4700 1039 4761 metui
1062 4718 1100 4778 po
1102 4708 1183 4761 terat
1205 4718 1405 4777 καταστροφη,
1430 4713 1532 4757 eorum

179 4793 360 4858 succedente
383 4797 517 4889 tempore
540 4788 731 4850 manifestam
754 4789 870 4870 experti
895 4808 997 4851 sumus
1021 4787 1220 4869 decerpopqr.
1251 4791 1301 4852 lta
1322 4786 1371 4849 hic
1393 4784 1469 4848 nihil
1491 4783 1532 4845 ad

179 4890 282 4945 votum
304 4886 425 4962 praeter
457 4877 539 4958 ipsos
563 4879 594 4939 in
616 4896 725 4957 genere
754 4887 854 4941 motus
877 4878 991 4958 Regni,
1023 4878 1072 4959 qui
1099 4879 1273 4960 plerumque
1298 4895 1406 4958 susque
1435 4874 1530 4957 deque

179 4973 308 5036 tendunt
329 4967 498 5053 promiscue
522 4975 556 5029 ut
577 4968 686 5030 fluctus
708 4967 824 5030 marini.
865 4968 928 5030 Sed
942 4968 981 5029 ad
996 4967 1178 5070 reliquos'
1152 4990 1294 5072 eucarpus,-
1315 4991 1361 5028 και
1380 4964 1532 5045 aliquare

179 5080 352 5145 pergamus.
390 5057 471 5120 Nam
492 5056 568 5121 haec
582 5056 703 5123 Riisliui
725 5056 906 5137 conjectatio
924 5078 983 5119 non
1001 5056 1160 5137 praecipue
1183 5058 1279 5139 ipsius
1294 5055 1399 5120 Novae
1415 5051 1531 5118 Stellae
