3692 5842
1033 315 1040 343 l

363 487 424 553 176
733 499 736 509 ·
831 444 1021 552 Paralipumsna
1039 487 1065 537 ln
1084 481 1249 539 Vitelliorum.

361 668 466 742 lector,
492 665 517 727 si
541 666 650 729 alicubi
672 666 740 746 plns
764 665 801 726 de
824 665 1059 745 paralipomenis
1082 666 1121 727 ad
1138 665 1333 727 Vitellionem
1358 664 1503 746 quamde
1527 661 1715 730 astronomia

363 756 470 817 fuimus
494 756 625 818 solliciti.
673 755 743 817 Scio
768 755 935 817 naturalem
969 756 1141 817 methodum
1174 755 1344 834 postulare,
1376 763 1411 817 ut
1433 765 1545 836 agatur
1566 754 1654 817 initio
1677 754 1714 817 de

362 854 470 907 natura
500 845 574 906 lucis
609 845 731 924 ejusque
765 844 992 916 affectionibus,
1025 863 1201 923 repercussu
1224 851 1256 904 et
1288 844 1486 919 refractione,
1520 844 1655 908 secundo
1676 844 1714 904 de

361 936 466 1007 oculo,
499 934 549 1014 qni
573 934 753 996 refractione
786 941 925 1006 constat,
961 934 1086 1014 deniqne
1111 934 1148 994 de
1180 934 1351 1011 catoptrica
1372 953 1425 995 sen
1457 932 1607 1016 imagine,
1637 951 1714 1012 qnae

285 1031 288 1036 '
363 1022 540 1085 visoriarum
564 1023 741 1084 facultatum
765 1022 885 1083 soboles
900 1032 958 1084 est.
996 1024 1061 1084 Hoc
1077 1023 1102 1083 si
1126 1022 1248 1083 fuissem
1271 1031 1402 1096 secutus,
1428 1025 1522 1085 multa
1537 1024 1595 1085 hoc
1614 1021 1714 1102 capite

361 1112 448 1175 rudia
470 1121 503 1173 et
525 1112 709 1191 anticipatae
739 1111 863 1173 notitiae
891 1111 1055 1191 praeterire
1085 1111 1265 1191 potuissem,
1297 1111 1418 1195 ipseque
1447 1114 1524 1175 adeo
1551 1119 1713 1176 contextus

363 1201 598 1281 propositionum
631 1201 807 1263 arctioribus
839 1201 967 1262 vinculis
990 1210 1022 1262 et
1045 1202 1141 1262 forrua
1169 1200 1265 1278 magis
1297 1202 1480 1281 geometrica
1511 1200 1711 1264 constitisset.

363 1295 408 1352 At
430 1290 501 1351 milri
525 1290 563 1351 ad
586 1290 673 1351 fidem
699 1291 803 1352 lectori
827 1290 996 1352 faciendam
1021 1290 1117 1352 satius
1136 1298 1184 1350 est
1206 1289 1312 1364 risum,
1338 1291 1444 1352 seriem
1459 1292 1556 1371 ipsam
1581 1308 1713 1351 mearum

363 1380 566 1441 inventionum
590 1379 673 1459 sequi
683 1399 692 1454 ;
722 1380 809 1440 simul
838 1380 1007 1458 catoptrica
1030 1381 1104 1441 baec
1133 1379 1361 1459 paralipomena
1384 1380 1439 1441 sub
1466 1381 1573 1460 jugum
1597 1379 1712 1441 refrac-

364 1469 477 1531 tionum
500 1468 743 1547 explicandarum
767 1468 885 1530 mittere
910 1477 941 1528 et
964 1469 1007 1530 sic
1031 1469 1105 1529 haec
1129 1487 1244 1548 quoque
1273 1468 1492 1547 quadamtenus
1515 1469 1545 1530 in
1570 1478 1711 1529 astrono-

363 1558 470 1620 rnicum
494 1558 647 1620 seruitium
670 1558 809 1632 trahere3
833 1577 869 1618 na
884 1566 1004 1636 praeter
1027 1558 1196 1618 institutum
1215 1557 1326 1618 libriin
1347 1559 1452 1619 solium
1476 1558 1592 1637 regium
1615 1557 1710 1617 collo·

364 1655 468 1708 centur
498 1647 651 1727 ipsumque
684 1666 807 1727 scopum
837 1649 930 1708 totius
954 1648 1053 1727 operis
1086 1646 1243 1727 complecti
1276 1646 1454 1709 rideantur:
1487 1647 1566 1727 quod
1603 1647 1711 1707 factum

366 1736 482 1808 fuisset,
508 1736 532 1795 si
557 1737 723 1798 naturalem
748 1735 919 1798 methodum
945 1755 1042 1797 essem
1067 1744 1197 1797 secutus.

932 2099 1051 2198 Caput
1082 2099 1144 2172 IV.

799 2278 855 2339 De
876 2280 1106 2361 refractionem
1127 2298 1282 2340 mamare.

455 2438 596 2500 Interfuit
620 2436 821 2498 astronomiae
846 2437 884 2496 ad
907 2437 1126 2510 certitudinem,
1151 2446 1184 2498 ut
1199 2435 1451 2498 constituerentur
1474 2435 1585 2514 anguli,
1612 2434 1716 2514 quibus

366 2531 440 2591 radii
464 2528 619 2589 stellarum
643 2547 662 2585 a
684 2525 734 2586 ria
757 2534 841 2586 recta
865 2526 1076 2606 refringuntur.
1115 2528 1246 2587 Interest
1270 2544 1345 2585 nunc
1370 2526 1463 2587 etiarn
1486 2526 1524 2585 ad
1549 2522 1715 2603 pulchritu-

366 2620 473 2689 dinem,
500 2617 576 2678 seira
600 2635 709 2676 causas
725 2615 812 2693 liujus·
837 2615 1011 2677 incrementi
1037 2617 1220 2695 angulorum.
1258 2614 1362 2693 Neque
1379 2634 1451 2676 sane
1475 2614 1591 2680 inutile,
1616 2611 1716 2673 ridere

366 2729 404 2769 un
429 2706 499 2788 quid
523 2704 598 2767 certi
622 2704 688 2765 huic
713 2705 755 2766 rei
778 2703 889 2777 subsit,
922 2714 954 2765 ut
979 2715 1064 2765 tauto
1088 2703 1284 2766 confidentius
1314 2705 1510 2781 pronunciare
1542 2703 1716 2772 audeamus,

367 2817 403 2858 an
432 2795 546 2857 sintin
578 2794 652 2854 locis
685 2793 820 2855 omnibns
852 2794 1049 2855 refractiores
1082 2794 1215 2854 eaedem.
1272 2789 1338 2861 Quo
1376 2794 1500 2855 obtento
1533 2792 1600 2871 jam
1631 2790 1717 2868 longe

366 2887 454 2948 aliter
478 2883 704 2944 observationes
720 2891 853 2944 veterum
868 2883 969 2962 magni
989 2884 1129 2944 momenti
1149 2881 1326 2944 tractandae
1347 2894 1424 2957 sunt,
1450 2881 1580 2962 quamsi
1601 2880 1716 2941 refrac-

367 2976 480 3037 tiouum
503 2971 602 3032 nullus
626 2982 779 3051 respectus
804 2971 960 3032 habeatur.

416 3136 442 3197 l.
482 3133 532 3195 De
563 3132 786 3193 velitatione
816 3131 1020 3212 Tyehonem
1053 3132 1149 3193 inter
1186 3140 1221 3193 et
1259 3132 1525 3194 Rothmannnru
1562 3146 1677 3210 super
1759 3209 1767 3218 .

809 3221 1074 3284 refractiouurn
1106 3222 1270 3299 negotio.

456 3347 525 3409 Jam
555 3346 662 3407 dudum
687 3345 822 3406 Alhazen
847 3345 948 3407 Arabs
972 3353 1003 3405 et
1035 3364 1072 3404 ex
1096 3365 1131 3405 eo
1155 3346 1281 3408 Vitellio
1314 3345 1526 3408 refractionnrn
1560 3343 1718 3406 materiam

370 3438 542 3517 diligentius
566 3455 655 3515 quarn
679 3454 860 3496 consuevere
885 3442 1003 3495 veteres
1028 3434 1179 3512 explicare
1204 3448 1273 3498 sunt
1293 3433 1440 3514 aggressi.
1478 3436 1524 3496 Ac
1541 3453 1609 3495 cum
1625 3431 1719 3495 omnis

369 3538 473 3591 nostra
496 3525 626 3604 cognitio
641 3523 767 3603 primurn
783 3524 820 3584 ab
836 3524 1021 3602 experientia
1035 3524 1249 3602 proficiscatur,
1275 3526 1402 3605 primum
1418 3542 1518 3585 eorum
1543 3524 1719 3602 angulorum

370 3617 556 3698 quantitates
580 3613 787 3676 instrumentis
811 3614 1012 3692 explorarunt,
1039 3611 1144 3691 quibus
1168 3613 1242 3674 radii
1263 3634 1300 3674 cx
1315 3621 1384 3676 aere
1404 3614 1432 3674 in
1457 3631 1566 3694 aquam
1591 3609 1719 3692 ingressi

370 3707 581 3784 refringantur,
607 3712 670 3764 tum
695 3711 725 3763 et
748 3721 858 3773 eorum,
885 3702 986 3780 quiex
1010 3708 1079 3762 atre
1094 3702 1122 3762 in
1149 3703 1255 3763 citrum
1271 3712 1302 3763 et
1326 3705 1374 3782 qui
1390 3722 1427 3764 en
1451 3724 1529 3784 aqua
1544 3703 1573 3763 in
1599 3702 1717 3764 ritmm.

371 3795 504 3874 Cumque
529 3793 676 3854 coelomm
701 3792 829 3851 materia
853 3790 889 3850 de
915 3799 1046 3851 veterum
1079 3792 1230 3852 sententia
1253 3811 1327 3871 pene
1351 3793 1466 3866 vitrea,
1498 3794 1553 3854 hoc
1578 3801 1629 3853 est
1651 3809 1718 3872 cry·

372 3884 493 3944 stalliua
517 3882 697 3952 crederetur,
721 3887 774 3940 alr
796 3897 867 3940 uero
891 3898 987 3958 aquae
1011 3888 1094 3940 esset
1117 3881 1232 3955 affinis,
1266 3881 1393 3942 audacia
1416 3881 1551 3943 subrecti
1580 3893 1718 3944 auctores

373 3972 551 4034 adminiculo
584 3971 795 4032 refractionum
828 3968 857 4028 in
891 3969 1040 4029 coelorum
1076 3988 1186 4030 arcana
1218 3970 1365 4050 inquirere
1398 3979 1571 4051 coeperunt.
1633 3971 1721 4032 Parit

372 4063 504 4141 ipsorum
528 4059 683 4120 conatibus
707 4057 912 4135 experientia3
937 4058 1125 4136 deprebensa
1140 4069 1187 4119 est
1211 4059 1312 4139 aliqua
1331 4059 1422 4121 etiam
1438 4060 1466 4122 iu
1491 4060 1591 4122 stellis
1606 4061 1719 4124 refrac-

372 4151 464 4212 tionis
488 4149 564 4211 ratio
589 4168 682 4227 eaque
708 4146 789 4221 talis,
815 4165 850 4206 ex
875 4167 933 4225 qua
957 4165 1009 4225 per
1033 4167 1069 4207 ea
1093 4147 1307 4227 experimenta,
1333 4169 1408 4229 quae
1433 4150 1461 4211 in
1486 4169 1566 4230 aqua
1589 4159 1622 4212 et
1646 4150 1720 4213 ritm

369 4241 432 4320 jam
455 4238 650 4317 comprobata
679 4239 813 4307 fuerant,
846 4237 951 4297 aerlrer
974 4255 1031 4296 nou
1055 4237 1174 4298 densior
1198 4244 1281 4311 abre,
1316 4239 1369 4299 sed
1394 4238 1450 4300 hoc
1478 4240 1573 4302 multo
1607 4240 1721 4303 tenuior

373 4329 559 4408 pronuntiari
591 4345 680 4406 prosse
714 4326 872 4386 rideretur.
918 4325 976 4385 lliu
1011 4326 1150 4403 neglecta
1178 4327 1251 4388 lraec
1279 4347 1351 4388 cura
1378 4336 1448 4407 post
1480 4329 1598 4409 aliquot
1621 4329 1722 4393 secula

374 4417 582 4499 Tycbouenr
606 4415 725 4476 Brahe
750 4413 887 4481 incessit,
912 4414 959 4492 qui
985 4415 1190 4476 subtilissimis
1220 4415 1426 4478 instrumentis
1455 4419 1583 4497 angulos
1607 4419 1720 4483 refrae-

374 4508 486 4567 tionum
511 4506 539 4566 iu
564 4511 648 4577 aere,
674 4504 751 4583 quod
777 4502 901 4563 Vitellio
926 4504 1114 4581 neglexerat,
1140 4505 1236 4567 metiri
1261 4517 1308 4565 est
1336 4525 1511 4585 aggressus.
1559 4504 1723 4572 cenarum

375 4615 441 4657 cum
465 4595 520 4655 hoc
545 4602 607 4654 tum
631 4592 765 4670 plurimis
790 4592 856 4652 aliis
879 4592 1010 4653 iurantis
1034 4594 1075 4666 is,
1102 4613 1188 4672 quem
1212 4594 1288 4665 dixi,
1314 4595 1441 4675 Tycho
1466 4604 1496 4656 et
1520 4595 1722 4661 Rothman·

375 4705 440 4747 nus
477 4684 606 4743 llassiae
643 4680 825 4759 Landgrarii
863 4681 1107 4742 Mathematicus.
1169 4681 1384 4744 Controversia
1420 4684 1457 4744 de
1494 4686 1724 4751 refractionibnt

377 4776 471 4835 multa
494 4783 541 4832 est
566 4772 594 4831 iu
619 4781 700 4831 tomo
727 4770 755 4830 l.
802 4769 1005 4847 Epistolarum
1029 4770 1314 4846 Astruuomicarurn,
1341 4792 1416 4852 quas
1439 4792 1518 4835 anno
1543 4772 1598 4838 97.
1625 4777 1724 4861 Tycbo

331 4887 334 4896 ·
377 4862 487 4934 edidit,
522 4862 597 4922 lianc
622 4860 672 4939 qui
695 4858 777 4919 rolet
809 4858 876 4917 inde
907 4867 1002 4935 petat.
1020 4853 1060 4931 ²⁰)
1106 4861 1139 4921 ln
1171 4863 1343 4941 praesentia
1376 4881 1522 4924 summanr
1555 4868 1724 4930 ascribam:

377 4950 480 5031 'tycho
494 4951 575 5029 prior
594 4970 613 5009 a
627 4946 854 5011 retractionibus
878 4949 1041 5007 carendum
1058 4949 1169 5011 monuit
1184 4950 1213 5011 iu
1235 4951 1390 5030 capiendis
1405 4949 1487 5013 Solis
1503 4952 1725 5020 altitudinibus.

377 5037 509 5101 Causam
541 5037 653 5110 obiter,
687 5047 720 5097 ut
748 5037 776 5096 in
801 5034 966 5097 Vitellioue
999 5036 1127 5114 legerat,
1162 5040 1189 5100 in
1222 5039 1394 5102 discrimina
1427 5041 1507 5104 atris
1530 5053 1564 5106 et
1593 5043 1728 5109 aetheria
