3692 5842
865 495 1018 563 capuexx.
1554 495 1619 564 687

260 675 337 740 illud
360 675 554 739 uehementer
575 693 682 756 urgeo,
707 675 785 756 quod
808 675 948 739 rideatur
970 675 1054 739 Deus
1077 694 1135 738 non
1160 677 1236 739 bene
1266 677 1453 740 consuluisse
1476 677 1619 740 thesauro

259 764 306 828 illi
329 784 394 838 sno,
419 783 504 846 quem
528 765 624 826 latere
647 764 744 827 voluit
766 765 913 845 adusque
936 765 1026 827 aliam
1051 765 1254 841 occasionem,
1279 787 1345 829 curu
1360 767 1526 841 Fabricius,
1553 785 1619 829 cum

260 853 405 918 Braheus'
432 854 537 915 eodem
569 853 731 916 etiamnum
763 854 918 933 potiantur
941 855 1027 935 quasi
1050 872 1109 915 non
1139 856 1300 917 exstincto.
1347 855 1426 918 Illud
1459 854 1621 936 diligenter

261 942 455 1006 considerare
474 942 582 1022 jubeo,
613 962 730 1004 ornnem
754 943 784 1003 in
808 943 858 1004 ria
881 943 982 1005 lactea
1005 944 1143 1006 lacunam
1168 943 1282 1006 hiatum
1310 944 1419 1020 videri,
1454 943 1512 1007 etsi
1536 945 1620 1007 nulla

242 1050 393 1114 unquam
416 1031 456 1093 ibi
485 1030 576 1094 stella
600 1030 726 1094 fulserit.
765 1032 844 1094 Nam
868 1032 925 1093 hoc
949 1052 986 1093 ex
1005 1031 1183 1095 Aristotelis
1197 1033 1344 1094 Metuonis
1368 1033 1482 1095 habent
1503 1032 1620 1116 physici

260 1120 434 1201 cognitum,
465 1119 491 1181 ai
515 1121 612 1182 locutu
644 1120 803 1182 obscurum
827 1129 859 1183 et
882 1119 948 1182 luco
972 1130 1124 1182 carentem
1159 1121 1266 1183 limbus
1299 1122 1416 1183 lucidus
1447 1131 1500 1184 aut
1532 1122 1620 1185 albus

260 1208 394 1291 nudique
425 1207 604 1284 circumeat,
638 1210 732 1270 videri
762 1211 879 1271 foveam
903 1209 932 1270 in
957 1210 1073 1285 medio,
1108 1211 1185 1291 quod
1211 1208 1323 1272 Graeci
1353 1211 1478 1272 chasma
1506 1210 1619 1273 dicunt.

259 1299 370 1379 Itaque
394 1297 509 1377 ingenti
532 1317 599 1358 cum
622 1299 770 1378 applausu
793 1307 938 1378 exceptus
958 1307 1007 1359 est
1021 1299 1168 1374 Braheus,
1194 1318 1261 1359 cum
1280 1299 1358 1361 hunc
1379 1298 1494 1361 hiatum
1517 1299 1619 1379 appli-

259 1395 367 1450 casset
388 1386 428 1447 ad
443 1387 676 1448 confirmandam
700 1406 785 1448 suam
809 1387 1001 1456 seutentiam,
1026 1388 1090 1467 ejus
1109 1388 1178 1449 anui
1202 1388 1322 1449 stellam
1346 1407 1384 1449 ex
1399 1388 1528 1450 materia
1550 1389 1618 1450 viae

250 1475 392 1550 lacteae,
416 1482 531 1555 quanta
551 1493 607 1554 per
621 1477 698 1537 hunc
723 1476 837 1537 hiatum
861 1485 928 1538 erat
945 1475 1092 1559 dispersa,
1118 1476 1211 1538 fuisse
1226 1485 1381 1551 coactam;
1405 1484 1620 1557 consumtaque

260 1573 295 1628 et
309 1564 395 1647 quasi
419 1572 527 1625 exusta
550 1565 657 1626 stellae
681 1564 819 1635 materia,
843 1566 979 1627 relietum
1005 1584 1073 1626 esse
1097 1566 1193 1627 locum
1218 1565 1331 1626 alacte
1355 1585 1492 1628 vacuum.
1531 1563 1618 1636 Quae

259 1653 440 1716 Braheauae
473 1653 642 1714 sententiae
674 1652 903 1714 verisimilitudo
928 1654 972 1715 sic
995 1662 1096 1715 certat
1118 1674 1184 1716 curn
1207 1653 1405 1731 Fabricium,
1436 1662 1471 1716 ut
1494 1655 1521 1717 ei
1544 1674 1619 1716 cou-

260 1743 421 1804 vellendae
444 1759 502 1802 nou
527 1741 595 1802 aliis
620 1741 803 1821 argumentis
827 1760 902 1820 opus
927 1742 976 1806 sit.

351 1829 500 1902 Quartam
524 1830 727 1909 conjecturam
749 1830 905 1893 Fabricius
929 1852 948 1892 a
973 1833 1038 1892 loco
1062 1830 1203 1892 deducit:
1232 1830 1311 1892 inter
1332 1832 1408 1894 lixas
1436 1829 1617 1906 consistere,

258 1919 354 2000 igitur
376 1928 411 1982 ut
433 1918 520 1990 fixae,
544 1918 588 1979 sic
611 1920 667 1981 has
692 1938 807 2000 qnoque
832 1921 939 1982 stellas
967 1919 1062 1980 videri
1090 1936 1246 1998 perennes.
1296 1918 1358 1982 Cur
1381 1939 1439 1982 uon
1463 1919 1556 1981 etiam
1580 1921 1620 1982 ad

259 2008 383 2072 luminis
413 2008 632 2088 perennitatem
666 2009 795 2070 detorsit
831 2008 1063 2088 argumentum?
1108 2008 1214 2087 ltaque
1249 2009 1294 2084 si,
1330 2010 1409 2090 quod
1439 2016 1488 2069 est
1519 2008 1619 2070 stellis

260 2096 391 2160 maxime
421 2096 589 2177 proprium,
624 2098 762 2170 lucere,
796 2096 852 2158 hoc
876 2098 1053 2178 quibusdam
1078 2097 1115 2157 de
1139 2115 1215 2158 novo
1239 2099 1407 2178 contingit,
1431 2105 1466 2158 ut
1489 2097 1619 2172 luceant,

244 2203 341 2267 ··quae
364 2186 447 2266 prius
472 2204 529 2247 non
560 2186 717 2248 luxerant:
749 2185 820 2266 quid
853 2186 978 2262 mirum,
1010 2186 1037 2247 si
1060 2185 1152 2246 etiam
1183 2185 1262 2248 inter
1293 2187 1369 2248 fixas
1403 2186 1521 2267 aliquae
1551 2205 1619 2246 esse

246 2274 419 2356 incipiunt,
443 2293 519 2356 quae
543 2275 626 2354 priua
648 2295 707 2336 nou
731 2283 835 2348 erant,
859 2284 891 2336 et
914 2295 980 2337 euru
1004 2274 1113 2337 lumine
1137 2274 1204 2355 ipsa
1227 2275 1319 2337 etiam
1346 2295 1473 2357 corpora
1495 2283 1621 2355 peracta

260 2362 387 2446 periodo
411 2363 602 2443 deperdant?

351 2450 438 2516 Satis
462 2452 566 2531 opinor
589 2460 710 2532 patere,
734 2470 857 2513 causam
881 2451 992 2512 nullam
1016 2451 1155 2513 idoneam
1178 2470 1260 2528 esse,
1290 2470 1343 2514 cur
1366 2452 1432 2533 quis
1456 2452 1620 2526 existimet,

260 2541 459 2604 dormiebas
483 2542 589 2603 stellas
612 2541 695 2620 prius
719 2540 874 2602 exstitisse
890 2559 980 2620 qnam
1004 2539 1194 2614 riderentur;
1218 2549 1250 2602 et
1264 2551 1425 2622 postquam
1449 2540 1619 2604 exstinctae

262 2639 346 2706 sunt,
372 2630 520 2693 reservari
544 2630 724 2710 superstites
748 2629 786 2690 ad
811 2647 920 2690 novam
944 2629 1203 2692 illuminationem.

847 2889 1032 2904 —-—-—-

813 3090 934 3190 Caput
959 3089 1068 3165 XXI.

259 3270 317 3336 Aa
338 3277 425 3334 moro
453 3276 580 3351 recepta
601 3270 644 3331 eit
671 3270 750 3330 haec
778 3266 870 3330 stella
893 3269 930 3330 ira
947 3269 1150 3351 profundum
1178 3268 1331 3344 adheris,
1363 3276 1393 3333 et
1415 3287 1459 3331 cn
1474 3268 1621 3351 finarum

645 3357 783 3440 epitoma
805 3360 841 3421 in
863 3358 1025 3440 infinitum
1044 3357 1239 3439 procurrat!

354 3514 416 3579 Sed
450 3524 498 3579 est
529 3516 591 3578 alia
622 3515 898 3596 philosophantium
929 3524 1031 3591 secta,
1070 3534 1169 3577 eorum
1203 3515 1252 3596 qui
1285 3515 1335 3588 (ut
1366 3512 1551 3576 Aristoteles
1584 3515 1621 3578 de

258 3606 520 3690 Pythagoreorum
545 3606 707 3680 sententia,
732 3626 752 3665 a
766 3603 933 3684 Copernieo
956 3604 1098 3684 repetita,
1122 3604 1270 3667 immerito
1289 3603 1407 3685 quidem
1427 3604 1621 3682 pronunciat)

259 3715 320 3760 nou
353 3695 472 3757 initium
506 3693 745 3757 ratiocinationis
774 3713 812 3755 ex
839 3694 978 3756 sensibus
1011 3693 1162 3755 deducunt
1193 3712 1288 3774 noque
1322 3711 1431 3754 causas
1461 3710 1559 3753 rerum
1582 3692 1621 3753 ad

259 3783 469 3865 experimenta
491 3784 739 3846 accommodant:
765 3784 819 3845 aed
833 3784 883 3865 qni
903 3803 941 3845 ex
956 3783 1083 3862 abrupto
1108 3791 1140 3843 et
1154 3783 1239 3864 quasi
1263 3782 1391 3863 quodam
1416 3780 1621 3843 enthusiasmo

258 3871 435 3952 concipiunt
456 3881 489 3935 et
512 3873 676 3952 depingunt
707 3872 789 3934 intra
811 3873 858 3934 sui
886 3873 1001 3935 cerebri
1034 3871 1168 3952 parietes
1201 3870 1333 3952 aliquam
1357 3870 1394 3931 de
1418 3870 1521 3933 muudi
1544 3889 1619 3933 con-

257 3961 420 4026 stitutione
444 3961 630 4042 opinionem:
664 3981 789 4043 eamque
813 3961 863 4024 ubi
880 3961 1035 4024 mordicus
1061 3961 1171 4023 fuerint
1193 3960 1341 4042 amplexi,
1370 3960 1435 4041 jam
1458 3978 1548 4041 porro
1572 3979 1619 4036 ea,

259 4070 341 4134 qnae
355 4051 411 4113 sub
426 4050 641 4131 experientiam
661 4051 773 4113 eadunt
787 4070 921 4133 quaeque
941 4049 1075 4132 quotidie
1098 4049 1242 4112 eveniunt
1259 4058 1292 4112 at
1306 4055 1464 4130 apparent,
1489 4048 1621 4111 crinibus

258 4146 419 4223 pertracta
442 4141 481 4203 ad
505 4140 659 4202 axiomata
681 4158 738 4201 sua
761 4140 1000 4202 accommodant.
1047 4138 1090 4201 lis
1112 4139 1228 4218 placet,
1260 4158 1367 4201 novum
1396 4139 1452 4200 hoc
1480 4137 1566 4200 sidus
1590 4145 1622 4199 et

259 4229 288 4294 si
312 4247 373 4310 qua
395 4228 457 4291 alia
476 4229 596 4291 fuerunt
618 4228 788 4308 hujusmodi
808 4248 846 4290 ex
859 4228 1049 4309 penitissime
1073 4235 1200 4289 naturae
1225 4227 1301 4294 sinu,
1325 4246 1413 4308 quem
1427 4226 1457 4288 in
1473 4226 1621 4289 infinitam

258 4317 452 4382 altitudinem
476 4316 626 4398 exporrigi
650 4317 817 4392 affirmant,
847 4317 993 4399 paulatim
1018 4315 1229 4390 descendisse,
1259 4317 1354 4378 donec
1377 4315 1495 4378 ratione
1519 4315 1621 4395 optica
1662 4389 1666 4400 ,

257 4407 404 4472 intanta
436 4407 605 4487 quantitate
636 4423 786 4486 apparens
823 4406 926 4469 oculos
956 4406 1108 4467 homiuum
1136 4405 1165 4466 in
1196 4424 1229 4467 se
1252 4411 1462 4476 converteret,
1494 4403 1620 4485 indeque

257 4495 402 4574 vestigiis
425 4504 506 4558 retro
530 4495 617 4557 lectis
641 4514 757 4556 rursum
780 4495 910 4557 inillam
934 4495 1079 4557 infinitam
1104 4494 1294 4556 altitudinem
1318 4493 1507 4567 subductam,
1532 4499 1618 4554 tanto

257 4584 396 4668 qnotidie
418 4585 572 4656 minorem,
596 4592 707 4666 quanto
731 4593 910 4663 pervaserat
933 4584 1035 4646 altius.
1073 4582 1132 4654 Qui
1147 4584 1203 4645 hoc
1223 4584 1385 4655 affirmant,
1407 4600 1480 4662 pars
1495 4590 1620 4642 naturae

258 4673 413 4738 coelorum
443 4675 655 4754 consulentes,
688 4673 755 4752 lege
778 4673 918 4735 circulari
941 4674 997 4735 hoc
1030 4674 1144 4735 facturn
1177 4692 1245 4734 ease
1274 4671 1489 4751 pronunciant:
1520 4679 1554 4732 ut
1576 4670 1621 4731 ita

258 4781 356 4827 causa
374 4762 424 4836 ait,
450 4781 503 4825 cur
517 4783 554 4824 ex
569 4764 715 4824 descensu
739 4781 834 4824 nexus
858 4771 890 4824 et
904 4762 1122 4842 quodammodo
1146 4770 1312 4844 prognatus
1337 4759 1428 4822 suerit
1450 4757 1620 4820 contrarius

258 4870 415 4916 ucenaus.
453 4852 489 4914 ld
513 4853 591 4914 enim
617 4851 763 4931 quomodo
787 4852 842 4913 liat
865 4852 893 4912 in
918 4851 994 4913 rotis
1017 4861 1066 4912 est
1086 4850 1214 4913 obvium.
1253 4851 1298 4912 At
1320 4868 1378 4911 uno
1402 4847 1493 4910 uerbo
1517 4847 1619 4928 repel-

257 4943 379 5008 luntur:
413 4941 572 5022 indulgent
604 4960 710 5021 nempe
735 4960 789 5002 suo
812 4939 887 5001 vitio
920 4938 1033 5001 clausis
1066 4938 1178 5015 oculis,
1209 4949 1243 5001 ut
1264 4939 1360 5001 verba
1381 4938 1425 5001 sic
1452 4935 1621 4999 sententias

258 5048 378 5115 quoqne
401 5030 440 5093 ab
464 5030 545 5093 intus
567 5031 766 5111 proferentes,
791 5048 940 5111 uunquam
962 5029 1043 5090 intro
1066 5035 1207 5108 receptas
1229 5027 1344 5091 audibi
1368 5035 1467 5091 natas.
1498 5024 1621 5088 Etenim
