3692 5842
686 477 720 531 ds
735 478 809 529 robur
827 474 932 541 Optlcls.

225 658 262 735 4)
288 663 399 724 Lucem
422 681 440 721 a
464 660 581 723 lucente
605 658 634 720 in
660 658 858 720 illuminatum
880 654 970 716 lineis
993 651 1086 716 rectis
1110 648 1251 713 incidere.

226 753 262 822 5)
287 751 399 814 Omnia
422 750 549 811 lucentis
574 749 708 827 corporis
732 756 845 828 puncta
868 744 969 807 radios
993 744 1149 824 projicere.
1409 819 1417 834 ·

226 838 263 913 6)
288 839 452 910 Quodlibet
475 838 601 900 lucentis
633 838 752 899 rotundi
775 843 918 915 punctum
943 829 1152 895 orbiculariter
1174 826 1203 887 in
1227 842 1331 885 ornnes
1354 837 1493 900 regiones

133 929 352 1011 hemisphaerii
375 927 552 990 translucidi
575 936 607 987 et
630 927 729 987 omnia
754 925 872 987 omnino
897 924 961 1003 ejus
985 927 1096 1000 puncta
1119 919 1215 980 lucem
1239 929 1393 991 spargere.

229 1018 265 1091 7)
290 1016 324 1079 Si
348 1017 465 1078 unicum
490 1026 629 1095 punctum
654 1016 770 1086 luceat,
803 1017 900 1075 lumen
925 1013 955 1073 in
979 1010 1095 1089 pariete
1119 1013 1201 1068 recte
1224 1002 1345 1081 objecto
1368 1000 1499 1076 figuram

134 1109 311 1170 habiturum
335 1108 500 1178 fenestrae,
525 1124 579 1184 per
603 1122 691 1184 qurum
715 1112 798 1166 recto
812 1103 922 1181 illapsu
938 1101 995 1161 fnit
1018 1099 1201 1178 ingressnm;
1225 1100 1258 1152 et
1281 1090 1407 1192 eandem
1430 1086 1494 1147 fore

135 1197 364 1278 proportionem
380 1195 597 1256 dimetientinrn
614 1195 764 1257 fenestrae
788 1201 820 1255 et
833 1190 959 1271 parietis
979 1186 1132 1258 illustrati,
1156 1201 1232 1263 quae
1247 1187 1295 1240 est
1308 1179 1493 1239 discessuum

137 1287 295 1365 utriusque
319 1285 479 1345 elucente
504 1292 622 1363 puncto.

228 1372 266 1446 8)
290 1373 384 1434 Binas
408 1373 536 1434 lucentis
560 1373 662 1452 pruncti
687 1372 783 1434 lineas
807 1367 1037 1432 illuminatorias
1066 1380 1255 1444 quascunque
1286 1357 1409 1459 taudem
1437 1372 1492 1452 oti-⁸

138 1464 244 1542 guium
268 1462 385 1542 quidem
410 1462 527 1534 facere,
562 1480 629 1522 cum
652 1466 832 1522 concurrant
860 1459 887 1520 in
912 1476 969 1517 sua
996 1455 1125 1533 origine,
1159 1459 1292 1512 ceterum
1319 1446 1348 1506 in
1375 1460 1495 1544 numani

141 1553 282 1612 discessu
305 1550 433 1612 lucentis
457 1550 495 1610 ab
520 1551 729 1612 illustratore
753 1550 791 1611 ab
814 1545 1088 1628 aequidistantibus
1112 1548 1145 1602 et
1166 1558 1224 1602 non
1248 1532 1494 1599 concurrentibus

140 1639 272 1702 discerni
297 1659 354 1700 non
377 1657 477 1718 posse.
1016 1649 1018 1653 ⁴

231 1725 268 1800 9)
293 1726 326 1789 Si
350 1728 628 1807 unicnmpunctum
652 1727 751 1788 luceat
774 1725 988 1787 inaestimabili
1010 1723 1178 1784 submotum
1202 1714 1372 1786 intervallo,
1397 1712 1496 1772 lumen

140 1817 168 1877 in
192 1816 310 1896 pariete
334 1824 416 1878 recte
440 1818 558 1896 objecto
581 1836 637 1877 non
663 1818 787 1896 figuram
811 1823 941 1886 tantum,
975 1813 1028 1875 scd
1052 1819 1085 1873 et
1108 1807 1308 1890 quantitatem
1333 1803 1495 1872 fenestrae,

140 1926 230 1986 quarn
257 1914 340 1966 recto
364 1905 469 1967 itinere
493 1906 627 1977 transiit,
653 1913 957 1985 repraesentaturum.

234 1991 290 2067 10)
314 1995 359 2055 At
389 1995 473 2074 quia,
506 1995 583 2075 quod
615 1996 707 2068 lucet,
737 1995 895 2056 latitudine
919 1996 1049 2074 quadam
1080 1996 1193 2057 fontem
1221 1991 1341 2055 luminis
1365 1989 1497 2057 metitur,

140 2102 265 2144 neeesse
289 2092 339 2143 est
362 2083 561 2163 quantitatem
586 2084 728 2145 illustrati
751 2084 877 2163 parietis
900 2085 1045 2162 majorem
1069 2102 1137 2145 esse
1161 2082 1262 2162 spatio
1285 2082 1445 2141 fenestrae.

234 2169 287 2243 11)
313 2169 388 2233 Cum
413 2172 546 2233 fenestra
568 2172 757 2250 paucioribus
781 2173 843 2234 suis
868 2172 1095 2235 dimetientibus
1115 2192 1134 2232 a
1152 2170 1268 2250 pariete
1293 2168 1388 2229 distat
1407 2184 1496 2246 qnam

142 2279 248 2339 eorpus
273 2260 376 2322 lucens
400 2261 472 2333 suis,
498 2270 529 2321 et
553 2280 618 2322 curn
633 2262 739 2322 eadem
763 2271 811 2323 est
835 2264 930 2339 ligura
954 2263 1069 2342 corpori
1090 2259 1216 2335 lucenti,
1242 2278 1319 2340 quae
1345 2258 1497 2318 fenestrae

143 2350 256 2410 directe
281 2350 453 2432 oppositae,
479 2360 509 2411 et
532 2369 597 2410 unnr
622 2371 724 2411 ornnes
749 2352 866 2413 termini
887 2352 1039 2414 fenestrae
1055 2351 1189 2413 omnibus
1204 2348 1339 2411 terminis
1363 2343 1497 2424 corporis

143 2438 229 2498 lucidi
246 2438 467 2516 aequidistaut:
493 2439 590 2518 portio
614 2459 729 2518 qrroqne
752 2440 886 2520 pariet-is,
912 2442 960 2519 qni
987 2441 1102 2502 directa
1126 2438 1294 2501 radiatione
1318 2436 1496 2506 illustratur,

143 2546 325 2587 cornnrnnem
350 2528 466 2607 utrique
490 2527 594 2589 induet
616 2529 740 2606 liguram
765 2537 797 2589 et
820 2530 989 2608 aequaliter
1012 2529 1113 2591 sitam.

233 2613 289 2688 12)
313 2618 357 2677 Ar
380 2635 446 2676 cnm
470 2618 660 2679 manentibus
685 2616 790 2678 iisdem
816 2618 972 2680 distantiis
992 2621 1041 2681 vel
1071 2620 1131 2680 situ
1152 2617 1200 2677 vel
1224 2616 1415 2677 terminorum
1440 2612 1496 2671 lra-

144 2704 276 2766 bitudine
309 2704 482 2784 discrepant
511 2707 623 2784 figurae
648 2706 722 2766 lueis
747 2716 778 2767 et
802 2707 968 2781 fenestrae,
1002 2718 1073 2770 tunc
1096 2705 1281 2785 marginibus
1306 2702 1425 2764 formati
1451 2701 1498 2759 ln-

145 2795 229 2856 minis
253 2794 282 2853 in
307 2793 423 2872 pariete
447 2793 558 2874 aliquid
583 2794 619 2854 de
644 2795 778 2856 acumine
803 2797 968 2858 communis
991 2798 1104 2876 figurae
1128 2793 1256 2858 decedit.

233 2880 289 2955 13)
314 2881 347 2943 Si
374 2882 507 2944 fenestra
529 2892 671 2962 punctum
696 2893 791 2957 esset,
827 2887 924 2947 lumen
950 2883 1032 2948 recte
1064 2886 1176 2964 objecti
1199 2881 1325 2964 parietis
1349 2878 1498 2958 exquisite

147 2972 279 3032 indueret
313 2974 436 3049 liguram
465 2972 646 3034 illustrantis
679 2974 811 3052 corporis
844 2975 897 3035 sed
931 2974 1097 3048 inversam,
1129 2983 1162 3035 et
1190 2973 1295 3034 eadem
1326 2971 1405 3031 foret
1425 2986 1499 3046 pro-

146 3062 239 3138 portio
263 3059 496 3135 dimetientium,
521 3062 648 3123 lucentis
672 3062 806 3142 corporis
830 3071 862 3125 et
885 3062 1029 3125 illustrati
1053 3063 1197 3147 parietis,
1222 3078 1298 3143 qnae
1318 3066 1367 3121 est
1381 3056 1499 3120 disces-

146 3168 227 3211 snum
252 3149 406 3227 utriusque
431 3169 450 3209 a
474 3151 615 3210 fenestra.

233 3230 289 3310 14)
315 3235 390 3298 Cum
411 3238 545 3299 fenestra
576 3257 633 3299 non
660 3238 851 3317 paucioribus
875 3241 938 3301 suis
962 3239 1187 3302 dimetientibus
1210 3238 1307 3301 distat
1331 3257 1349 3298 a
1371 3232 1499 3317 pariete,

148 3346 231 3407 quam
256 3345 365 3406 corpus
386 3326 513 3387 lucidum
538 3327 615 3399 suis,
640 3329 735 3408 ligura
753 3327 879 3407 parietis
904 3329 1048 3392 illustrati
1072 3330 1238 3410 degenerat
1260 3327 1389 3406 afigura
1413 3324 1499 3385 fene·

147 3423 225 3478 strae
251 3415 279 3475 in
304 3416 428 3493 figuram
455 3415 548 3495 ipsius
574 3415 701 3477 lucentis
724 3417 867 3497 corporis.

234 3501 290 3577 15)
315 3503 447 3576 Quodsi,
471 3504 515 3566 sic
539 3504 721 3568 habentibus
744 3506 913 3582 distantiis,
938 3507 1043 3569 eadem
1059 3515 1107 3569 est
1125 3507 1221 3585 ligura
1235 3506 1397 3577 fenestrae,
1423 3521 1499 3582 quae

149 3594 262 3674 corpori
287 3591 413 3666 lucenti,
438 3593 516 3654 situs
539 3612 610 3654 vero
634 3601 719 3655 recta
742 3595 895 3668 inversus,
922 3597 1019 3657 lumen
1043 3596 1073 3656 in
1087 3595 1204 3676 pariete
1221 3592 1360 3673 praecise
1375 3592 1500 3653 eandem

149 3700 208 3742 cnm
233 3690 360 3762 utroque
389 3681 514 3761 liguram
547 3681 644 3761 capit,
679 3690 712 3744 at
745 3682 821 3744 situs
851 3684 964 3764 figurae
1001 3685 1170 3746 contrarius
1200 3690 1250 3744 est
1281 3681 1352 3743 situi
1388 3681 1501 3760 figurae

149 3770 283 3833 lucentis.

236 3854 291 3932 16)
315 3857 427 3919 lisdem
458 3855 657 3921 existentibus
689 3860 844 3941 proportio
877 3859 1098 3924 dimetientium
1134 3860 1262 3922 lucentis
1293 3867 1325 3921 et
1357 3857 1502 3921 illustrati

150 3949 250 4008 eadem
273 3956 335 4020 cst,
362 3967 438 4028 quae
462 3947 673 4010 distantiarum
698 3949 851 4029 utriusque
867 3971 885 4011 a
899 3958 1027 4030 puncto,
1052 3971 1109 4031 qun
1134 3970 1166 4012 se
1190 3959 1291 4010 mutuo
1315 3949 1502 4011 intersecant

153 4037 245 4098 lineae
269 4036 298 4098 in
324 4036 491 4098 contrarios
515 4036 661 4115 utrimque
681 4037 824 4099 tenninos
848 4041 967 4100 ductae.

235 4125 361 4189 Scilicet
384 4143 460 4206 quae
485 4131 534 4186 est
556 4127 708 4206 proportio
733 4126 896 4190 distantiae
920 4129 1072 4189 fenestrae
1088 4146 1106 4189 a
1120 4125 1237 4208 pariete
1260 4127 1299 4188 sd
1323 4123 1501 4188 distantiam

152 4215 279 4292 ejusdem
301 4235 321 4274 a
345 4213 479 4287 lucente,
504 4213 608 4276 eadem
631 4223 680 4277 est
703 4217 856 4295 proportio
881 4215 1067 4279 dimetientis
1092 4214 1236 4277 illustrati
1260 4216 1379 4287 (demta
1402 4213 1500 4275 dime-

152 4303 242 4364 tiente
258 4305 426 4374 fenestrae)
450 4303 489 4364 ad
505 4302 708 4366 dimetientem
730 4306 873 4374 lucentis,
898 4305 1004 4367 addita
1027 4305 1132 4366 eadem
1149 4307 1299 4366 fenestrae
1315 4301 1500 4365 dimetiente.

237 4391 293 4464 17)
318 4390 360 4451 At
384 4409 451 4452 curn
474 4391 522 4452 vel
546 4409 603 4452 non
628 4393 733 4455 eadem
757 4401 805 4456 est
837 4392 931 4474 flg'ura
956 4395 1106 4456 fenestrae
1130 4412 1206 4474 quae
1236 4392 1348 4455 lucenti
1370 4392 1418 4453 vel
1443 4409 1501 4452 non

152 4481 295 4543 contrarie
320 4480 380 4541 sita
414 4478 539 4541 lucentis
564 4481 690 4560 figurae,
723 4489 794 4547 tunc
824 4481 1008 4564 marginibus
1033 4482 1177 4546 illustrati
1201 4481 1365 4546 schematis
1388 4479 1502 4561 aliquid

151 4569 185 4631 de
207 4569 343 4632 acumine
366 4566 548 4630 illustrantis
572 4569 700 4634 decedit.

237 4675 308 4726 llaec
329 4680 465 4738 muniatur
485 4675 510 4723 ln
525 4677 694 4739 manuscripto
707 4676 757 4727 ulia
774 4675 931 4727 &serenata
948 4677 1095 4726 intermixtis
1113 4676 1318 4741 problematibus:
1448 4734 1456 4751 ι

239 4746 272 4819 1)
295 4745 427 4807 Radium
450 4744 530 4807 Solis
553 4765 607 4825 per
631 4748 795 4809 fenestram
819 4749 1021 4828 cujuscunque
1045 4749 1157 4824 figurae
1187 4748 1326 4828 illapsum
1351 4744 1379 4804 in
1405 4761 1501 4823 oppo-

152 4835 238 4897 situm
262 4835 423 4914 parietem,
458 4833 506 4915 qui
531 4834 650 4916 quidem
674 4856 693 4896 a
716 4835 851 4900 fenestra
875 4837 1009 4916 pluribus
1034 4836 1128 4898 distet
1157 4837 1309 4899 fenestrae
1334 4832 1502 4907 diametris,

151 4944 236 5004 quam
259 4945 279 4985 a
296 4922 369 4985 Sole
394 4921 567 4998 Solaribus,
591 4925 751 4987 rotundum
775 4945 932 5005 apparere.

236 5011 273 5087 2)
294 5012 363 5076 Nisi
387 5013 521 5078 fenestra
543 5022 597 5076 aut
623 5022 766 5096 punctum
794 5014 913 5080 unicum
944 5015 986 5076 sit
1015 5022 1068 5075 aut
1098 5015 1228 5077 rotunda
1260 5010 1408 5092 simulque
1437 5008 1502 5071 Soli
