3692 5842
718 495 912 561 euw-
1429 493 1495 562 ιιι

133 673 262 743 pnirnus
282 670 344 736 besa
365 671 471 734 smmis
488 674 571 730 unius
583 671 772 728 salsensium
792 673 941 730 debiliores
961 674 1131 745 reliquarum
1150 674 1276 745 opprimi.
1302 677 1396 746 Atque
1409 674 1500 736 etim

134 753 229 823 eepite
249 753 371 810 usco
395 752 465 810 illud
492 753 665 812 mdsmenti
684 755 747 808 loeo
766 753 836 818 linit,
863 754 970 809 lumine
990 755 1018 808 in
1037 757 1148 826 periete
1174 756 1306 816 dietim
1326 771 1376 825 pes
1402 754 1495 818 luins

134 833 260 896 mum
283 831 414 906 ingresso
439 831 557 892 debilius
578 848 598 888 u
616 833 743 888 rslidiori
768 833 919 897 occultsri;
948 841 1091 889 weroteto
1116 852 1182 889 rero
1207 833 1341 896 toramine
1361 851 1417 890 uon
1436 832 1496 894 llsri

134 909 374 984 preporliemlier
395 918 428 968 ut
447 911 572 983 quamvis
593 912 684 968 omnia
703 912 883 970 debilitentur
903 914 1016 980 lumine,
1036 915 1101 986 plus
1116 921 1209 972 nmen
1229 911 1354 974 uanus
1374 912 1495 974 iortimis

133 989 276 1060 sdimatm
294 989 467 1070 debilinsque
487 998 624 1063 emergat.

713 1404 834 1504 Caput
860 1404 923 1479 VI.

594 1581 651 1645 De
672 1584 766 1646 corio
793 1580 863 1646 lucc
889 1581 1039 1645 ddmm.

224 1737 295 1800 Nou
328 1737 423 1802 solius
454 1747 504 1802 est
533 1738 650 1820 physici
683 1741 719 1802 de
753 1741 819 1803 luce
852 1740 983 1804 siderum
1011 1740 1180 1820 disputare,
1218 1740 1271 1801 sed
1305 1739 1417 1820 aliquid
1449 1739 1497 1802 hio

136 1826 229 1890 stiam
253 1835 446 1890 astronomus
469 1827 547 1909 quod
570 1828 653 1890 dicat
675 1828 784 1904 habet;
806 1828 987 1908 praesertim
1010 1828 1047 1890 de
1062 1829 1168 1890 Lunae
1189 1826 1403 1892 illustratione.
1431 1828 1497 1892 Noe

136 1923 295 1997 mumque
318 1916 583 1999 contemplationis
607 1936 701 1979 causa
723 1918 949 2006 conjungemus.

613 2061 640 2119 l.
688 2056 743 2118 De
774 2058 864 2119 luce
896 2056 1027 2120 Solis.

226 2175 305 2241 Cum
326 2176 410 2241 Solis
433 2176 462 2239 in
486 2179 596 2242 mundo
620 2179 804 2244 incredibilis
827 2201 863 2243 nc
886 2199 979 2262 prope
1004 2178 1107 2242 diviua
1129 2178 1175 2240 vis
1198 2179 1255 2252 ait,
1280 2200 1300 2242 a
1323 2177 1395 2245 Sole
1418 2181 1498 2248 euim

136 2265 235 2329 omnis
265 2274 366 2330 motus
396 2273 428 2327 et
456 2267 518 2329 vite
550 2276 583 2330 et
613 2268 804 2331 conservatio
833 2279 864 2331 et
891 2276 1016 2332 ornatus
1045 2267 1221 2331 coelestium
1251 2276 1283 2331 et
1311 2271 1496 2346 terrestium,

136 2357 215 2419 sdeo
237 2365 274 2418 ut
296 2373 353 2436 quo
376 2355 499 2434 propius
521 2358 745 2437 contempleris,
770 2358 826 2419 hoc
848 2359 937 2438 plura
959 2357 988 2418 in
1012 2357 1065 2419 illo
1088 2375 1146 2420 uno
1168 2356 1306 2420 invenias
1329 2359 1495 2422 miracula:

136 2444 245 2506 decere
277 2443 486 2524 philosophum
514 2445 660 2518 arbitror,
683 2465 788 2508 omnes
816 2456 942 2507 naturae
971 2445 1131 2507 thesauros
1159 2444 1263 2507 rimari
1293 2446 1332 2508 ad
1356 2447 1504 2528 dogmata

137 2542 226 2596 tauto
255 2533 399 2595 miraculo
432 2533 644 2596 convenientia
675 2535 863 2615 proferenda.
909 2537 958 2596 Ac
982 2553 1047 2596 cum
1066 2534 1130 2613 jam
1154 2533 1184 2594 in
1207 2535 1310 2614 nptica
1330 2553 1495 2611 versemur,

136 2640 205 2702 age,
230 2621 310 2701 quod
329 2618 421 2683 estin
438 2621 494 2684 hac
517 2622 645 2685 scientia
659 2622 884 2697 nobilissimum,
905 2622 1093 2685 excutiamus
1115 2621 1242 2702 huicque
1265 2625 1381 2703 corpori
1397 2624 1498 2706 appli-

136 2728 251 2774 cemus.
296 2707 346 2771 Ex
379 2709 480 2773 divino
502 2712 589 2773 Mose
618 2711 775 2784 discimus,
808 2711 908 2774 omnia
929 2711 1069 2791 primitus
1102 2729 1140 2773 ex
1169 2729 1249 2791 nque
1275 2721 1432 2788 constare,
1463 2732 1499 2774 ec

135 2818 205 2862 oum
228 2798 259 2860 iu
282 2797 432 2879 principio
455 2799 537 2862 rudis
560 2798 770 2881 indigesteque
794 2801 890 2863 moles
924 2800 1098 2873 sisteretur,
1132 2817 1170 2860 ex
1197 2799 1318 2862 humido
1350 2808 1381 2862 et
1414 2800 1499 2863 arido

136 2908 190 2950 seu
215 2906 255 2949 ex
277 2906 357 2968 aqua
386 2895 419 2949 et
442 2895 523 2949 terra
551 2899 711 2965 constans,
746 2889 851 2952 statim
879 2908 915 2951 eo
947 2889 1015 2969 ipso
1043 2888 1140 2969 primo
1169 2888 1217 2949 die
1249 2889 1402 2950 conditam
1430 2908 1498 2952 esse

136 2978 251 3051 lucem,
284 2994 362 3057 qnae
390 2976 439 3038 die
469 2985 577 3056 quarto
605 2976 636 3038 in
664 2978 750 3040 varia
776 2996 903 3057 corpora
927 2978 1017 3039 fuerit
1041 2976 1214 3039 distributa.
1259 2975 1308 3038 Ex
1331 2978 1387 3039 hoc
1410 2987 1499 3057 portu

136 3064 329 3128 senissimae
368 3063 538 3127 sententies
572 3065 694 3127 solvens
729 3067 910 3146 conjecturis
939 3085 998 3128 non
1039 3065 1178 3127 absurdis
1215 3064 1432 3145 remigantibus
1468 3065 1499 3130 iu

136 3153 349 3216 ratissimum
372 3151 460 3231 hrrjus
475 3153 738 3234 contemplationis
762 3174 905 3218 oceannru
930 3156 1027 3216 enitor
1049 3164 1082 3216 et
1104 3155 1160 3217 hoc
1185 3161 1297 3225 statuo,
1322 3152 1403 3216 Solis
1428 3173 1497 3216 cor·

135 3262 194 3323 pus
217 3259 258 3304 ex
280 3240 413 3304 materia
435 3251 576 3304 constare
599 3242 728 3306 omnium
760 3244 855 3306 totius
883 3243 984 3306 mundi
1012 3243 1211 3316 densissima,
1245 3252 1278 3307 ut
1305 3242 1386 3305 intra
1413 3243 1498 3321 cujus

136 3330 386 3412 angustissimum
409 3328 510 3392 orbem
533 3337 652 3394 tantum
675 3334 847 3394 conclusum
870 3332 912 3393 eit
934 3330 1089 3402 materiae,
1114 3339 1258 3412 quantum
1281 3331 1312 3393 iu
1335 3338 1403 3393 teta
1425 3349 1500 3393 aura

137 3420 284 3483 aetherea
314 3437 370 3499 per
397 3418 541 3481 inlinitum
571 3420 633 3481 iere
661 3419 777 3483 solidae
805 3422 954 3500 sphaerae
988 3421 1156 3482 mundanae
1193 3419 1421 3499 amplitudinem
1449 3427 1500 3479 est

137 3508 318 3589 dispersum.

225 3595 305 3659 Esse
329 3602 430 3658 autern
453 3595 636 3658 densitatem
660 3596 748 3676 hujus
777 3596 912 3677 corporis
945 3596 975 3658 in
1005 3614 1120 3657 summo
1144 3595 1248 3676 gradu
1279 3595 1406 3675 requirit
1431 3594 1497 3673 ejus

136 3683 291 3748 caloridca
312 3684 360 3746 vis
383 3691 447 3746 tam
470 3685 549 3746 acris
568 3692 691 3766 tamque
716 3685 803 3765 longe
817 3692 969 3765 porrecta.
999 3685 1080 3747 Nam
1103 3684 1130 3746 si
1153 3684 1225 3745 licet
1248 3684 1497 3762 exemplarerum

136 3774 342 3838 sublunarium
366 3774 592 3836 accommodare
628 3773 810 3837 coelestibus
841 3776 891 3847 (nt
923 3780 1025 3836 autem
1054 3773 1168 3847 liceret,
1193 3773 1259 3853 jam
1282 3772 1370 3833 modo
1392 3770 1497 3834 Moses

136 3863 254 3937 edeoit,
285 3862 336 3942 qui
359 3861 484 3923 eandem
513 3861 650 3925 omnibus
672 3864 832 3926 materiam
854 3862 1024 3936 ostendit),
1049 3861 1185 3943 equidem
1216 3860 1397 3940 ignitorum,
1421 3879 1498 3940 qnae

136 3961 209 4015 snut
230 3951 367 4032 ejusdem
391 3950 584 4031 quantitatis,
615 3959 701 4015 tanto
730 3950 877 4034 quidlibet
899 3951 1062 4014 violentius
1094 3950 1156 4013 urit
1177 3958 1210 4012 et
1232 3949 1360 4030 longius,
1384 3956 1497 4029 quanto

137 4040 282 4105 densius:
319 4039 389 4121 plns
419 4040 511 4102 carbo
544 4060 633 4121 quam
670 4041 807 4113 flamma,
844 4041 912 4120 plus
951 4041 1062 4102 ferrum
1100 4039 1233 4101 candens
1270 4057 1358 4120 quam
1394 4036 1496 4100 carbo.

136 4127 288 4201 Quorsum
325 4126 490 4209 respiciens
527 4130 648 4210 quidum
683 4121 818 4192 vetorum
854 4128 1116 4209 philosophorum,
1155 4136 1188 4189 ut
1219 4135 1268 4188 est
1300 4128 1330 4187 in
1360 4125 1495 4204 Diogene

137 4218 273 4294 Laertio,
297 4237 359 4281 nnn
382 4225 447 4282 tum
470 4219 600 4280 absurde
624 4219 742 4282 locutus
766 4237 853 4298 quam
868 4217 968 4298 inique
982 4224 1129 4298 exceptus
1153 4224 1210 4290 est,
1236 4214 1338 4276 Solem
1357 4220 1496 4274 statuens

137 4327 204 4370 esse
229 4307 410 4370 candentem
434 4306 574 4390 lapidem.
619 4307 689 4370 Non
712 4308 868 4370 metuebat
890 4305 941 4367 ille
965 4305 1082 4369 scilicet
1104 4326 1171 4368 cum
1193 4302 1380 4371 Aristotele,
1405 4317 1440 4358 ne
1465 4299 1494 4359 in

136 4396 262 4466 Terram
274 4394 455 4477 procideret,
479 4394 505 4456 ei
528 4395 606 4476 lapis
621 4405 718 4458 esset:
744 4395 823 4475 qnod
843 4413 880 4457 an
904 4403 987 4456 recte
1003 4394 1118 4468 iecerit,
1143 4413 1179 4453 ex
1195 4388 1325 4453 Gilberti
1342 4384 1495 4447 Gnilielmi

136 4626 226 4679 Ιοσιιιι
254 4621 438 4678 munionem
468 4620 563 4673 eleros
593 4620 694 4674 stellae
721 4620 883 4683 lateralem,
915 4627 946 4673 et
969 4617 1043 4671 circa
1067 4614 1127 4668 coni
1155 4628 1236 4667 axem
1256 4611 1285 4663 in
1312 4606 1403 4660 elieno
1433 4604 1494 4657 looo

136 4713 309 4776 vagantem:
334 4701 406 4771 quod
427 4707 508 4755 tanto
528 4700 636 4753 facilius
657 4706 764 4770 potest,
793 4702 863 4771 quod
885 4701 955 4753 haec
975 4695 1094 4751 radiatio
1117 4692 1177 4759 jem
1198 4688 1345 4744 debilitate
1365 4691 1410 4736 est
1430 4698 1493 4734 cou-

136 4785 281 4846 nietioue
301 4780 437 4853 pupillae.
459 4808 493 4818 -
1032 4804 1040 4812 -

224 4865 282 4926 Eri
299 4870 394 4924 entem
415 4860 485 4922 bno
505 4857 630 4931 quaudo
657 4859 843 4934 intelligenda
862 4862 896 4916 de
916 4860 1004 4931 primo
1026 4866 1143 4912 eunome
1163 4853 1278 4910 exortu,
1299 4858 1359 4898 oum
1378 4845 1424 4894 est
1443 4839 1495 4894 lua

135 4945 229 5009 dubis.
250 4957 308 5000 uon
327 4943 362 4996 de
382 4941 477 5011 pleae.
517 4942 589 4998 Nan
609 4957 646 4995 es
661 4941 723 5010 jam
743 4944 826 5011 plens
854 4940 941 4995 vincit
960 4940 1068 4994 sidera:
1094 4927 1316 5000 quemedmodum
1338 4919 1422 4974 etiam
1443 4917 1494 4970 ille

135 5025 252 5082 desim
272 5022 359 5086 uris,
380 5037 452 5093 quse
472 5028 518 5076 est
536 5027 619 5075 noeto
639 5036 659 5074 e
677 5022 766 5087 Luna,
790 5028 882 5075 serem
904 5038 941 5073 ex
962 5019 1021 5073 alto
1042 5014 1125 5083 pleno
1145 5010 1212 5064 orbe
1232 5006 1396 5058 illustrente
