3692 5842
677 1321 719 1384 ΙΝ
744 1318 900 1382 LIBROS
928 1317 1108 1384 OPTICOS

469 1463 631 1536 loannis
657 1463 818 1557 chlsri
846 1462 880 1536 S.
910 1461 947 1535 c.
972 1463 1023 1536 Μ.
1049 1464 1318 1540 Mathematici

788 1619 992 1671 urinarum

389 1744 494 1796 loannis
514 1744 606 1796 Scnssii
626 1743 665 1796 Sr.
684 1745 718 1795 D.
738 1745 870 1796 Christiani
889 1744 921 1794 lI.
958 1744 1078 1796 Eleutetis
1097 1745 1223 1797 Saronico
1248 1744 1390 1798 secretarii.

425 1887 484 1960 Qui
509 1887 608 1949 mundi
633 1886 814 1966 ignivomum
837 1887 932 1968 gestit
954 1888 1139 1969 specularier
1162 1887 1260 1952 ocium

480 1975 577 2048 Quive
603 1977 676 2056 ipsis
700 1977 795 2040 oculis
819 1997 943 2040 cernere
967 1978 1033 2040 vult
1055 1977 1178 2038 oculos:

427 2070 482 2131 illc
507 2066 566 2128 tuis
591 2065 685 2127 oculis
709 2066 809 2140 animi,
835 2066 1016 2146 Keplere‚
1041 2063 1204 2127 'coruscans

479 2156 512 2216 In
537 2155 692 2233 penetrale
717 2154 784 2217 libri
808 2175 841 2217 se
865 2156 967 2234 clepat
989 2174 1083 2235 usque
1106 2153 1171 2216 tui:

425 2246 489 2307 Nec
513 2253 630 2305 metuat
648 2244 766 2322 jubaris
790 2243 891 2305 radios
915 2252 1092 2323 atomosquc
1117 2243 1265 2318 volantes,

478 2333 521 2394 Et
543 2352 618 2413 quae
643 2333 702 2393 i'ert
725 2333 827 2394 varius
849 2332 1012 2412 phasmata
1036 2331 1111 2392 mira
1134 2333 1232 2392 color:

425 2421 521 2483 Linea
544 2441 595 2483 seu
620 2422 748 2502 simplex
771 2441 823 2483 seu
847 2421 890 2482 sit
912 2428 1069 2501 composta
1092 2420 1267 2500 specillum:

477 2511 614 2591 Namque
639 2510 733 2572 oculis
756 2529 905 2592 nunquam
928 2511 996 2573 cisa
1019 2509 1150 2571 videnda
1172 2507 1269 2571 dabis.

636 2684 895 2749 EPIGRAMMA
924 2683 1141 2750 AUCTORIS

525 2811 572 2872 Ile
595 2811 658 2872 suis
682 2811 776 2874 oculis
800 2831 912 2894 suoque
937 2812 974 2873 dc
998 2811 1092 2872 oculis
1115 2817 1262 2871 tractato.

371 2951 489 3016 Oculi.
527 2952 725 3028 Perdidimus,
750 2972 833 3014 mens
857 2953 960 3027 chara,
985 2951 1098 3026 aciem3
1123 2953 1191 3014 dum
1216 2949 1329 3014 lumina
1352 2952 1415 3014 veri

582 3041 732 3103 Mittimus
756 3042 794 3102 ad
819 3042 907 3104 limen
932 3061 986 3121 per
1009 3042 1090 3103 vitra
1113 3049 1219 3103 nostra
1243 3049 1336 3102 tuum.

531 3131 596 3192 Hoc
621 3131 685 3191 siue
710 3130 855 3191 connubio
880 3131 1044 3192 mansisses
1068 3149 1181 3192 caeca:
1207 3129 1343 3192 laborum

581 3219 630 3280 Da
653 3218 744 3280 sociis
768 3219 894 3299 aliquas,
920 3220 960 3280 da
983 3238 1068 3281 soror
1091 3220 1180 3292 alma,
1205 3218 1299 3280 vices.

370 3309 482 3369 Mens.
530 3306 610 3378 Quid
635 3308 744 3370 inciam
768 3308 902 3370 miseris:
927 3309 1045 3387 quando
1069 3307 1267 3386 implacabilis
1292 3307 1367 3370 hora

582 3397 632 3457 Me
656 3397 761 3476 procul
784 3418 803 3457 a
826 3405 927 3458 vestro
952 3396 1060 3459 diuidit
1082 3395 1237 3476 hospitio?

371 3484 484 3548 Oculi.
530 3485 622 3564 Eripe
647 3504 700 3546 uos
725 3485 857 3547 tenebris
883 3504 1030 3566 quamquo
1054 3484 1112 3546 ibis
1135 3483 1237 3546 ducito
1261 3484 1377 3544 lucem:

583 3571 709 3655 Quoque
733 3593 828 3643 cares,
852 3574 927 3636 lethi
950 3593 1004 3636 nos
1028 3591 1144 3652 quoque
1168 3574 1251 3634 solue
1275 3580 1368 3634 metu.

369 3663 402 3722 M
410 3682 483 3725 cns.
531 3660 600 3733 Qua
623 3664 694 3725 licet
718 3662 894 3741 expediam3
919 3663 1024 3724 faveat
1046 3662 1134 3723 modo
1159 3662 1241 3723 lama
1263 3661 1414 3742 loquenti;

582 3752 729 3813 Mortales
753 3751 867 3813 chartis
891 3750 1077 3832 perpetuabo
1102 3749 1185 3812 meis.

528 3841 585 3902 llic
609 3841 699 3902 etiam
724 3841 862 3915 reseram,
888 3859 964 3920 quae
988 3858 1111 3920 prome
1136 3839 1246 3900 damna
1269 3835 1403 3898 tulistis:

581 3930 694 4009 ilioque
718 3948 803 3992 suum
828 3937 859 3991 ct
882 3929 987 3991 naevis
1009 3927 1160 3990 irradiabo
1179 3927 1279 4008 jubar.

648 4049 779 4169 ALIllD
802 4103 952 4168 EODEM
976 4101 1123 4167 SENSU.

735 4229 881 4310 Loquitur
910 4227 1034 4292 Oculus.

474 4372 579 4434 Vitam
602 4391 656 4452 pro
680 4371 761 4432 sarna
784 4371 893 4446 minuo,
918 4389 973 4452 pro
996 4369 1114 4432 nomine
1137 4387 1276 4432 sensum:

434 4523 436 4528 .
526 4462 618 4524 Disce
641 4460 742 4522 anima
764 4460 877 4535 utilius,
902 4479 940 4522 ne
964 4459 1102 4534 moriare,
1127 4459 1211 4520 mori.
