3692 5842
238 465 304 537 484
477 466 579 519 litatae
595 465 698 534 Kspleri
716 466 866 533 altorumque
884 471 986 517 mamae
1004 464 1036 518 da
1053 463 1121 516 loris
1138 461 1294 518 Satallidhna
1310 464 1358 520 &a

238 658 288 712 tur
310 648 390 710 inter
424 667 470 720 se,
505 655 536 708 et
567 646 610 708 sic
634 646 759 707 confusa
782 652 815 705 et
837 643 992 707 uniformis
1025 645 1078 706 fiat
1101 643 1176 707 visio
1207 647 1301 710 tatius
1331 645 1461 710 visibilis
1491 647 1569 726 parti·

239 739 334 813 culae,
360 757 417 798 non
441 757 529 798 secus
552 756 588 798 ac
611 736 637 796 si
660 754 717 796 non
742 734 890 813 particula
913 735 967 795 sed
991 734 1108 796 unicum
1131 735 1260 798 visibilis
1283 738 1327 799 rei
1342 744 1483 817 punctum
1496 749 1568 796 esset.

241 827 303 889 Sed
327 834 359 887 et
381 828 438 887 hoc
463 826 583 895 addam,
608 826 685 903 quod
709 824 796 903 plane
821 840 874 900 pro
898 842 976 883 nova
1000 822 1174 902 quaestione
1198 834 1301 904 potest
1319 824 1443 888 haberi:
1468 835 1571 904 quaerat

239 917 316 977 enirn
340 915 459 995 aliquis,
484 915 553 993 qnid
578 915 625 975 hic
641 913 735 973 saciat
758 911 920 972 diversitas
944 931 1150 988 caucasorum,
1175 914 1200 975 si
1224 923 1415 995 comparetur
1430 913 1571 974 distantia?

239 1005 419 1083 Respondeo
453 1003 605 1065 distincte.
661 1003 741 1064 Nam
774 1001 798 1060 si
831 1009 953 1062 maneat
985 1001 1087 1062 oculus
1117 1001 1145 1061 in
1170 1003 1274 1064 eadem
1298 1001 1448 1065 distantia
1470 1002 1569 1062 alente

241 1112 375 1154 convexa
399 1102 430 1153 et
453 1092 602 1170 interponi
625 1091 742 1168 possint
766 1089 887 1150 diversa
909 1108 1057 1150 concava:
1082 1098 1152 1151 tnnc
1173 1091 1213 1164 id,
1238 1092 1325 1171 cnjus
1343 1103 1391 1153 est
1414 1090 1507 1153 minor
1526 1091 1569 1151 cir-

240 1183 325 1243 culus
348 1181 557 1255 concavitatis,
583 1181 674 1242 dehet
697 1178 850 1240 admoveri
870 1179 955 1239 oculo
979 1178 1111 1257 propius,
1136 1180 1220 1259 cnjus
1242 1198 1315 1242 vero
1339 1181 1435 1261 major
1457 1179 1569 1250 circulus,

241 1271 359 1349 longius
382 1269 473 1330 debet
497 1270 535 1330 ab
559 1270 643 1330 oculo
667 1268 839 1340 discedere,
864 1266 982 1328 scilicet
1010 1269 1049 1329 ad
1073 1268 1128 1329 hoc
1153 1268 1361 1344 efficiendum,
1394 1278 1427 1330 ut
1450 1283 1570 1350 sequatur

239 1379 294 1439 per
326 1367 481 1438 utrumque
515 1357 594 1419 idem
627 1357 750 1419 visionis
783 1357 907 1417 effectus
944 1356 973 1417 in
1007 1356 1154 1436 qualitate
1192 1365 1225 1418 et
1262 1359 1351 1439 copia
1388 1357 1569 1419 videndorum

240 1447 431 1510 Contrarium
454 1466 525 1507 vero
549 1446 669 1514 accidit,
695 1445 720 1507 si
744 1445 884 1505 concavis
906 1445 1088 1524 perspicillis
1107 1455 1226 1507 utamur
1244 1447 1401 1518 solitariis,
1425 1446 1473 1526 qui
1488 1465 1568 1508 sonas

240 1555 372 1616 myopes.
411 1537 489 1597 Nam
513 1536 538 1595 si
564 1535 641 1614 quod
664 1533 868 1614 perspicillum
892 1542 940 1595 est
964 1551 1017 1613 pro
1040 1553 1087 1596 me
1102 1533 1188 1596 nimis
1204 1555 1378 1604 concavum,
1403 1535 1440 1609 si,
1462 1536 1567 1615 inqnan

240 1625 440 1686 concavitatis
465 1624 591 1685 circulus
616 1633 663 1684 est
686 1622 773 1684 nimis
804 1641 934 1700 parvus,
966 1631 1038 1684 tunc
1070 1642 1209 1684 removeo
1236 1624 1444 1704 perspicillnm
1476 1623 1568 1700 longios

241 1713 279 1774 ab
304 1713 389 1773 oculo
414 1722 445 1773 et
469 1713 602 1792 sequitur
618 1713 763 1773 distincta
785 1711 870 1773 visio.
918 1709 999 1781 Quia
1022 1710 1100 1774 enim
1124 1733 1258 1774 concava
1281 1715 1461 1793 disgregant
1482 1711 1568 1782 radios,

240 1824 259 1864 a
283 1802 377 1861 latere
402 1802 579 1881 disgregant
602 1801 771 1862 evidentius
795 1820 882 1880 quarn
906 1800 987 1861 cirea
1009 1809 1143 1862 centrum
1169 1802 1271 1878 fundi,
1304 1803 1353 1864 ubi
1386 1801 1494 1863 rectior
1514 1799 1569 1860 inci·

240 1891 361 1964 dentia,
396 1891 490 1952 minor
525 1890 676 1952 retractio.
723 1889 756 1951 Si
790 1908 861 1967 ergo
885 1888 1125 1968 disgregatorum
1150 1891 1241 1952 nimia
1269 1905 1317 1953 est
1342 1892 1491 1962 diversio,
1520 1903 1568 1948 tunc

241 1978 432 2058 elongatione
457 1980 580 2041 concavi
603 1980 642 2040 ab
667 1980 751 2040 oculo
775 1985 949 2057 praestatur
973 1978 1011 2054 id,
1037 1988 1069 2040 ut
1094 1979 1137 2040 illi
1161 1980 1282 2042 nimium
1302 1979 1492 2058 divergentes
1514 1976 1568 2036 inci·

241 2070 315 2128 dant
339 2068 367 2126 in
392 2068 544 2147 papillam.

330 2154 484 2225 Quantum
523 2157 550 2216 in
588 2157 645 2217 hoc
681 2174 790 2235 genere
827 2154 982 2229 intellexi,
1020 2154 1087 2217 Tibi
1116 2156 1312 2218 Nobilissime
1338 2155 1450 2218 Octavi
1482 2152 1568 2214 deteri.

242 2245 330 2316 Quod
355 2253 494 2324 superest
517 2255 546 2306 te
576 2245 667 2305 etiarn
696 2253 785 2324 atque
814 2243 906 2304 etiarn
941 2263 1030 2323 rogo,
1069 2244 1130 2306 ista
1160 2245 1228 2307 boni
1261 2247 1405 2306 consulas
1440 2254 1469 2305 et
1499 2238 1569 2303 siculi

242 2333 452 2412 rescripseris,
491 2334 592 2394 missis
630 2333 688 2395 illis
726 2333 786 2393 tuis
823 2333 1105 2404 observationibus,
1143 2334 1215 2395 mihi
1249 2335 1400 2395 mehercle
1433 2331 1569 2413 probrosis,

243 2423 410 2483 orationem
434 2422 574 2501 dignitati
600 2431 669 2483 tuae
693 2440 840 2501 personae
865 2429 1067 2500 attemperes,
1105 2432 1137 2484 ut
1171 2432 1201 2483 et
1234 2432 1266 2484 tu
1296 2423 1449 2483 laudando
1480 2433 1509 2481 et
1532 2435 1570 2496 ego

243 2511 401 2591 gaudendo
432 2526 555 2590 uterque
586 2512 664 2572 intra
689 2510 881 2572 Christianae
906 2511 1073 2573 modestiae
1096 2513 1171 2573 fines
1195 2532 1249 2574 nos
1273 2514 1491 2574 contineamus.

332 2600 411 2661 Vale
435 2620 539 2681 meque
564 2620 642 2661 ama.
689 2601 767 2662 Nob.
793 2600 849 2661 Ex.
875 2598 957 2659 Tuae

1245 2688 1527 2750 observantissimus

1271 2778 1305 2840 J.
1330 2778 1498 2861 Keplertaa.

334 2918 388 2967 llas
406 2918 491 2967 literas
509 2918 614 2966 Pisanus
633 2933 682 2966 non
701 2919 827 2980 accepisse
845 2917 953 2973 videtur,
978 2932 1034 2967 cuna
1052 2918 1077 2965 in
1096 2917 1188 2966 ultimis
1209 2917 1274 2966 illins
1292 2919 1385 2974 literis,
1404 2935 1467 2985 quas
1484 2920 1575 2969 exhibe!

244 2991 351 3045 codices,
371 2990 436 3038 datis
455 2990 479 3039 d.
503 2989 524 3037 l.
544 2988 605 3051 llaj.
627 2987 703 3037 tata.
724 2988 828 3037 eandem
848 2999 947 3038 moreat
964 2990 1135 3052 quaestionem
1154 2996 1180 3036 et
1196 2988 1255 3039 hine
1273 2991 1331 3040 inde
1349 2991 1426 3054 plane
1445 2991 1575 3041 omar·

334 3060 540 3123 ,Ephemerides“
562 3076 623 3124 quas
642 3074 716 3123 supra
734 3067 818 3109 monet
829 3060 952 3122 Keplerns
966 3061 1083 3108 Pisanum
1102 3060 1249 3126 relegendas
1261 3076 1330 3117 esse,
1350 3063 1367 3111 l.
1383 3080 1406 3113 t.
1420 3064 1482 3114 haee
1493 3062 1575 3112 mont:

246 3133 332 3201 Quod
359 3133 470 3191 hletius
495 3133 634 3192 inventor
667 3132 821 3209 telescopii
855 3132 1015 3210 pollicetur
1040 3132 1307 3206 ,instrumentum
1344 3155 1402 3214 quo
1435 3137 1576 3196 literasex

244 3222 402 3282 intervallo
436 3221 524 3280 trium
550 3221 719 3282 milliarium
744 3221 842 3297 legere
875 3221 1012 3298 possis;b
1047 3220 1076 3279 id
1109 3220 1264 3298 pulchrum
1298 3243 1383 3296 ausu,
1419 3221 1576 3303 impossihile

245 3311 326 3370 t'actu
350 3318 433 3388 puto.
480 3310 548 3369 h'on
574 3310 648 3369 vidit
672 3310 760 3369 homo
784 3318 835 3368 aut
860 3328 917 3369 non
941 3309 1074 3387 percepit
1099 3310 1375 3373 demonstrationes
1410 3335 1429 3374 a
1458 3333 1502 3375 me
1524 3329 1576 3392 pro·

244 3400 334 3458 ditas.
360 3398 501 3459 Unciales
518 3398 621 3458 literas
638 3407 833 3476 repraesento
858 3398 956 3470 facile,
982 3416 1057 3477 quae
1081 3407 1152 3458 sunt
1171 3400 1302 3478 scriptae
1318 3404 1467 3463 communi
1482 3399 1577 3478 magni·

245 3488 356 3557 tudine,
381 3488 433 3546 sed
453 3488 530 3559 illas,
548 3506 623 3565 quae
640 3507 695 3546 non
716 3487 831 3546 distant
855 3488 949 3546 multo
968 3487 1035 3565 plus
1060 3507 1078 3546 a
1102 3487 1180 3548 vitro
1204 3508 1293 3567 quam
1315 3491 1427 3553 vitrum
1448 3494 1485 3552 ab
1503 3489 1577 3550 oculo.

249 3577 346 3635 llatut·
372 3575 519 3654 appositio
545 3576 583 3634 ad
613 3576 741 3653 speciem
775 3576 802 3635 in
834 3575 999 3649 inlinitum,
1034 3586 1066 3636 at
1099 3576 1245 3638 divisione
1279 3579 1398 3640 infinita
1427 3574 1578 3641 incrementi

243 3665 349 3742 primi,
385 3684 442 3724 non
468 3664 644 3742 repetitione
671 3664 844 3724 incrementi
870 3665 1012 3743 ejusdem.
1061 3663 1183 3733 Quanto
1222 3668 1321 3746 majus
1359 3684 1487 3749 apparet
1521 3661 1578 3748 qual

243 3754 348 3824 vides,
373 3762 459 3812 tanto
484 3754 580 3812 minor
604 3763 651 3812 est
676 3753 851 3813 incrementi
875 3754 986 3813 auctio.
1034 3753 1115 3823 Quid
1148 3756 1226 3833 quod
1258 3771 1290 3817 et
1323 3772 1438 3836 quanto
1471 3779 1502 3818 se
1532 3759 1578 3834 ips

245 3843 341 3918 majus
367 3853 493 3917 apparet
518 3842 595 3918 «ruod
621 3841 723 3913 vides,
748 3851 832 3900 tanto
856 3861 927 3921 pars
952 3842 988 3900 de
1012 3851 1088 3913 toto,
1115 3862 1190 3921 quae
1217 3845 1245 3905 in
1271 3865 1328 3906 uno
1353 3848 1515 3930 perspicilli
1536 3846 1577 3905 situ

244 3928 370 4000 videtur,
397 3930 491 3988 minor
513 3929 585 3987 est?
625 3930 706 4007 Lego
732 3938 830 3988 tamen
857 3942 887 3990 et
911 3930 975 4008 ipse
1001 3931 1104 3992 literas
1129 3951 1166 3992 ex
1190 3933 1351 3994 intervallo
1377 3938 1467 3998 trium
1489 3935 1576 3996 millit-

246 4016 331 4086 rium,
356 4018 410 4076 sed
435 4018 595 4094 inscriptas
621 4018 764 4096 horologii
789 4019 918 4091 circulo,
943 4021 1068 4098 pedales
1093 4033 1124 4080 et
1148 4021 1297 4083 cubitales
1331 4026 1516 4092 existentes,
1541 4035 1576 4082 nex·

247 4104 303 4164 nisi
327 4104 384 4165 diis
410 4106 581 4165 laventibus
604 4105 722 4167 lunone
746 4118 776 4166 et
801 4107 934 4168 Phoebo.
961 4141 1002 4151 —

333 4211 494 4258 Conrinnarit
516 4211 636 4273 Keplems
665 4226 720 4260 earn
747 4214 907 4275 praelationis
936 4214 968 4262 ad
992 4214 1167 4277 Ephemerides
1196 4217 1256 4264 anni
1276 4215 1354 4266 tort.
1384 4229 1495 4283 partera,
1517 4225 1576 4279 ew

243 4283 379 4344 praemissa
398 4283 567 4334 desnmsimus.
594 4285 672 4330 torma
699 4284 818 4346 epistolae
838 4285 869 4333 ad
888 4284 1044 4335 Davidem
1068 4286 1253 4337 Fabricium
1280 4289 1372 4345 datae,
1401 4279 1575 4356 respondenti

245 4353 485 4414 „interpellationes“
513 4353 589 4407 illius,
613 4355 718 4402 insertas
737 4355 902 4419 Prognosticis
926 4371 1045 4406 annornm
1076 4354 1222 4406 idid-ll.
1256 4359 1354 4424 (Comp.
1382 4362 1441 4426 Ops,
1464 4380 1487 4427 p.
1508 4358 1576 4408 illiti

244 4422 380 4470 Comment-
402 4421 509 4479 Martis.)
546 4424 648 4472 Praeter
667 4439 710 4476 es,
740 4441 803 4488 quae
824 4428 945 4490 Keplerus
964 4428 1003 4476 hic
1023 4428 1054 4477 de
1073 4429 1132 4475 tnho
1156 4431 1238 4490 optico
1266 4433 1374 4493 profert,
1404 4436 1455 4483 alia
1480 4432 1575 4498 quadr·

243 4491 445 4553 deprehendimus
465 4503 551 4541 notatn
568 4495 652 4558 digna,
672 4511 735 4559 quae
749 4514 821 4560 quum
835 4501 932 4560 propius
952 4501 1076 4546 attineant
1095 4500 1211 4554 libellum,
1232 4517 1304 4564 quern
1322 4506 1446 4568 inscripsit
1464 4505 1575 4567 septem·

244 4561 493 4611 Phaenomenon
522 4564 697 4628 singulare
727 4583 780 4617 sen
809 4568 992 4617 llercnrins
1021 4573 1052 4617 in
1081 4570 1152 4619 Sole
1182 4573 1282 4626 risus.
1313 4569 1575 4627 adnuntiarunt·

245 4635 393 4682 censuimus.
413 4649 459 4695 quo
479 4634 533 4680 Vol.
555 4635 587 4682 ll.
607 4638 766 4687 concluditur.
787 4665 818 4672 —

335 4702 393 4750 laur
412 4705 512 4752 tandem
532 4705 603 4752 libros
616 4707 726 4771 Kepleri,
740 4711 770 4759 de
789 4712 875 4775 quibus
893 4712 942 4759 hnc
959 4726 1035 4774 nsque
1054 4713 1158 4776 egimus.
1178 4719 1336 4778 proponimus
1355 4719 1402 4770 hoe
1422 4722 1513 4770 ordine:

334 4792 358 4851 l.
384 4791 628 4854 Dissertatio.
677 4798 715 4857 ll.
741 4800 929 4860 Narratio.
977 4799 1032 4860 lll.
1057 4800 1267 4879 Dioptrice.
