3692 5842
349 473 415 541 352
843 476 1016 528 dimouendae
1033 474 1096 528 Pam
1114 476 1212 542 Optlca

350 651 431 713 circa
453 651 544 712 etiam
567 657 682 730 puncta
704 656 904 713 extremomm
927 669 1069 714 cornuum
1092 652 1332 715 circumducatur
1349 659 1382 714 et
1395 650 1480 715 CHE
1504 658 1616 733 ungat
1640 651 1713 712 illos

349 739 498 811 circellos,
520 747 626 819 utputa
650 740 760 800 obtusa
781 739 859 801 radii
884 758 1012 802 cornua:
1036 760 1161 802 necesse
1175 750 1225 803 est
1237 743 1276 816 N,
1293 740 1321 802 0
1344 760 1412 802 esse
1432 741 1487 803 illa
1505 750 1714 804 extremorum

349 846 491 890 comnnm
513 836 634 907 puncta.
679 828 758 889 Nam
782 829 929 908 equoris
958 837 1071 911 puncto
1098 830 1357 893 circumferentiae
1378 828 1468 893 NLO
1491 849 1586 911 snpra
1607 830 1638 891 N
1662 829 1713 889 rel

349 917 377 980 Ο
402 917 518 997 longior
540 918 750 979 demitteretur
773 917 862 991 linea,
887 926 918 978 et
942 918 980 979 ab
1004 917 1072 979 aliis
1096 919 1175 981 infra
1197 920 1236 995 N,
1261 918 1290 980 0
1313 919 1433 982 brevior
1455 937 1545 999 qnam
1567 916 1638 994 ΝΟ,
1655 915 1714 978 ΟΕ

349 1006 574 1068 semidiameter
607 1007 758 1067 fenestrae
789 1005 954 1067 foraminis.
1002 1005 1037 1068 Si
1068 1025 1139 1087 ergo
1163 1008 1206 1083 N,
1231 1007 1259 1069 0
1283 1015 1354 1070 snut
1384 1008 1524 1070 acumina
1554 1025 1714 1078 cornnum,

349 1115 422 1175 ergo
453 1095 493 1156 ibi
527 1096 655 1157 circulus
678 1095 783 1156 Lunae
813 1102 900 1157 secat
922 1092 1070 1157 Solarem.
1117 1095 1179 1158 Sed
1203 1104 1234 1157 et
1255 1098 1290 1158 M
1319 1096 1425 1158 estin
1457 1096 1571 1159 circulo
1595 1095 1715 1165 lunae,

349 1184 435 1247 utin
459 1182 489 1260 9,
515 1203 586 1265 ergo
608 1182 701 1247 NMO
726 1192 773 1245 est
797 1184 901 1245 Lunae
926 1184 1065 1258 circulus,
1091 1191 1123 1246 et
1145 1183 1232 1247 NLO
1256 1185 1352 1260 Solis,
1383 1203 1455 1265 ergo
1479 1185 1568 1265 justa
1592 1185 1716 1265 species

440 1361 634 1423 Problema
664 1360 735 1420 XlI.
788 1360 839 1420 Ex
871 1360 975 1422 radio
1005 1380 1066 1421 aen
1099 1361 1223 1440 specie
1257 1362 1479 1423 deficientis
1510 1360 1617 1423 Solia
1650 1379 1717 1441 per

349 1451 632 1514 instrumentum
656 1450 803 1527 signata
826 1449 997 1510 invenire
1019 1450 1295 1529 proportionem
1318 1450 1598 1522 diametrorum,
1623 1469 1713 1510 cen·

349 1549 487 1604 trorum
518 1539 740 1600 distantiam
770 1537 963 1599 visibilem
995 1547 1031 1600 et
1060 1539 1314 1618 quantitatem
1345 1539 1529 1602 defectus.
1577 1537 1715 1600 Primum

350 1650 388 1694 ax
410 1628 495 1690 radio
526 1628 697 1689 adulterato
730 1645 818 1687 verus
849 1625 987 1688 elicietur
1016 1645 1070 1706 per
1097 1626 1145 1689 11.
1175 1627 1224 1688 vel
1248 1624 1279 1690 9.
1310 1628 1408 1708 hujus.
1454 1628 1576 1690 Deinde
1603 1627 1659 1688 iat
1683 1636 1715 1688 ut

349 1717 536 1801 problemate
561 1716 598 1790 73
632 1716 843 1778 continuentur
875 1715 992 1776 scilicet
1024 1716 1282 1779 circumferentiae
1311 1734 1402 1778 verae
1432 1717 1548 1796 speciei
1571 1725 1606 1778 et
1627 1735 1714 1778 com·

349 1815 495 1889 parentur
527 1805 665 1867 diametri
698 1803 885 1878 mechanico,
921 1812 1009 1864 utet
1039 1814 1209 1866 contrornm
1240 1806 1390 1867 distantia
1412 1813 1444 1866 et
1472 1803 1571 1884 digiti.
1618 1807 1666 1867 At
1688 1807 1714 1866 ei

350 1916 406 1977 per
431 1894 482 1958 ll.
516 1903 659 1974 operatus
688 1912 738 1965 es,
773 1892 848 1954 haec
879 1892 981 1953 omnia
1011 1894 1103 1955 etiam
1135 1894 1248 1956 aliter
1280 1893 1464 1956 habentur
1494 1912 1562 1974 per
1593 1895 1713 1974 ipsam

351 1984 659 2048 observationem
690 1991 726 2042 et
756 1980 952 2044 calculum.
1000 1982 1034 2043 In
1058 1982 1212 2044 schemate
1244 1983 1438 2060 praecedenti
1465 1983 1581 2045 dantur
1601 1992 1714 2062 puncta

350 2075 375 2136 F
399 2082 431 2135 et
452 2073 495 2147 H,
521 2091 593 2152 ergo
616 2073 671 2133 ΡΗ
695 2090 734 2131 ex
756 2070 824 2149 ipsa
853 2069 1075 2132 observatione.
1121 2071 1199 2133 Dico
1221 2071 1299 2133 hanc
1322 2091 1392 2133 esse
1421 2072 1583 2152 aequalem
1616 2072 1714 2133 lineae

349 2163 426 2236 MP;
450 2171 520 2223 suut
543 2161 622 2222 enim
641 2161 700 2221 MP
721 2159 821 2220 etPll
844 2159 986 2238 aequales
1006 2166 1037 2221 et
1053 2160 1105 2221 FP
1129 2160 1302 2221 communis.
1332 2160 1430 2222 Simul
1454 2168 1558 2222 autern
1584 2160 1714 2223 habetur

350 2253 411 2313 ML
444 2250 608 2313 subtractis
630 2250 705 2321 ΡΜ,
735 2247 791 2309 LD
822 2248 860 2309 ab
883 2249 949 2309 FD.
996 2247 1099 2318 Quare
1131 2249 1261 2310 habetur
1284 2249 1348 2311 PL.
1395 2249 1458 2311 Sed
1491 2247 1551 2319 Qt.
1585 2249 1715 2311 babetur

349 2359 403 2422 per
426 2336 457 2400 2.
483 2340 578 2420 hujus.
625 2339 668 2399 Et
691 2346 740 2399 est
762 2336 839 2399 haec
867 2337 1015 2398 diameter
1037 2337 1140 2399 circnli
1165 2337 1265 2411 ONL,
1296 2356 1368 2418 ergo
1392 2347 1426 2400 et
1447 2337 1505 2408 ΟΡ
1528 2339 1715 2400 hebetaret

350 2448 453 2493 aarum
483 2429 583 2490 media
615 2426 849 2507 proportionalis
872 2423 938 2487 ΡΝ.
985 2426 1043 2487 Est
1073 2434 1173 2488 autem
1202 2436 1235 2488 et
1257 2425 1311 2488 ΡΝ
1344 2427 1444 2489 media
1475 2427 1715 2508 proportionalis

351 2518 428 2579 iuter
451 2517 511 2577 MP
534 2529 565 2577 et
589 2517 657 2588 PR,
682 2525 714 2577 et
737 2515 796 2575 PM
820 2533 859 2575 ex
890 2513 1102 2576 observatione
1135 2516 1279 2588 dabatur,
1311 2516 1430 2578 scilicet
1452 2517 1518 2577 ΡΗ.
1567 2516 1613 2579 Ut
1644 2533 1715 2595 argo

350 2607 405 2669 PH
427 2607 477 2668 vel
499 2606 559 2667 MP
583 2605 621 2666 ad
644 2605 709 2679 ΡΝ,
733 2604 777 2665 sic
801 2604 855 2665 ΡΝ
879 2602 918 2663 ad
941 2602 1006 2676 PR,
1032 2621 1108 2682 quae
1131 2622 1198 2665 cum
1222 2604 1281 2666 PM
1305 2605 1379 2666 facit
1403 2605 1588 2667 diametrum
1608 2605 1713 2667 Lunae

350 2695 508 2757 visibilem.
555 2691 762 2765 Quantitas
786 2710 871 2753 vero
895 2690 1066 2754 defectus
1090 2692 1197 2753 datur
1220 2692 1332 2754 etiam
1360 2694 1589 2773 simplicius.
1637 2694 1713 2757 Nan

351 2785 422 2866 qnia
444 2781 499 2853 SQ
522 2790 554 2843 et
576 2784 601 2844 F
603 2784 635 2844 M
668 2784 742 2844 liunt
772 2779 989 2843 semidiametri
1022 2780 1189 2850 foraminis,
1221 2799 1293 2859 ergo
1326 2781 1377 2844 SP
1403 2791 1436 2843 et
1460 2780 1523 2852 Qut
1559 2783 1712 2864 aequales.

350 2875 394 2938 Ut
416 2881 518 2934 antem
542 2870 600 2941 QL
623 2872 662 2933 ad
690 2868 728 2932 12
753 2872 865 2950 digitos
889 2870 934 2929 ita
956 2867 1006 2930 SF
1029 2870 1077 2930 vel
1101 2868 1164 2939 QM
1188 2871 1227 2931 ad
1251 2869 1362 2949 digitos
1392 2872 1586 2946 deficientes,
1612 2879 1668 2934 ant
1688 2871 1712 2932 si

350 2963 447 3025 marie
471 2960 564 3035 dices,
588 2969 621 3021 ut
637 2958 693 3030 LQ
711 2960 750 3021 ad
773 2959 811 3021 12
835 2958 948 3037 digitos
963 2957 1006 3018 sic
1021 2958 1080 3018 LM
1105 2975 1176 3036 pars
1200 2959 1303 3019 lucens
1323 2960 1362 3020 ad
1386 2961 1500 3039 digitos
1519 2978 1582 3022 non
1605 2969 1711 3026 ιεσὶοι,

351 3050 400 3131 qui
424 3070 444 3110 a
473 3049 509 3111 12
534 3049 629 3111 ablati
659 3050 832 3128 relinquunt
861 3046 975 3125 digitos
1008 3046 1174 3125 eclipticus.
1221 3046 1369 3127 Exempla
1399 3049 1507 3110 calculi
1540 3057 1616 3111 eunt
1638 3050 1712 3111 infra

374 3138 448 3202 robl.
473 3135 525 3200 32.

352 3159 371 3220 p
439 3228 533 3289 Porro
557 3245 633 3306 quae
657 3225 843 3306 problemate
870 3220 920 3284 10.
946 3230 1017 3282 sunt
1040 3223 1154 3284 tradita
1177 3223 1267 3303 paulo
1291 3234 1361 3286 sunt
1389 3226 1554 3288 incertiora
1578 3239 1711 3307 expertn,

350 3320 378 3381 ai
406 3316 472 3398 quis
505 3316 558 3378 illa
588 3335 642 3394 per
675 3317 730 3375 hoc
758 3314 807 3375 11.
832 3320 864 3372 et
889 3308 939 3373 12.
970 3312 1129 3372 examinet.
1177 3312 1254 3373 Nam
1286 3314 1449 3375 difficulter
1481 3316 1521 3376 ad
1556 3325 1711 3397 utrumqne

351 3406 494 3470 sectionis
517 3415 675 3485 punctum,
711 3404 832 3482 regnlae
857 3399 999 3461 simulet
1032 3400 1155 3460 umbrae
1178 3420 1244 3461 curu
1276 3402 1424 3463 diametro
1456 3405 1584 3482 signata
1612 3415 1712 3467 atten-

352 3498 441 3559 ditur.
479 3494 522 3555 Et
544 3494 712 3554 acuminum
736 3493 767 3553 in
791 3490 933 3551 cornibus
957 3488 1080 3559 circelli,
1107 3498 1211 3567 utpote
1226 3510 1245 3550 a
1263 3502 1375 3570 puncto
1399 3494 1509 3570 sparsi,
1535 3493 1628 3554 vaide
1648 3504 1714 3555 sunt

352 3585 448 3656 diluti,
470 3591 501 3643 et
519 3582 708 3644 aestimando
732 3580 881 3641 sectiones
906 3577 1037 3639 fallimur
1053 3578 1080 3637 in
1105 3578 1243 3640 minimis.
1284 3580 1326 3640 Ut
1344 3600 1423 3641 anno
1443 3577 1537 3644 1600.
1564 3579 1620 3644 30.
1635 3582 1712 3644 Junii

350 3675 399 3735 vel
427 3670 474 3734 10.
497 3669 582 3743 Julii,
606 3690 672 3731 cnm
696 3670 858 3729 deficerent
881 3666 967 3743 digiti
991 3663 1010 3727 3
1036 3666 1064 3725 in
1089 3666 1182 3737 radio,
1209 3669 1314 3745 regula
1344 3671 1563 3731 transversariis
1588 3672 1714 3733 resecuit

351 3762 463 3841 digitos
490 3754 561 3841 ΡΑ,
588 3778 660 3837 ergo
684 3760 739 3817 llP
765 3751 820 3838 1¹l,
852 3755 982 3833 qualium
999 3754 1052 3814 ΡΙ)
1072 3750 1103 3824 9,
1127 3764 1157 3815 et
1181 3755 1210 3815 in
1235 3756 1420 3818 dimensione
1444 3760 1614 3831 foraminis,
1640 3779 1713 3839 qna·

352 3851 422 3912 lium
447 3858 531 3909 totus
555 3849 657 3909 radius
681 3846 787 3906 habuit
816 3842 873 3905 105
885 3840 930 3922 i„
966 3842 1140 3903 enucleatus
1172 3862 1242 3904 vero
1266 3842 1309 3907 89
1333 3848 1381 3917 (ut
1406 3847 1481 3909 haec
1505 3851 1599 3927 paulo
1622 3850 1714 3911 minor

347 3939 431 4019 justo
455 3937 620 4015 quantitas,
646 3935 723 4014 quod
748 3933 842 4013 probl.
869 3929 900 3991 2.
926 3931 1084 4002 monitum,
1115 3932 1179 4008 jam
1203 3933 1288 4010 justa
1310 3935 1383 4007 sit),
1408 3936 1515 3999 talium
1539 3945 1606 4000 tres
1630 3938 1715 4014 digiti

350 4036 422 4090 aunt
444 4018 544 4105 26⁸),
591 4022 633 4083 Et
655 4024 710 4084 llF
734 4024 780 4083 rel
805 4022 862 4082 PM
892 4021 925 4082 11
940 4015 1019 4097 “lm
1043 4020 1099 4079 FD
1124 4038 1194 4081 vero
1218 4018 1238 4081 9
1263 4023 1368 4098 digiti,
1391 4033 1463 4084 sunt
1484 4037 1594 4102 partes
1618 4025 1715 4106 79⁸1..

350 4115 432 4194 Ergo
464 4124 531 4175 tota
555 4110 612 4172 ΙΙΙ)
642 4119 746 4190 partes
777 4104 896 4191 90⁴7„
936 4109 1014 4180 fere,
1046 4116 1079 4168 et
1101 4107 1174 4181 lll',
1199 4109 1272 4183 LD,
1302 4108 1380 4191 16¹l,
1415 4113 1546 4189 ablatis,
1582 4118 1645 4177 erit
1665 4116 1716 4177 PL

352 4198 484 4285 74²·J„‚
510 4211 541 4262 et
559 4198 612 4269 ΡΟ
637 4193 765 4278 wi...
805 4199 887 4258 llaec
913 4199 991 4258 inse
1017 4196 1219 4274 multiplicata
1243 4200 1358 4261 faciunt
1376 4199 1460 4264 1089
1470 4198 1504 4280 'lg
1532 4206 1716 4281 quadratum

350 4293 416 4354 ΝΡ.
464 4291 525 4353 Sed
560 4288 618 4348 PM
650 4287 705 4347 fuit
742 4282 880 4366 tt¹³l„,
913 4285 1014 4364 prodit
1043 4303 1115 4362 ergo
1149 4285 1295 4346 divisione
1328 4291 1470 4367 quadrati
1505 4293 1561 4352 NP
1595 4294 1626 4355 iu
1658 4292 1714 4355 ΡΙ

350 4379 549 4451 residuaPR
573 4373 614 4437 93
640 4376 715 4446 fere,
748 4374 794 4435 cni
823 4374 958 4434 additum
993 4381 1179 4451 segmentum
1208 4374 1267 4434 PM
1297 4378 1458 4438 constituit
1486 4390 1588 4444 totam
1612 4383 1715 4445 Lunae

351 4470 527 4529 diametrum
557 4458 671 4543 loti„
696 4463 826 4541 qualium
851 4461 931 4522 Solis
955 4457 1008 4522 89.
1057 4461 1177 4521 Fuisset
1201 4462 1292 4541 igitur
1322 4466 1471 4528 diameter
1496 4469 1605 4532 Lunae
1628 4490 1715 4533 erra·

351 4557 485 4635 pnlomm
509 4547 608 4628 3l³f.,
632 4570 699 4611 curu
724 4560 823 4610 tamen
848 4550 937 4627 paulo
967 4550 1058 4610 luerit
1085 4550 1207 4611 inferior
1238 4552 1426 4628 lougitndine
1451 4558 1563 4620 media.
1614 4559 1716 4630 Quare

351 4651 384 4704 nt
406 4644 512 4703 rideas
538 4639 698 4710 fallaciam,
727 4638 816 4697 fuerit
839 4639 986 4697 diameter
1001 4636 1103 4697 Lunae
1119 4636 1172 4700 32‘
1196 4650 1228 4700 et
1243 4641 1331 4718 digiti
1356 4642 1514 4707 obscurati
1530 4648 1561 4709 in
1582 4644 1714 4719 emtot.

352 4731 503 4809 quaeritur
517 4730 586 4808 quid
603 4726 816 4786 transversalis
833 4744 971 4786 resecare
994 4725 1141 4796 debuerit,
1165 4730 1244 4804 qnod
1264 4748 1320 4790 uos
1343 4733 1589 4797 aestimabamus
1603 4738 1717 4818 digitos

356 4812 426 4896 ¹7⁸·
465 4816 499 4877 Si
524 4837 594 4891 ergo
614 4812 655 4876 29
666 4809 695 4894 Ὺ,
725 4813 865 4890 scrupula
888 4813 964 4873 dant
981 4809 1023 4874 89
1048 4814 1222 4891 particulas,
1248 4815 1290 4879 32
1306 4822 1452 4899 scrupula
1474 4822 1597 4889 dabunt
1610 4826 1715 4888 Lunae

351 4907 515 4981 particulas
538 4902 620 4981 969,
659 4901 749 4979 paulo
782 4902 868 4978 plna;
900 4913 931 4960 et
962 4901 1031 4980 quia
1055 4900 1075 4962 3
1099 4902 1186 4979 digiti
1220 4906 1250 4965 iu
1284 4909 1369 4968 radin
1403 4920 1476 4971 sunt
1499 4907 1605 4994 26⁸1„
1629 4925 1716 4976 tauta

352 4991 443 5070 igitur
466 4989 615 5070 particula
637 4988 675 5050 de
704 4987 788 5049 radio
820 4987 913 5048 etiam
936 4983 978 5051 89
1011 4987 1132 5052 defecit
1180 4988 1263 5062 Quia
1292 5012 1365 5074 ergo
1388 5005 1424 5059 nt
1446 4997 1503 5060 PL
1525 5002 1569 5064 ad
1592 5002 1648 5066 eu·
1672 5002 1716 5063 sic
