3692 5842
690 264 722 315 de
737 219 810 316 rebus
828 262 931 329 Optlclr.

585 438 705 501 Nobilis
734 445 767 499 et
790 439 951 517 Magnifice
979 439 1046 502 Vir.

671 528 786 589 Fautor
815 528 960 606 gratiose.
1462 577 1472 588 .

225 613 351 676 Literas
375 613 480 693 Magn.
505 615 588 677 Tuae
611 635 676 676 cum
707 616 835 694 adjectis
859 612 879 678 b
903 616 1030 678 Ducatis
1053 623 1134 678 recte
1160 614 1272 693 accepi.
1320 614 1495 681 Gratiarum

133 702 287 765 actionem
321 705 602 765 commemoratione
637 713 668 765 et
700 704 937 766 dinumeratione
968 704 1194 776 beneficiorum,
1228 722 1303 783 quae
1338 726 1397 767 urta
1429 710 1495 783 vice

136 791 254 873 accepi,
279 793 307 853 in
331 811 476 871 praesens
500 792 678 872 transigam.
716 794 794 854 Nam
819 802 851 854 et
874 794 1068 854 oscitantiam
1093 802 1124 853 et
1149 792 1371 855 festinationem
1397 815 1495 858 meam

134 881 271 960 ineptam
295 881 389 942 libelli
412 881 555 961 supplicis
579 883 733 960 curatione
758 881 936 945 correxisti:
961 891 993 942 et
1008 879 1316 943 commendationibus
1335 884 1394 944 tuis
1416 884 1494 946 libe·

135 969 321 1031 ralissimum
346 969 419 1031 milri
443 970 631 1032 honorarium
656 991 675 1031 a
698 970 899 1032 Serenissimo
924 972 1038 1030 Vestro
1062 970 1245 1048 impetrasti,
1279 980 1368 1051 atque
1393 972 1437 1047 id,
1463 982 1496 1034 ut

134 1058 346 1137 expectationi
369 1077 453 1120 meae
477 1060 683 1132 satisfaceres,
708 1060 744 1120 de
764 1059 883 1138 proprio
902 1058 1148 1139 repraesentasti.
1188 1056 1309 1128 eranto
1330 1068 1382 1121 tua
1401 1061 1497 1141 major

136 1146 193 1208 fnit
218 1146 247 1207 in
275 1147 381 1208 altimo
408 1148 588 1222 humanitas,
615 1149 643 1209 in
667 1149 764 1209 medio
788 1149 981 1227 promtitudo,
1008 1157 1094 1209 tanto
1117 1147 1188 1208 milri
1214 1148 1324 1209 salsius
1345 1151 1496 1228 exprobro

135 1236 203 1314 ipse
227 1254 325 1298 meam
350 1235 379 1296 iu
403 1237 533 1316 petendo
558 1238 826 1318 importunitatem.
864 1236 1089 1299 Imrnodestiam
1109 1236 1188 1298 enim
1208 1256 1266 1297 non
1290 1237 1397 1312 dicam,
1424 1239 1495 1300 milri

137 1324 196 1404 ipsi
221 1324 440 1402 indulgentior,
473 1344 508 1386 eo
540 1326 617 1405 quod
647 1345 722 1406 qnae
753 1328 882 1388 omnium
916 1345 1000 1387 meae
1034 1325 1148 1387 farinae
1180 1326 1330 1387 hominum
1359 1328 1496 1407 exenrplo

138 1414 276 1474 facturus
310 1414 439 1486 fueram,
473 1413 622 1476 invidiosa
652 1415 806 1476 civilitatis
835 1417 1027 1484 affectatione
1060 1414 1236 1493 petitionem
1268 1417 1373 1478 celans
1406 1416 1496 1478 oflicii

136 1510 343 1580 praetextum,
368 1502 473 1563 eadem
505 1503 644 1564 candoris
677 1503 845 1566 existimari
871 1505 1001 1583 ingenua
1033 1502 1221 1564 confessione
1246 1505 1387 1583 detegere
1411 1515 1444 1565 et
1465 1506 1495 1566 in

136 1598 245 1669 aperto
279 1590 437 1652 collocare.
485 1589 573 1661 Quod
607 1601 707 1654 autem
732 1594 769 1654 ad
802 1593 948 1672 primurn,
983 1612 1041 1653 rron
1074 1610 1195 1671 possum
1231 1592 1283 1654 tibi
1313 1612 1369 1654 non
1405 1593 1495 1656 fateri

136 1679 274 1742 dolorem
308 1698 425 1753 meum;
460 1679 507 1759 qui
541 1679 659 1742 rideam
692 1683 747 1743 huc
781 1683 934 1759 accepisse
967 1700 1062 1743 meam
1097 1680 1327 1759 negligentiam,
1362 1691 1394 1743 nt
1418 1682 1497 1744 infra

136 1767 299 1847 dignitatis
319 1776 390 1829 tuae
413 1767 525 1830 limites
545 1770 583 1831 ad
603 1771 658 1830 hoc
678 1790 771 1849 genus
792 1770 881 1831 oflicii
901 1779 933 1831 et
953 1768 1148 1831 humanitatis
1173 1770 1373 1832 descenderis.
1407 1768 1496 1841 Quod

135 1856 163 1918 si
187 1857 319 1917 futurum
344 1855 565 1935 praescissem:
591 1859 678 1920 velim
698 1860 769 1921 mihi
793 1869 824 1919 nt
849 1860 925 1919 bono
942 1858 1005 1920 riro
1030 1857 1146 1932 credas,
1172 1877 1230 1918 non
1254 1858 1330 1919 tanti
1356 1859 1496 1921 fecissem

136 1944 190 2007 ills
211 1944 252 2005 D.
276 1944 435 2024 Vihepeel
464 1946 622 2008 occasione
652 1949 715 2008 uti:
741 1948 809 2027 quin
833 1948 933 2026 potius
958 1948 1049 2008 libros
1071 1946 1132 2025 jam
1156 1947 1381 2008 commendatos
1405 1967 1495 2027 repe·

136 2032 256 2094 tiissem
276 2044 307 2094 et
328 2035 389 2095 alia
408 2035 566 2096 occasione
585 2055 645 2097 una
664 2056 731 2097 cum
749 2037 969 2115 supplicatione
990 2036 1148 2097 misissem.
1187 2034 1248 2097 Sed
1269 2037 1346 2116 quod
1366 2035 1494 2098 mirabili

137 2135 190 2183 tua
211 2121 360 2183 facilitate
388 2134 525 2184 curatum
551 2132 600 2185 est
624 2125 729 2186 vulnus
748 2144 824 2203 pene
844 2125 1016 2206 priusquam
1033 2124 1236 2203 infligeretur,
1262 2125 1330 2185 nolo
1352 2125 1495 2188 refricare

137 2230 207 2273 sera
230 2221 263 2271 et
285 2210 382 2273 inutili
407 2212 602 2290 poenitentia.

227 2300 325 2362 Unum
350 2319 411 2369 oro,
436 2302 578 2363 schedam
599 2322 627 2363 n.
645 2302 725 2363 illam
749 2321 843 2363 rrream
865 2302 905 2374 (si
930 2302 1048 2381 quidem
1076 2322 1113 2361 ea
1137 2300 1260 2363 fortuito
1283 2320 1376 2381 penes
1395 2302 1438 2363 M.
1458 2303 1495 2363 l'.

136 2389 299 2450 etiamnum
324 2389 468 2463 oberret),
494 2391 618 2470 utquid
643 2392 681 2452 ad
705 2389 814 2452 Ser.um
840 2390 1010 2469 scripserim
1034 2390 1175 2451 memoria
1199 2390 1354 2452 retineam.

164 2494 169 2502 ·
226 2476 438 2549 Decreveram,
460 2477 484 2538 si
502 2480 644 2541 schedam
665 2479 735 2540 mihi
756 2481 798 2540 Μ.
819 2481 852 2543 T.
874 2498 928 2540 sno
943 2479 1121 2557 interposito
1137 2478 1249 2558 judicio
1268 2477 1495 2541 describendam

136 2567 327 2640 remisisset,
362 2586 481 2628 monere
512 2569 761 2642 Serenissimum,
796 2590 832 2629 an
857 2567 976 2647 placeat
1003 2568 1031 2627 in
1055 2568 1222 2647 hujusmodi
1247 2569 1383 2641 theatro,
1408 2570 1496 2649 quale

137 2653 215 2734 Cap.
242 2656 281 2716 ll.
306 2656 460 2734 proposui,
486 2655 614 2719 futuram
639 2657 762 2736 eclipsin
788 2658 865 2719 citra
886 2658 1026 2718 damnum
1051 2658 1199 2718 commum
1225 2657 1344 2719 intueri.
1378 2658 1496 2720 Poterit

136 2744 165 2805 id
190 2744 236 2805 hl.
257 2745 293 2805 T.
319 2753 404 2805 tanto
429 2746 598 2823 expeditius
618 2747 795 2819 deliberare,
821 2755 933 2826 quarite
954 2745 1157 2825 exploratiora
1180 2746 1273 2807 habet
1296 2745 1329 2807 S.
1346 2746 1495 2826 Principis

134 2833 240 2895 studia
263 2842 295 2894 et
319 2834 476 2894 desideria.

225 2920 273 2982 De
298 2922 455 3001 eclipsi-ll.
472 2923 595 2983 Martini
617 2924 702 3002 plura
722 2922 853 2983 seribere
872 2943 929 2983 non
950 2927 1082 3002 possum,
1109 2941 1196 3001 quarn
1217 2923 1245 2984 in
1267 2942 1356 3002 opere
1375 2924 1493 3004 scripsi.

134 3010 243 3090 Neque
272 3010 351 3072 enim
383 3012 498 3073 calculo
532 3011 613 3072 illam
647 3012 794 3091 quaesivi,
829 3030 924 3091 neque
958 3031 1033 3090 qnae
1063 3012 1098 3072 de
1132 3012 1337 3089 magnitudine
1370 3015 1494 3075 duarum

134 3099 327 3180 sequentium
351 3100 457 3178 scripsi
483 3100 511 3160 in
535 3100 612 3160 hanc
636 3101 865 3179 praecedentem
889 3110 960 3161 sulit
982 3099 1139 3161 trahenda.
1179 3101 1248 3162 Fuit
1271 3102 1386 3162 additio
1411 3121 1494 3163 unar-

135 3189 256 3267 ginalis,
284 3188 385 3267 itaque
410 3198 568 3250 contextus
594 3207 650 3249 non
677 3199 725 3250 est
752 3190 840 3268 plane
871 3190 1065 3250 clarissimus.
1115 3189 1219 3250 Verba
1241 3188 1494 3270 Liechterubergii

134 3286 238 3338 sumta
261 3285 334 3338 sunt
357 3296 393 3337 ex
410 3274 590 3338 Germanico
613 3278 755 3357 opusculo
777 3277 805 3338 in
831 3288 947 3357 quiana,
974 3278 1036 3338 sinc
1056 3276 1122 3352 loci,
1148 3278 1326 3358 typographi
1348 3290 1400 3339 aut
1424 3281 1493 3340 anni

138 3366 350 3448 impressionis
374 3367 533 3428 mentione.
580 3365 639 3427 Est
661 3374 761 3428 autem
786 3367 945 3428 fasciculus
970 3365 1207 3445 prophetiarum,
1232 3365 1282 3427 ubi
1307 3364 1415 3446 Capite
1440 3364 1493 3429 23.

136 3455 183 3516 sic
208 3455 307 3535 inquit
331 3454 367 3515 de
392 3453 494 3533 eclipsi
516 3456 585 3516 anni
608 3450 701 3531 1485,
727 3456 804 3534 quod
825 3455 881 3534 ipsi
905 3454 1054 3517 scribendi
1079 3454 1246 3532 subjectum
1269 3454 1343 3516 fuit:
1369 3457 1425 3517 den
1449 3455 1494 3517 aie

136 3545 179 3606 ist
201 3544 258 3605 mit
282 3543 509 3622 grausamlrheit
532 3544 591 3604 und
615 3544 837 3624 grcisslichlceit
860 3544 928 3605 neit
952 3543 1112 3622 ilberlegeu
1137 3545 1190 3605 der
1214 3543 1402 3620 fdnsternns,
1436 3563 1495 3606 von

136 3632 268 3695 wolcher
293 3631 395 3694 Vnser
419 3632 550 3693 Vorfarn
575 3652 684 3711 sagea,
718 3633 765 3693 die
791 3652 841 3694 zur
865 3634 934 3694 Zeit
957 3633 1010 3692 des
1043 3631 1171 3711 heiligen
1195 3631 1346 3694 Bischoffs
1369 3632 1494 3695 Martini

137 3724 181 3784 ist
203 3727 330 3802 genest.
367 3721 432 3782 nec
455 3721 550 3800 plura.
590 3719 724 3800 Objicies
742 3721 812 3782 rnihi
832 3729 863 3781 et
882 3722 950 3800 jure
971 3720 1100 3800 quodam
1123 3720 1338 3783 obscuritatem
1353 3723 1493 3785 auctoris.

134 3812 183 3873 At
204 3810 234 3870 in
260 3827 328 3871 meo
352 3809 485 3870 themate
509 3809 584 3871 haee
607 3810 677 3871 mihi
698 3829 755 3870 non
780 3811 904 3871 rrrultum
929 3818 1026 3881 nocet,
1050 3810 1226 3872 corneliam
1249 3811 1378 3873 rusticus
1402 3812 1493 3873 testi-

134 3901 267 3961 monium
285 3897 392 3977 possit
413 3897 567 3976 praebere.
616 3898 779 3960 Praeterea
803 3899 840 3959 ad
865 3899 996 3978 majores
1020 3906 1175 3978 provocat.

226 3985 319 4057 Quod
342 3986 488 4048 calculum
513 3988 624 4048 attinet
647 3987 815 4065 eclipsium,
850 4005 906 4066 quo
930 3986 1027 4047 minus
1051 3986 1080 4047 in
1104 4005 1249 4066 praesens
1278 4005 1375 4047 meam
1399 3985 1493 4065 ipsius

134 4095 261 4157 operam
285 4073 329 4137 Μ.
354 4075 390 4136 Τ.
414 4075 493 4136 ultro
522 4077 657 4150 offeram,
692 4095 777 4137 neum
802 4095 848 4135 me
878 4082 908 4135 te
933 4075 998 4155 ipso
1031 4075 1189 4137 excusabit
1221 4075 1349 4148 rectius,
1384 4073 1432 4153 qui
1457 4073 1494 4134 de

134 4166 239 4228 Marte
263 4172 327 4226 tam
350 4162 512 4242 diligenter·
532 4184 567 4225 ex
587 4184 633 4225 me
653 4165 782 4245 qnaeris.
817 4163 988 4238 Studiosus,
1013 4182 1069 4243 quo
1090 4183 1155 4226 sum
1173 4183 1253 4233 usus,
1277 4182 1323 4223 me
1343 4162 1492 4223 deseruit:

135 4265 169 4315 et
191 4271 263 4316 sere
289 4251 407 4333 quidem
427 4252 524 4313 instar
547 4272 653 4314 manus
679 4253 780 4328 habet,
806 4272 882 4332 qrrae
900 4254 996 4332 quoad
1021 4253 1137 4331 corpori
1157 4252 1303 4313 adhaeret
1321 4258 1368 4311 est
1392 4249 1492 4311 utilis-

136 4343 226 4417 sima,
250 4348 373 4404 resecta
404 4341 538 4404 moritur.
586 4342 637 4402 Sic
662 4342 698 4402 de
722 4341 787 4420 ipso
812 4341 852 4401 nil
886 4358 1005 4418 possem
1038 4339 1187 4419 polliceri,
1220 4338 1278 4400 nisi
1302 4356 1418 4399 mecum
1442 4338 1493 4399 sit.

134 4430 285 4513 Proposui
304 4428 362 4507 ipsi
388 4429 531 4507 legendas
548 4430 591 4492 M.
613 4428 648 4489 T.
670 4429 784 4491 literas.
822 4429 947 4491 Prornta
964 4429 1082 4490 videtur
1100 4446 1166 4489 esse
1182 4428 1357 4488 voluntate:
1383 4433 1493 4497 metuo,

135 4531 170 4582 ut
192 4537 248 4582 suo
273 4536 354 4580 more
379 4518 555 4581 temerarius
578 4519 620 4580 hl.
637 4519 718 4579 Tuae
742 4517 849 4580 fiducia
872 4536 940 4578 sese
965 4517 992 4578 in
1017 4516 1075 4579 iter
1097 4514 1254 4595 conjiciat..
1285 4512 1357 4575 Jam
1379 4513 1495 4593 pridem

134 4609 216 4672 enim
240 4606 377 4669 abiturit.

227 4694 455 4759 commentaria
478 4694 515 4755 de
539 4695 669 4756 motibus
692 4702 718 4763 d
741 4700 773 4754 et
794 4692 855 4754 und
878 4693 1000 4755 tabulas
1023 4690 1215 4770 computandi
1240 4690 1316 4751 hunc
1339 4690 1494 4769 planetam

135 4785 302 4849 facillimas
326 4782 379 4845 sed
407 4782 559 4863 prolixas,
582 4781 742 4845 Natalitiis
766 4780 878 4843 tradidi
902 4778 1044 4853 Caesari,
1069 4778 1205 4840 sednon
1229 4779 1318 4858 plane
1342 4778 1495 4857 descripta

1230 4878 1273 4933 a·
