<?xml version="1.0" encoding="UTF-8"?>
<!DOCTYPE html PUBLIC "-//W3C//DTD XHTML 1.0 Transitional//EN"
    "http://www.w3.org/TR/xhtml1/DTD/xhtml1-transitional.dtd">
<html xmlns="http://www.w3.org/1999/xhtml" xml:lang="en" lang="en">
 <head>
  <title>
</title>
<meta http-equiv="Content-Type" content="text/html;charset=utf-8" />
  <meta name='ocr-system' content='tesseract 3.04.00' />
  <meta name='ocr-capabilities' content='ocr_page ocr_carea ocr_par ocr_line ocrx_word'/>
</head>
<body>
  <div class='ocr_page' id='page_1' title='image "./joanniskepleria01frisgoog/joanniskepleria01frisgoog_0701.png"; bbox 0 0 3692 5842; ppageno 0'>
   <div class='ocr_carea' id='block_1_1' title="bbox 741 438 1502 552">
    <p class='ocr_par' dir='ltr' id='par_1_1' title="bbox 741 438 1502 552">
     <span class='ocr_line' id='line_1_1' title="bbox 741 438 1502 552; baseline -0.001 -19"><span class='ocrx_word' id='word_1_1' title='bbox 741 482 822 547; x_wconf 67' lang='lat' dir='ltr'><strong>capus</strong></span> <span class='ocrx_word' id='word_1_2' title='bbox 841 482 906 532; x_wconf 80' lang='lat' dir='ltr'><strong>xm</strong></span> <span class='ocrx_word' id='word_1_3' title='bbox 941 438 948 449; x_wconf 66' lang='grc'><strong>’</strong></span> <span class='ocrx_word' id='word_1_4' title='bbox 1437 481 1502 552; x_wconf 71' lang='grc'><strong>689</strong></span> 
     </span>
    </p>
   </div>
   <div class='ocr_carea' id='block_1_2' title="bbox 88 658 1623 5190">
    <p class='ocr_par' dir='ltr' id='par_1_2' title="bbox 88 658 1623 5190">
     <span class='ocr_line' id='line_1_2' title="bbox 145 658 1502 743; baseline -0.005 -13"><span class='ocrx_word' id='word_1_5' title='bbox 145 664 228 730; x_wconf 75' lang='lat' dir='ltr'><strong>hano</strong></span> <span class='ocrx_word' id='word_1_6' title='bbox 259 658 493 726; x_wconf 86' lang='lat' dir='ltr'><strong>immensitatem</strong></span> <span class='ocrx_word' id='word_1_7' title='bbox 522 659 645 722; x_wconf 86' lang='lat' dir='ltr'><strong>extulit:</strong></span> <span class='ocrx_word' id='word_1_8' title='bbox 679 659 814 739; x_wconf 87' lang='lat' dir='ltr'><strong>ejusdem</strong></span> <span class='ocrx_word' id='word_1_9' title='bbox 849 660 941 722; x_wconf 86' lang='lat' dir='ltr'><strong>etiam</strong></span> <span class='ocrx_word' id='word_1_10' title='bbox 975 660 1089 722; x_wconf 90' lang='lat' dir='ltr'><strong>artibus</strong></span> <span class='ocrx_word' id='word_1_11' title='bbox 1119 667 1151 722; x_wconf 90' lang='lat' dir='ltr'><strong>et</strong></span> <span class='ocrx_word' id='word_1_12' title='bbox 1177 661 1401 725; x_wconf 81' lang='lat' dir='ltr'>blandientibus</span> <span class='ocrx_word' id='word_1_13' title='bbox 1423 681 1502 743; x_wconf 93' lang='lat' dir='ltr'><strong>pop-</strong></span> 
     </span>
     <span class='ocr_line' id='line_1_3' title="bbox 140 749 1502 857; baseline -0.001 -41"><span class='ocrx_word' id='word_1_14' title='bbox 140 751 272 857; x_wconf 75' lang='lat' dir='ltr'><strong>pyomis</strong></span> <span class='ocrx_word' id='word_1_15' title='bbox 286 757 455 815; x_wconf 84' lang='lat' dir='ltr'><strong>revertatur</strong></span> <span class='ocrx_word' id='word_1_16' title='bbox 477 749 557 812; x_wconf 90' lang='lat' dir='ltr'><strong>iutra</strong></span> <span class='ocrx_word' id='word_1_17' title='bbox 579 750 680 811; x_wconf 92' lang='lat' dir='ltr'><strong>muudi</strong></span> <span class='ocrx_word' id='word_1_18' title='bbox 703 756 801 811; x_wconf 86' lang='lat' dir='ltr'><strong>metas</strong></span> <span class='ocrx_word' id='word_1_19' title='bbox 825 756 915 831; x_wconf 88' lang='lat' dir='ltr'><strong>atque</strong></span> <span class='ocrx_word' id='word_1_20' title='bbox 947 767 1084 811; x_wconf 74' lang='lat' dir='ltr'><strong>carceres</strong></span> <span class='ocrx_word' id='word_1_21' title='bbox 1116 769 1196 812; x_wconf 89' lang='lat' dir='ltr'><strong>snos.</strong></span> <span class='ocrx_word' id='word_1_22' title='bbox 1243 749 1335 815; x_wconf 84' lang='lat' dir='ltr'>Certe</span> <span class='ocrx_word' id='word_1_23' title='bbox 1305 751 1502 831; x_wconf 83' lang='lat' dir='ltr'><strong>tequidem</strong></span> 
     </span>
     <span class='ocr_line' id='line_1_4' title="bbox 91 838 872 944; baseline -0.009 -37"><span class='ocrx_word' id='word_1_24' title='bbox 91 909 93 914; x_wconf 78' lang='grc'>,</span> <span class='ocrx_word' id='word_1_25' title='bbox 143 840 273 926; x_wconf 77' lang='lat' dir='ltr'><strong>vaganti</strong></span> <span class='ocrx_word' id='word_1_26' title='bbox 293 859 363 944; x_wconf 76' lang='lat' dir='ltr'><strong>per⁸</strong></span> <span class='ocrx_word' id='word_1_27' title='bbox 370 839 454 902; x_wconf 92' lang='lat' dir='ltr'><strong>illnd</strong></span> <span class='ocrx_word' id='word_1_28' title='bbox 466 838 611 901; x_wconf 88' lang='lat' dir='ltr'><strong>inlinitum</strong></span> <span class='ocrx_word' id='word_1_29' title='bbox 636 839 709 901; x_wconf 87' lang='lat' dir='ltr'><strong>bene</strong></span> <span class='ocrx_word' id='word_1_30' title='bbox 733 857 791 899; x_wconf 95' lang='lat' dir='ltr'><strong>non</strong></span> <span class='ocrx_word' id='word_1_31' title='bbox 815 846 872 901; x_wconf 90' lang='lat' dir='ltr'><strong>est.</strong></span> 
     </span>
     <span class='ocr_line' id='line_1_5' title="bbox 234 925 1502 1012; baseline 0 -20"><span class='ocrx_word' id='word_1_32' title='bbox 234 931 296 1012; x_wconf 75' lang='lat' dir='ltr'><strong>Aio</strong></span> <span class='ocrx_word' id='word_1_33' title='bbox 318 928 460 1010; x_wconf 90' lang='lat' dir='ltr'><strong>primum,</strong></span> <span class='ocrx_word' id='word_1_34' title='bbox 485 948 522 990; x_wconf 85' lang='lat' dir='ltr'><strong>ex</strong></span> <span class='ocrx_word' id='word_1_35' title='bbox 544 928 729 990; x_wconf 80' lang='lat' dir='ltr'><strong>astronomia</strong></span> <span class='ocrx_word' id='word_1_36' title='bbox 752 927 853 989; x_wconf 88' lang='lat' dir='ltr'><strong>doceri</strong></span> <span class='ocrx_word' id='word_1_37' title='bbox 875 945 966 1008; x_wconf 88' lang='lat' dir='ltr'><strong>posse</strong></span> <span class='ocrx_word' id='word_1_38' title='bbox 989 925 1169 1003; x_wconf 81' lang='lat' dir='ltr'><strong>certissime,</strong></span> <span class='ocrx_word' id='word_1_39' title='bbox 1204 929 1328 991; x_wconf 80' lang='lat' dir='ltr'><strong>fixarum</strong></span> <span class='ocrx_word' id='word_1_40' title='bbox 1349 929 1502 1010; x_wconf 81' lang='lat' dir='ltr'><strong>regionem</strong></span> 
     </span>
     <span class='ocr_line' id='line_1_6' title="bbox 89 987 1504 1099; baseline -0.004 -13"><span class='ocrx_word' id='word_1_41' title='bbox 89 1085 90 1092; x_wconf 68' lang='grc'>,</span> <span class='ocrx_word' id='word_1_42' title='bbox 143 987 288 1086; x_wconf 76' lang='lat' dir='ltr'><strong>deorsum</strong></span> <span class='ocrx_word' id='word_1_43' title='bbox 310 1017 443 1082; x_wconf 90' lang='lat' dir='ltr'><strong>evidenti</strong></span> <span class='ocrx_word' id='word_1_44' title='bbox 466 1016 562 1079; x_wconf 89' lang='lat' dir='ltr'><strong>limite</strong></span> <span class='ocrx_word' id='word_1_45' title='bbox 585 1017 791 1080; x_wconf 80' lang='lat' dir='ltr'><strong>terminatam:</strong></span> <span class='ocrx_word' id='word_1_46' title='bbox 825 1036 919 1098; x_wconf 91' lang='lat' dir='ltr'><strong>neque</strong></span> <span class='ocrx_word' id='word_1_47' title='bbox 948 1034 1051 1078; x_wconf 91' lang='lat' dir='ltr'><strong>verum</strong></span> <span class='ocrx_word' id='word_1_48' title='bbox 1074 1017 1244 1099; x_wconf 88' lang='lat' dir='ltr'><strong>essequod</strong></span> <span class='ocrx_word' id='word_1_49' title='bbox 1267 1026 1397 1097; x_wconf 91' lang='lat' dir='ltr'><strong>ponunt,</strong></span> <span class='ocrx_word' id='word_1_50' title='bbox 1430 1018 1504 1083; x_wconf 91' lang='lat' dir='ltr'><strong>nihil</strong></span> 
     </span>
     <span class='ocr_line' id='line_1_7' title="bbox 89 1103 1505 1188; baseline -0.003 -14"><span class='ocrx_word' id='word_1_51' title='bbox 89 1103 95 1174; x_wconf 71' lang='lat' dir='ltr'><strong>i</strong></span> <span class='ocrx_word' id='word_1_52' title='bbox 143 1109 266 1180; x_wconf 73' lang='lat' dir='ltr'><strong>errem</strong></span> <span class='ocrx_word' id='word_1_53' title='bbox 290 1116 416 1188; x_wconf 85' lang='lat' dir='ltr'><strong>aspectu</strong></span> <span class='ocrx_word' id='word_1_54' title='bbox 438 1106 579 1170; x_wconf 87' lang='lat' dir='ltr'><strong>mnndum</strong></span> <span class='ocrx_word' id='word_1_55' title='bbox 601 1108 679 1168; x_wconf 91' lang='lat' dir='ltr'><strong>hunc</strong></span> <span class='ocrx_word' id='word_1_56' title='bbox 703 1106 875 1168; x_wconf 89' lang='lat' dir='ltr'><strong>inferiorem</strong></span> <span class='ocrx_word' id='word_1_57' title='bbox 897 1125 951 1167; x_wconf 87' lang='lat' dir='ltr'><strong>auo</strong></span> <span class='ocrx_word' id='word_1_58' title='bbox 976 1125 1042 1167; x_wconf 91' lang='lat' dir='ltr'><strong>cum</strong></span> <span class='ocrx_word' id='word_1_59' title='bbox 1056 1103 1128 1169; x_wconf 88' lang='lat' dir='ltr'><strong>Sole</strong></span> <span class='ocrx_word' id='word_1_60' title='bbox 1152 1128 1171 1168; x_wconf 93' lang='lat' dir='ltr'><strong>a</strong></span> <span class='ocrx_word' id='word_1_61' title='bbox 1194 1107 1328 1187; x_wconf 88' lang='lat' dir='ltr'><strong>qnalibet</strong></span> <span class='ocrx_word' id='word_1_62' title='bbox 1347 1108 1505 1170; x_wconf 89' lang='lat' dir='ltr'><strong>stellarum</strong></span> 
     </span>
     <span class='ocr_line' id='line_1_8' title="bbox 89 1193 982 1276; baseline -0.004 -16"><span class='ocrx_word' id='word_1_63' title='bbox 89 1193 96 1260; x_wconf 77' lang='grc'><strong>’.’</strong></span> <span class='ocrx_word' id='word_1_64' title='bbox 142 1199 283 1269; x_wconf 67' lang='lat' dir='ltr'><strong>harum,</strong></span> <span class='ocrx_word' id='word_1_65' title='bbox 305 1198 362 1260; x_wconf 86' lang='lat' dir='ltr'><strong>lroc</strong></span> <span class='ocrx_word' id='word_1_66' title='bbox 386 1203 434 1258; x_wconf 90' lang='lat' dir='ltr'><strong>est</strong></span> <span class='ocrx_word' id='word_1_67' title='bbox 456 1194 608 1276; x_wconf 82' lang='lat' dir='ltr'><strong>regionem</strong></span> <span class='ocrx_word' id='word_1_68' title='bbox 631 1217 650 1258; x_wconf 90' lang='lat' dir='ltr'><strong>a</strong></span> <span class='ocrx_word' id='word_1_69' title='bbox 672 1195 793 1275; x_wconf 79' lang='lat' dir='ltr'><strong>regione</strong></span> <span class='ocrx_word' id='word_1_70' title='bbox 818 1195 882 1256; x_wconf 91' lang='lat' dir='ltr'><strong>sive</strong></span> <span class='ocrx_word' id='word_1_71' title='bbox 906 1195 982 1257; x_wconf 88' lang='lat' dir='ltr'><strong>loco.</strong></span> 
     </span>
     <span class='ocr_line' id='line_1_9' title="bbox 234 1282 1505 1365; baseline -0.001 -13"><span class='ocrx_word' id='word_1_72' title='bbox 234 1288 316 1352; x_wconf 86' lang='lat' dir='ltr'><strong>Nam</strong></span> <span class='ocrx_word' id='word_1_73' title='bbox 343 1294 410 1349; x_wconf 88' lang='lat' dir='ltr'><strong>esto</strong></span> <span class='ocrx_word' id='word_1_74' title='bbox 441 1284 520 1347; x_wconf 91' lang='lat' dir='ltr'><strong>inter</strong></span> <span class='ocrx_word' id='word_1_75' title='bbox 542 1284 700 1365; x_wconf 93' lang='lat' dir='ltr'><strong>principia,</strong></span> <span class='ocrx_word' id='word_1_76' title='bbox 734 1284 935 1362; x_wconf 82' lang='lat' dir='ltr'><strong>extendantur</strong></span> <span class='ocrx_word' id='word_1_77' title='bbox 958 1285 1035 1345; x_wconf 83' lang='lat' dir='ltr'><strong>lixae</strong></span> <span class='ocrx_word' id='word_1_78' title='bbox 1058 1282 1087 1344; x_wconf 92' lang='lat' dir='ltr'><strong>in</strong></span> <span class='ocrx_word' id='word_1_79' title='bbox 1111 1283 1258 1347; x_wconf 90' lang='lat' dir='ltr'><strong>inlinitum</strong></span> <span class='ocrx_word' id='word_1_80' title='bbox 1282 1286 1377 1359; x_wconf 80' lang='lat' dir='ltr'><strong>foras:</strong></span> <span class='ocrx_word' id='word_1_81' title='bbox 1400 1304 1505 1350; x_wconf 88' lang='lat' dir='ltr'><strong>vemm</strong></span> 
     </span>
     <span class='ocr_line' id='line_1_10' title="bbox 89 1371 1504 1456; baseline -0.002 -15"><span class='ocrx_word' id='word_1_82' title='bbox 89 1413 90 1420; x_wconf 35' lang='grc' dir='ltr'><strong>ι</strong></span> <span class='ocrx_word' id='word_1_83' title='bbox 143 1385 249 1446; x_wconf 76' lang='lat' dir='ltr'><strong>lumen</strong></span> <span class='ocrx_word' id='word_1_84' title='bbox 272 1384 335 1453; x_wconf 89' lang='lat' dir='ltr'><strong>est,</strong></span> <span class='ocrx_word' id='word_1_85' title='bbox 367 1375 399 1438; x_wconf 92' lang='lat' dir='ltr'><strong>in</strong></span> <span class='ocrx_word' id='word_1_86' title='bbox 431 1376 487 1437; x_wconf 92' lang='lat' dir='ltr'><strong>hoc</strong></span> <span class='ocrx_word' id='word_1_87' title='bbox 519 1373 623 1435; x_wconf 92' lang='lat' dir='ltr'><strong>intimo</strong></span> <span class='ocrx_word' id='word_1_88' title='bbox 655 1374 722 1437; x_wconf 92' lang='lat' dir='ltr'><strong>sinn</strong></span> <span class='ocrx_word' id='word_1_89' title='bbox 750 1371 914 1436; x_wconf 87' lang='lat' dir='ltr'><strong>cavitatem</strong></span> <span class='ocrx_word' id='word_1_90' title='bbox 948 1392 1015 1435; x_wconf 88' lang='lat' dir='ltr'><strong>esse</strong></span> <span class='ocrx_word' id='word_1_91' title='bbox 1038 1372 1184 1453; x_wconf 85' lang='lat' dir='ltr'><strong>insignem</strong></span> <span class='ocrx_word' id='word_1_92' title='bbox 1208 1374 1442 1456; x_wconf 83' lang='lat' dir='ltr'><strong>distinctamque</strong></span> <span class='ocrx_word' id='word_1_93' title='bbox 1466 1376 1504 1438; x_wconf 91' lang='lat' dir='ltr'><strong>ab</strong></span> 
     </span>
     <span class='ocr_line' id='line_1_11' title="bbox 96 1461 1503 1568; baseline -0.005 -36"><span class='ocrx_word' id='word_1_94' title='bbox 96 1531 98 1536; x_wconf 86' lang='grc'>,</span> <span class='ocrx_word' id='word_1_95' title='bbox 142 1465 328 1542; x_wconf 80' lang='lat' dir='ltr'><strong>intervallis,</strong></span> <span class='ocrx_word' id='word_1_96' title='bbox 351 1483 429 1568; x_wconf 84' lang='lat' dir='ltr'><strong>quae</strong></span> <span class='ocrx_word' id='word_1_97' title='bbox 451 1470 522 1525; x_wconf 91' lang='lat' dir='ltr'><strong>sunt</strong></span> <span class='ocrx_word' id='word_1_98' title='bbox 544 1462 624 1525; x_wconf 89' lang='lat' dir='ltr'><strong>inter</strong></span> <span class='ocrx_word' id='word_1_99' title='bbox 645 1462 722 1525; x_wconf 83' lang='lat' dir='ltr'><strong>fixas</strong></span> <span class='ocrx_word' id='word_1_100' title='bbox 745 1462 883 1525; x_wconf 89' lang='lat' dir='ltr'><strong>stellas</strong></span> <span class='ocrx_word' id='word_1_101' title='bbox 875 1461 994 1524; x_wconf 75' lang='lat' dir='ltr'><strong>immani</strong></span> <span class='ocrx_word' id='word_1_102' title='bbox 1017 1462 1220 1542; x_wconf 81' lang='lat' dir='ltr'><strong>proportionis</strong></span> <span class='ocrx_word' id='word_1_103' title='bbox 1243 1463 1503 1527; x_wconf 86' lang='lat' dir='ltr'><strong>dissimilitudine:</strong></span> 
     </span>
     <span class='ocr_line' id='line_1_12' title="bbox 89 1550 1506 1634; baseline -0.002 -15"><span class='ocrx_word' id='word_1_104' title='bbox 89 1577 91 1582; x_wconf 92' lang='lat'>·</span> <span class='ocrx_word' id='word_1_105' title='bbox 143 1557 192 1630; x_wconf 71' lang='lat' dir='ltr'><strong>plo</strong></span> <span class='ocrx_word' id='word_1_106' title='bbox 214 1563 250 1620; x_wconf 96' lang='grc' dir='ltr'><strong>ιιι</strong></span> <span class='ocrx_word' id='word_1_107' title='bbox 272 1554 298 1618; x_wconf 91' lang='lat' dir='ltr'><strong>si</strong></span> <span class='ocrx_word' id='word_1_108' title='bbox 322 1554 370 1617; x_wconf 91' lang='lat' dir='ltr'><strong>oni</strong></span> <span class='ocrx_word' id='word_1_109' title='bbox 392 1553 470 1615; x_wconf 90' lang='lat' dir='ltr'><strong>hanc</strong></span> <span class='ocrx_word' id='word_1_110' title='bbox 493 1551 591 1614; x_wconf 87' lang='lat' dir='ltr'><strong>solam</strong></span> <span class='ocrx_word' id='word_1_111' title='bbox 618 1552 783 1614; x_wconf 88' lang='lat' dir='ltr'><strong>cavitatem</strong></span> <span class='ocrx_word' id='word_1_112' title='bbox 812 1551 1002 1631; x_wconf 87' lang='lat' dir='ltr'><strong>contingeret</strong></span> <span class='ocrx_word' id='word_1_113' title='bbox 1033 1550 1194 1631; x_wconf 90' lang='lat' dir='ltr'><strong>inspicere,</strong></span> <span class='ocrx_word' id='word_1_114' title='bbox 1227 1552 1380 1634; x_wconf 89' lang='lat' dir='ltr'><strong>ignoranti</strong></span> <span class='ocrx_word' id='word_1_115' title='bbox 1412 1555 1506 1616; x_wconf 85' lang='lat' dir='ltr'><strong>etiam</strong></span> 
     </span>
     <span class='ocr_line' id='line_1_13' title="bbox 94 1640 1505 1728; baseline -0.003 -18"><span class='ocrx_word' id='word_1_116' title='bbox 94 1651 112 1688; x_wconf 75' lang='lat'><em>¹</em></span> <span class='ocrx_word' id='word_1_117' title='bbox 144 1645 185 1728; x_wconf 79' lang='lat' dir='ltr'><strong>da</strong></span> <span class='ocrx_word' id='word_1_118' title='bbox 209 1652 278 1710; x_wconf 82' lang='lat' dir='ltr'><strong>octo</strong></span> <span class='ocrx_word' id='word_1_119' title='bbox 301 1640 499 1723; x_wconf 87' lang='lat' dir='ltr'><strong>corpusculis,</strong></span> <span class='ocrx_word' id='word_1_120' title='bbox 532 1641 612 1704; x_wconf 88' lang='lat' dir='ltr'><strong>eirca</strong></span> <span class='ocrx_word' id='word_1_121' title='bbox 641 1642 727 1722; x_wconf 85' lang='lat' dir='ltr'><strong>hujus</strong></span> <span class='ocrx_word' id='word_1_122' title='bbox 751 1641 841 1720; x_wconf 88' lang='lat' dir='ltr'><strong>spatii</strong></span> <span class='ocrx_word' id='word_1_123' title='bbox 872 1648 1006 1703; x_wconf 89' lang='lat' dir='ltr'><strong>centrum</strong></span> <span class='ocrx_word' id='word_1_124' title='bbox 1030 1640 1243 1720; x_wconf 88' lang='lat' dir='ltr'><strong>angustissimo</strong></span> <span class='ocrx_word' id='word_1_125' title='bbox 1267 1644 1386 1725; x_wconf 87' lang='lat' dir='ltr'><strong>quidem</strong></span> <span class='ocrx_word' id='word_1_126' title='bbox 1409 1644 1505 1706; x_wconf 90' lang='lat' dir='ltr'><strong>inter-</strong></span> 
     </span>
     <span class='ocr_line' id='line_1_14' title="bbox 89 1721 1504 1816; baseline -0.004 -15"><span class='ocrx_word' id='word_1_127' title='bbox 89 1721 103 1816; x_wconf 78' lang='lat' dir='ltr'><strong>l</strong></span> <span class='ocrx_word' id='word_1_128' title='bbox 142 1733 228 1806; x_wconf 70' lang='lat' dir='ltr'><strong>vallo</strong></span> <span class='ocrx_word' id='word_1_129' title='bbox 260 1730 557 1803; x_wconf 88' lang='lat' dir='ltr'><strong>circumvolantibus,</strong></span> <span class='ocrx_word' id='word_1_130' title='bbox 590 1749 681 1812; x_wconf 91' lang='lat' dir='ltr'><strong>quae,</strong></span> <span class='ocrx_word' id='word_1_131' title='bbox 714 1730 815 1812; x_wconf 90' lang='lat' dir='ltr'><strong>qualia</strong></span> <span class='ocrx_word' id='word_1_132' title='bbox 847 1737 957 1810; x_wconf 89' lang='lat' dir='ltr'><strong>quotve</strong></span> <span class='ocrx_word' id='word_1_133' title='bbox 990 1728 1067 1791; x_wconf 91' lang='lat' dir='ltr'><strong>sint:</strong></span> <span class='ocrx_word' id='word_1_134' title='bbox 1100 1737 1202 1792; x_wconf 89' lang='lat' dir='ltr'><strong>tamen</strong></span> <span class='ocrx_word' id='word_1_135' title='bbox 1234 1732 1260 1793; x_wconf 91' lang='lat' dir='ltr'><strong>is</strong></span> <span class='ocrx_word' id='word_1_136' title='bbox 1297 1752 1334 1794; x_wconf 89' lang='lat' dir='ltr'><strong>ex</strong></span> <span class='ocrx_word' id='word_1_137' title='bbox 1357 1734 1424 1795; x_wconf 88' lang='lat' dir='ltr'><strong>sola</strong></span> <span class='ocrx_word' id='word_1_138' title='bbox 1447 1735 1504 1795; x_wconf 91' lang='lat' dir='ltr'><strong>hac</strong></span> 
     </span>
     <span class='ocr_line' id='line_1_15' title="bbox 100 1817 1505 1900; baseline -0.001 -12.936"><span class='ocrx_word' id='word_1_139' title='bbox 100 1823 302 1898; x_wconf 67' lang='lat' dir='ltr'><strong>ncnimte</strong></span> <span class='ocrx_word' id='word_1_140' title='bbox 325 1829 500 1900; x_wconf 89' lang='lat' dir='ltr'><strong>comparata</strong></span> <span class='ocrx_word' id='word_1_141' title='bbox 527 1839 594 1882; x_wconf 87' lang='lat' dir='ltr'><strong>cum</strong></span> <span class='ocrx_word' id='word_1_142' title='bbox 626 1820 896 1882; x_wconf 86' lang='lat' dir='ltr'><strong>circumambennte</strong></span> <span class='ocrx_word' id='word_1_143' title='bbox 929 1817 1088 1898; x_wconf 90' lang='lat' dir='ltr'><strong>sphaerica</strong></span> <span class='ocrx_word' id='word_1_144' title='bbox 1110 1819 1246 1899; x_wconf 87' lang='lat' dir='ltr'><strong>regione,</strong></span> <span class='ocrx_word' id='word_1_145' title='bbox 1279 1821 1378 1884; x_wconf 90' lang='lat' dir='ltr'><strong>stellis</strong></span> <span class='ocrx_word' id='word_1_146' title='bbox 1408 1823 1505 1885; x_wconf 84' lang='lat' dir='ltr'><strong>reler-</strong></span> 
     </span>
     <span class='ocr_line' id='line_1_16' title="bbox 102 1908 1505 1989; baseline -0.001 -15.97"><span class='ocrx_word' id='word_1_147' title='bbox 102 1911 276 1988; x_wconf 79' lang='lat' dir='ltr'><strong>tissima,</strong></span> <span class='ocrx_word' id='word_1_148' title='bbox 300 1910 419 1973; x_wconf 92' lang='lat' dir='ltr'><strong>omnino</strong></span> <span class='ocrx_word' id='word_1_149' title='bbox 444 1919 527 1972; x_wconf 88' lang='lat' dir='ltr'><strong>esset</strong></span> <span class='ocrx_word' id='word_1_150' title='bbox 549 1910 751 1985; x_wconf 79' lang='lat' dir='ltr'><strong>conclusurus,</strong></span> <span class='ocrx_word' id='word_1_151' title='bbox 775 1908 956 1989; x_wconf 90' lang='lat' dir='ltr'><strong>peculiarem</strong></span> <span class='ocrx_word' id='word_1_152' title='bbox 979 1908 1108 1987; x_wconf 85' lang='lat' dir='ltr'><strong>aliquem</strong></span> <span class='ocrx_word' id='word_1_153' title='bbox 1131 1909 1229 1972; x_wconf 88' lang='lat' dir='ltr'><strong>locum</strong></span> <span class='ocrx_word' id='word_1_154' title='bbox 1253 1910 1300 1971; x_wconf 79' lang='lat' dir='ltr'><strong>nie</strong></span> <span class='ocrx_word' id='word_1_155' title='bbox 1322 1929 1390 1971; x_wconf 87' lang='lat' dir='ltr'><strong>esse</strong></span> <span class='ocrx_word' id='word_1_156' title='bbox 1410 1912 1505 1973; x_wconf 89' lang='lat' dir='ltr'><strong>adeo-</strong></span> 
     </span>
     <span class='ocr_line' id='line_1_17' title="bbox 144 1997 1506 2092; baseline -0.003 -26"><span class='ocrx_word' id='word_1_157' title='bbox 144 2021 206 2092; x_wconf 84' lang='lat' dir='ltr'><strong>qne</strong></span> <span class='ocrx_word' id='word_1_158' title='bbox 227 1999 421 2085; x_wconf 86' lang='lat' dir='ltr'><strong>praecipuum</strong></span> <span class='ocrx_word' id='word_1_159' title='bbox 444 1998 545 2060; x_wconf 92' lang='lat' dir='ltr'><strong>muudi</strong></span> <span class='ocrx_word' id='word_1_160' title='bbox 568 1999 673 2061; x_wconf 88' lang='lat' dir='ltr'><strong>sinum.</strong></span> <span class='ocrx_word' id='word_1_161' title='bbox 710 1998 832 2060; x_wconf 77' lang='lat' dir='ltr'><strong>Etenim</strong></span> <span class='ocrx_word' id='word_1_162' title='bbox 843 2017 1009 2069; x_wconf 87' lang='lat' dir='ltr'><strong>sumamus</strong></span> <span class='ocrx_word' id='word_1_163' title='bbox 1033 1997 1162 2077; x_wconf 87' lang='lat' dir='ltr'><strong>exempli</strong></span> <span class='ocrx_word' id='word_1_164' title='bbox 1184 2017 1285 2073; x_wconf 85' lang='lat' dir='ltr'><strong>carrea,</strong></span> <span class='ocrx_word' id='word_1_165' title='bbox 1310 2007 1374 2061; x_wconf 89' lang='lat' dir='ltr'><strong>tres</strong></span> <span class='ocrx_word' id='word_1_166' title='bbox 1398 2001 1506 2062; x_wconf 90' lang='lat' dir='ltr'><strong>stellas</strong></span> 
     </span>
     <span class='ocr_line' id='line_1_18' title="bbox 144 2077 1507 2190; baseline -0.001 -37"><span class='ocrx_word' id='word_1_167' title='bbox 144 2077 299 2164; x_wconf 62' lang='lat' dir='ltr'><strong>incundae</strong></span> <span class='ocrx_word' id='word_1_168' title='bbox 323 2088 568 2169; x_wconf 90' lang='lat' dir='ltr'><strong>magnitudinis</strong></span> <span class='ocrx_word' id='word_1_169' title='bbox 560 2108 589 2149; x_wconf 94' lang='grc' dir='ltr'><strong>ιιι</strong></span> <span class='ocrx_word' id='word_1_170' title='bbox 613 2088 731 2190; x_wconf 86' lang='lat' dir='ltr'><strong>cingulo</strong></span> <span class='ocrx_word' id='word_1_171' title='bbox 756 2087 892 2161; x_wconf 90' lang='lat' dir='ltr'><strong>Orionis,</strong></span> <span class='ocrx_word' id='word_1_172' title='bbox 924 2106 1048 2166; x_wconf 89' lang='lat' dir='ltr'><strong>quarum</strong></span> <span class='ocrx_word' id='word_1_173' title='bbox 1072 2086 1224 2190; x_wconf 86' lang='lat' dir='ltr'><strong>quaelibet</strong></span> <span class='ocrx_word' id='word_1_174' title='bbox 1247 2109 1266 2150; x_wconf 89' lang='lat' dir='ltr'><strong>a</strong></span> <span class='ocrx_word' id='word_1_175' title='bbox 1288 2088 1388 2151; x_wconf 88' lang='lat' dir='ltr'><strong>vicina</strong></span> <span class='ocrx_word' id='word_1_176' title='bbox 1410 2090 1507 2152; x_wconf 89' lang='lat' dir='ltr'><strong>distat</strong></span> 
     </span>
     <span class='ocr_line' id='line_1_19' title="bbox 89 2176 1506 2266; baseline -0.002 -22.877"><span class='ocrx_word' id='word_1_177' title='bbox 89 2179 391 2266; x_wconf 79' lang='lat' dir='ltr'><strong>pur81&#39;,cnm</strong></span> <span class='ocrx_word' id='word_1_178' title='bbox 420 2178 488 2256; x_wconf 90' lang='lat' dir='ltr'><strong>ipsa</strong></span> <span class='ocrx_word' id='word_1_179' title='bbox 516 2176 668 2239; x_wconf 86' lang='lat' dir='ltr'><strong>habeat</strong></span> <span class='ocrx_word' id='word_1_180' title='bbox 661 2196 689 2238; x_wconf 91' lang='grc' dir='ltr'><strong>ιιι</strong></span> <span class='ocrx_word' id='word_1_181' title='bbox 722 2176 868 2238; x_wconf 92' lang='lat' dir='ltr'><strong>diametro</strong></span> <span class='ocrx_word' id='word_1_182' title='bbox 901 2176 1017 2238; x_wconf 88' lang='lat' dir='ltr'><strong>rninnta</strong></span> <span class='ocrx_word' id='word_1_183' title='bbox 1049 2176 1200 2238; x_wconf 91' lang='lat' dir='ltr'><strong>minimum</strong></span> <span class='ocrx_word' id='word_1_184' title='bbox 1233 2176 1506 2259; x_wconf 87' lang='lat' dir='ltr'><strong>dno.1taqnesr</strong></span> 
     </span>
     <span class='ocr_line' id='line_1_20' title="bbox 89 2265 1507 2372; baseline 0 -42"><span class='ocrx_word' id='word_1_185' title='bbox 89 2283 93 2330; x_wconf 83' lang='grc' dir='ltr'><strong>ἰ</strong></span> <span class='ocrx_word' id='word_1_186' title='bbox 144 2277 299 2372; x_wconf 77' lang='lat' dir='ltr'><strong>ponantur</strong></span> <span class='ocrx_word' id='word_1_187' title='bbox 320 2268 352 2330; x_wconf 93' lang='lat' dir='ltr'><strong>in</strong></span> <span class='ocrx_word' id='word_1_188' title='bbox 376 2267 481 2328; x_wconf 88' lang='lat' dir='ltr'><strong>eadem</strong></span> <span class='ocrx_word' id='word_1_189' title='bbox 504 2266 659 2345; x_wconf 87' lang='lat' dir='ltr'><strong>superficie</strong></span> <span class='ocrx_word' id='word_1_190' title='bbox 683 2266 856 2345; x_wconf 89' lang='lat' dir='ltr'><strong>sphaerica,</strong></span> <span class='ocrx_word' id='word_1_191' title='bbox 889 2265 973 2344; x_wconf 87' lang='lat' dir='ltr'><strong>cujus</strong></span> <span class='ocrx_word' id='word_1_192' title='bbox 1005 2283 1060 2326; x_wconf 87' lang='lat' dir='ltr'><strong>nos</strong></span> <span class='ocrx_word' id='word_1_193' title='bbox 1091 2285 1193 2328; x_wconf 88' lang='lat' dir='ltr'><strong>snmus</strong></span> <span class='ocrx_word' id='word_1_194' title='bbox 1216 2274 1368 2328; x_wconf 88' lang='lat' dir='ltr'><strong>centrum:</strong></span> <span class='ocrx_word' id='word_1_195' title='bbox 1403 2267 1507 2330; x_wconf 85' lang='lat' dir='ltr'><strong>ocnlns</strong></span> 
     </span>
     <span class='ocr_line' id='line_1_21' title="bbox 89 2348 1507 2440; baseline -0.002 -18.871"><span class='ocrx_word' id='word_1_196' title='bbox 89 2359 264 2436; x_wconf 81' lang='lat' dir='ltr'><strong>·lnuna</strong></span> <span class='ocrx_word' id='word_1_197' title='bbox 287 2358 405 2420; x_wconf 91' lang='lat' dir='ltr'><strong>illarum</strong></span> <span class='ocrx_word' id='word_1_198' title='bbox 429 2355 593 2416; x_wconf 89' lang='lat' dir='ltr'><strong>collocatus</strong></span> <span class='ocrx_word' id='word_1_199' title='bbox 616 2354 747 2416; x_wconf 89' lang='lat' dir='ltr'><strong>videbit</strong></span> <span class='ocrx_word' id='word_1_200' title='bbox 756 2356 883 2416; x_wconf 90' lang='lat' dir='ltr'><strong>alteram</strong></span> <span class='ocrx_word' id='word_1_201' title='bbox 906 2353 961 2415; x_wconf 89' lang='lat' dir='ltr'><strong>sub</strong></span> <span class='ocrx_word' id='word_1_202' title='bbox 990 2354 1160 2434; x_wconf 89' lang='lat' dir='ltr'><strong>quantitate</strong></span> <span class='ocrx_word' id='word_1_203' title='bbox 1191 2356 1292 2431; x_wconf 85' lang='lat' dir='ltr'><strong>anguli</strong></span> <span class='ocrx_word' id='word_1_204' title='bbox 1316 2348 1399 2440; x_wconf 71' lang='lat' dir='ltr'><strong>²³sr⁰</strong></span> <span class='ocrx_word' id='word_1_205' title='bbox 1431 2358 1507 2433; x_wconf 75' lang='lat' dir='ltr'><strong>fere:</strong></span> 
     </span>
     <span class='ocr_line' id='line_1_22' title="bbox 93 2441 1508 2532; baseline -0.001 -21.96"><span class='ocrx_word' id='word_1_206' title='bbox 93 2455 294 2532; x_wconf 75' lang='lat' dir='ltr'><strong>qnantum</strong></span> <span class='ocrx_word' id='word_1_207' title='bbox 317 2443 435 2507; x_wconf 89' lang='lat' dir='ltr'><strong>nobis</strong></span> <span class='ocrx_word' id='word_1_208' title='bbox 427 2463 457 2504; x_wconf 92' lang='lat' dir='ltr'><strong>m</strong></span> <span class='ocrx_word' id='word_1_209' title='bbox 481 2444 575 2505; x_wconf 90' lang='lat' dir='ltr'><strong>Terra</strong></span> <span class='ocrx_word' id='word_1_210' title='bbox 598 2462 653 2504; x_wconf 94' lang='lat' dir='ltr'><strong>non</strong></span> <span class='ocrx_word' id='word_1_211' title='bbox 678 2444 891 2522; x_wconf 89' lang='lat' dir='ltr'><strong>occupaverint</strong></span> <span class='ocrx_word' id='word_1_212' title='bbox 913 2443 1041 2523; x_wconf 89' lang='lat' dir='ltr'><strong>quinque</strong></span> <span class='ocrx_word' id='word_1_213' title='bbox 1065 2441 1154 2506; x_wconf 88' lang='lat' dir='ltr'><strong>Soles</strong></span> <span class='ocrx_word' id='word_1_214' title='bbox 1177 2444 1279 2506; x_wconf 90' lang='lat' dir='ltr'><strong>ordine</strong></span> <span class='ocrx_word' id='word_1_215' title='bbox 1302 2445 1394 2524; x_wconf 89' lang='lat' dir='ltr'><strong>positi</strong></span> <span class='ocrx_word' id='word_1_216' title='bbox 1418 2466 1508 2527; x_wconf 87' lang='lat' dir='ltr'><strong>seque</strong></span> 
     </span>
     <span class='ocr_line' id='line_1_23' title="bbox 143 2531 1510 2636; baseline 0.001 -38.006"><span class='ocrx_word' id='word_1_217' title='bbox 143 2544 313 2620; x_wconf 73' lang='lat' dir='ltr'><strong>tangentes</strong></span> <span class='ocrx_word' id='word_1_218' title='bbox 338 2533 474 2596; x_wconf 86' lang='lat' dir='ltr'><strong>invicem</strong></span> <span class='ocrx_word' id='word_1_219' title='bbox 520 2531 617 2636; x_wconf 88' lang='lat' dir='ltr'><strong>Atqui</strong></span> <span class='ocrx_word' id='word_1_220' title='bbox 642 2532 771 2596; x_wconf 88' lang='lat' dir='ltr'><strong>nondum</strong></span> <span class='ocrx_word' id='word_1_221' title='bbox 796 2540 867 2595; x_wconf 89' lang='lat' dir='ltr'><strong>sunt</strong></span> <span class='ocrx_word' id='word_1_222' title='bbox 893 2532 952 2594; x_wconf 92' lang='lat' dir='ltr'><strong>hae</strong></span> <span class='ocrx_word' id='word_1_223' title='bbox 984 2532 1114 2595; x_wconf 86' lang='lat' dir='ltr'><strong>omnium</strong></span> <span class='ocrx_word' id='word_1_224' title='bbox 1146 2532 1348 2596; x_wconf 87' lang='lat' dir='ltr'><strong>vicinissimae</strong></span> <span class='ocrx_word' id='word_1_225' title='bbox 1379 2535 1510 2600; x_wconf 91' lang='lat' dir='ltr'><strong>invicem</strong></span> 
     </span>
     <span class='ocr_line' id='line_1_24' title="bbox 106 2621 1511 2705; baseline 0.001 -19.029"><span class='ocrx_word' id='word_1_226' title='bbox 106 2627 242 2702; x_wconf 73' lang='lat' dir='ltr'><strong>fixas,</strong></span> <span class='ocrx_word' id='word_1_227' title='bbox 275 2622 507 2686; x_wconf 88' lang='lat' dir='ltr'><strong>innumerabiles</strong></span> <span class='ocrx_word' id='word_1_228' title='bbox 535 2621 613 2684; x_wconf 91' lang='lat' dir='ltr'><strong>enim</strong></span> <span class='ocrx_word' id='word_1_229' title='bbox 641 2621 844 2702; x_wconf 85' lang='lat' dir='ltr'><strong>interspersae</strong></span> <span class='ocrx_word' id='word_1_230' title='bbox 874 2630 944 2684; x_wconf 91' lang='lat' dir='ltr'><strong>suut</strong></span> <span class='ocrx_word' id='word_1_231' title='bbox 966 2622 1107 2685; x_wconf 87' lang='lat' dir='ltr'><strong>minores.</strong></span> <span class='ocrx_word' id='word_1_232' title='bbox 1155 2623 1261 2703; x_wconf 90' lang='lat' dir='ltr'><strong>Itaque</strong></span> <span class='ocrx_word' id='word_1_233' title='bbox 1285 2623 1312 2685; x_wconf 93' lang='lat' dir='ltr'><strong>si</strong></span> <span class='ocrx_word' id='word_1_234' title='bbox 1336 2625 1403 2705; x_wconf 91' lang='lat' dir='ltr'><strong>quis</strong></span> <span class='ocrx_word' id='word_1_235' title='bbox 1427 2634 1511 2688; x_wconf 86' lang='lat' dir='ltr'><strong>esset</strong></span> 
     </span>
     <span class='ocr_line' id='line_1_25' title="bbox 147 2709 1510 2800; baseline 0 -22"><span class='ocrx_word' id='word_1_236' title='bbox 147 2715 180 2800; x_wconf 79' lang='lat' dir='ltr'><strong>in</strong></span> <span class='ocrx_word' id='word_1_237' title='bbox 203 2714 256 2778; x_wconf 92' lang='lat' dir='ltr'><strong>illo</strong></span> <span class='ocrx_word' id='word_1_238' title='bbox 272 2712 394 2777; x_wconf 90' lang='lat' dir='ltr'><strong>Orionis</strong></span> <span class='ocrx_word' id='word_1_239' title='bbox 417 2712 536 2790; x_wconf 89' lang='lat' dir='ltr'><strong>cingulo</strong></span> <span class='ocrx_word' id='word_1_240' title='bbox 559 2710 752 2786; x_wconf 88' lang='lat' dir='ltr'><strong>constitutus,</strong></span> <span class='ocrx_word' id='word_1_241' title='bbox 775 2711 891 2773; x_wconf 88' lang='lat' dir='ltr'><strong>habeus</strong></span> <span class='ocrx_word' id='word_1_242' title='bbox 910 2709 1012 2774; x_wconf 88' lang='lat' dir='ltr'><strong>Solem</strong></span> <span class='ocrx_word' id='word_1_243' title='bbox 1036 2720 1172 2775; x_wconf 89' lang='lat' dir='ltr'><strong>nostrum</strong></span> <span class='ocrx_word' id='word_1_244' title='bbox 1195 2719 1228 2775; x_wconf 89' lang='lat' dir='ltr'><strong>et</strong></span> <span class='ocrx_word' id='word_1_245' title='bbox 1249 2713 1351 2775; x_wconf 93' lang='lat' dir='ltr'><strong>mnndi</strong></span> <span class='ocrx_word' id='word_1_246' title='bbox 1374 2723 1510 2778; x_wconf 89' lang='lat' dir='ltr'><strong>centrum</strong></span> 
     </span>
     <span class='ocr_line' id='line_1_26' title="bbox 115 2800 1509 2904; baseline -0.001 -36.976"><span class='ocrx_word' id='word_1_247' title='bbox 115 2822 243 2890; x_wconf 78' lang='lat' dir='ltr'><strong>snper</strong></span> <span class='ocrx_word' id='word_1_248' title='bbox 265 2822 350 2866; x_wconf 88' lang='lat' dir='ltr'><strong>suurn</strong></span> <span class='ocrx_word' id='word_1_249' title='bbox 374 2801 535 2863; x_wconf 88' lang='lat' dir='ltr'><strong>verticem:</strong></span> <span class='ocrx_word' id='word_1_250' title='bbox 566 2800 684 2862; x_wconf 89' lang='lat' dir='ltr'><strong>videret</strong></span> <span class='ocrx_word' id='word_1_251' title='bbox 713 2801 764 2863; x_wconf 91' lang='lat' dir='ltr'><strong>ille</strong></span> <span class='ocrx_word' id='word_1_252' title='bbox 797 2800 893 2882; x_wconf 90' lang='lat' dir='ltr'><strong>primo</strong></span> <span class='ocrx_word' id='word_1_253' title='bbox 925 2808 1103 2904; x_wconf 80' lang='lat' dir='ltr'><strong>perpetuum</strong></span> <span class='ocrx_word' id='word_1_254' title='bbox 1134 2801 1284 2881; x_wconf 89' lang='lat' dir='ltr'><strong>quoddam</strong></span> <span class='ocrx_word' id='word_1_255' title='bbox 1316 2802 1403 2884; x_wconf 90' lang='lat' dir='ltr'><strong>qnasi</strong></span> <span class='ocrx_word' id='word_1_256' title='bbox 1426 2823 1509 2866; x_wconf 86' lang='lat' dir='ltr'><strong>mars</strong></span> 
     </span>
     <span class='ocr_line' id='line_1_27' title="bbox 95 2889 1511 2976; baseline -0.003 -16.848"><span class='ocrx_word' id='word_1_257' title='bbox 95 2891 318 2976; x_wconf 82' lang='lat' dir='ltr'><strong>ingentium</strong></span> <span class='ocrx_word' id='word_1_258' title='bbox 341 2890 496 2953; x_wconf 87' lang='lat' dir='ltr'><strong>stellarum</strong></span> <span class='ocrx_word' id='word_1_259' title='bbox 520 2909 588 2952; x_wconf 88' lang='lat' dir='ltr'><strong>sese</strong></span> <span class='ocrx_word' id='word_1_260' title='bbox 612 2898 714 2951; x_wconf 88' lang='lat' dir='ltr'><strong>mntno</strong></span> <span class='ocrx_word' id='word_1_261' title='bbox 738 2889 973 2969; x_wconf 87' lang='lat' dir='ltr'><strong>contingentium</strong></span> <span class='ocrx_word' id='word_1_262' title='bbox 997 2890 1036 2951; x_wconf 90' lang='lat' dir='ltr'><strong>ad</strong></span> <span class='ocrx_word' id='word_1_263' title='bbox 1059 2890 1171 2952; x_wconf 88' lang='lat' dir='ltr'><strong>visum:</strong></span> <span class='ocrx_word' id='word_1_264' title='bbox 1202 2890 1290 2966; x_wconf 89' lang='lat' dir='ltr'><strong>inde,</strong></span> <span class='ocrx_word' id='word_1_265' title='bbox 1324 2910 1381 2973; x_wconf 93' lang='lat' dir='ltr'><strong>qno</strong></span> <span class='ocrx_word' id='word_1_266' title='bbox 1413 2893 1511 2974; x_wconf 90' lang='lat' dir='ltr'><strong>magis</strong></span> 
     </span>
     <span class='ocr_line' id='line_1_28' title="bbox 89 2937 1510 3066; baseline -0.003 -18"><span class='ocrx_word' id='word_1_267' title='bbox 89 2937 98 3066; x_wconf 61' lang='lat' dir='ltr'><strong>i</strong></span> <span class='ocrx_word' id='word_1_268' title='bbox 148 2983 255 3048; x_wconf 86' lang='lat' dir='ltr'><strong>oculos</strong></span> <span class='ocrx_word' id='word_1_269' title='bbox 278 2981 413 3043; x_wconf 88' lang='lat' dir='ltr'><strong>elevaret</strong></span> <span class='ocrx_word' id='word_1_270' title='bbox 400 2986 568 3055; x_wconf 89' lang='lat' dir='ltr'><strong>t,snrsnm</strong></span> <span class='ocrx_word' id='word_1_271' title='bbox 592 2980 649 3041; x_wconf 93' lang='lat' dir='ltr'><strong>hoc</strong></span> <span class='ocrx_word' id='word_1_272' title='bbox 672 2978 801 3041; x_wconf 90' lang='lat' dir='ltr'><strong>minores</strong></span> <span class='ocrx_word' id='word_1_273' title='bbox 815 2979 934 3041; x_wconf 88' lang='lat' dir='ltr'><strong>videret</strong></span> <span class='ocrx_word' id='word_1_274' title='bbox 956 2980 1063 3041; x_wconf 85' lang='lat' dir='ltr'><strong>stellas</strong></span> <span class='ocrx_word' id='word_1_275' title='bbox 1087 2981 1200 3061; x_wconf 88' lang='lat' dir='ltr'><strong>hocque</strong></span> <span class='ocrx_word' id='word_1_276' title='bbox 1223 2981 1321 3044; x_wconf 89' lang='lat' dir='ltr'><strong>minus</strong></span> <span class='ocrx_word' id='word_1_277' title='bbox 1344 3000 1412 3044; x_wconf 90' lang='lat' dir='ltr'><strong>sese</strong></span> <span class='ocrx_word' id='word_1_278' title='bbox 1436 3001 1510 3044; x_wconf 89' lang='lat' dir='ltr'><strong>con-</strong></span> 
     </span>
     <span class='ocr_line' id='line_1_29' title="bbox 89 3068 1510 3162; baseline 0.001 -30.042"><span class='ocrx_word' id='word_1_279' title='bbox 89 3072 321 3162; x_wconf 79' lang='grc' dir='ltr'><strong>Μιιιοιι,</strong></span> <span class='ocrx_word' id='word_1_280' title='bbox 344 3068 431 3131; x_wconf 86' lang='lat' dir='ltr'><strong>sed</strong></span> <span class='ocrx_word' id='word_1_281' title='bbox 418 3087 484 3148; x_wconf 90' lang='lat' dir='ltr'><strong>Jam</strong></span> <span class='ocrx_word' id='word_1_282' title='bbox 506 3068 652 3148; x_wconf 92' lang='lat' dir='ltr'><strong>paulatim</strong></span> <span class='ocrx_word' id='word_1_283' title='bbox 675 3068 771 3148; x_wconf 89' lang='lat' dir='ltr'><strong>magis</strong></span> <span class='ocrx_word' id='word_1_284' title='bbox 795 3077 886 3149; x_wconf 92' lang='lat' dir='ltr'><strong>atque</strong></span> <span class='ocrx_word' id='word_1_285' title='bbox 909 3068 1007 3147; x_wconf 85' lang='lat' dir='ltr'><strong>magis</strong></span> <span class='ocrx_word' id='word_1_286' title='bbox 1031 3087 1170 3149; x_wconf 78' lang='lat' dir='ltr'><strong>sparsas:</strong></span> <span class='ocrx_word' id='word_1_287' title='bbox 1204 3069 1283 3133; x_wconf 90' lang='lat' dir='ltr'><strong>circa</strong></span> <span class='ocrx_word' id='word_1_288' title='bbox 1313 3070 1410 3150; x_wconf 89' lang='lat' dir='ltr'><strong>ipsnm</strong></span> <span class='ocrx_word' id='word_1_289' title='bbox 1439 3089 1510 3133; x_wconf 89' lang='lat' dir='ltr'><strong>vero</strong></span> 
     </span>
     <span class='ocr_line' id='line_1_30' title="bbox 89 3156 1511 3266; baseline -0.001 -41.917"><span class='ocrx_word' id='word_1_290' title='bbox 89 3169 237 3266; x_wconf 72' lang='lat' dir='ltr'><strong>ippum</strong></span> <span class='ocrx_word' id='word_1_291' title='bbox 258 3158 402 3222; x_wconf 88' lang='lat' dir='ltr'><strong>verticem</strong></span> <span class='ocrx_word' id='word_1_292' title='bbox 427 3158 549 3220; x_wconf 89' lang='lat' dir='ltr'><strong>easdem</strong></span> <span class='ocrx_word' id='word_1_293' title='bbox 577 3156 731 3219; x_wconf 88' lang='lat' dir='ltr'><strong>nobiscum</strong></span> <span class='ocrx_word' id='word_1_294' title='bbox 763 3157 893 3230; x_wconf 87' lang='lat' dir='ltr'><strong>videret,</strong></span> <span class='ocrx_word' id='word_1_295' title='bbox 928 3159 981 3219; x_wconf 88' lang='lat' dir='ltr'><strong>sed</strong></span> <span class='ocrx_word' id='word_1_296' title='bbox 1013 3157 1103 3238; x_wconf 92' lang='lat' dir='ltr'><strong>duplo</strong></span> <span class='ocrx_word' id='word_1_297' title='bbox 1136 3158 1266 3222; x_wconf 88' lang='lat' dir='ltr'><strong>minores</strong></span> <span class='ocrx_word' id='word_1_298' title='bbox 1288 3167 1434 3241; x_wconf 90' lang='lat' dir='ltr'><strong>tantoque</strong></span> <span class='ocrx_word' id='word_1_299' title='bbox 1461 3160 1511 3222; x_wconf 91' lang='lat' dir='ltr'><strong>in-</strong></span> 
     </span>
     <span class='ocr_line' id='line_1_31' title="bbox 148 3245 1510 3329; baseline 0.001 -18"><span class='ocrx_word' id='word_1_300' title='bbox 148 3251 248 3316; x_wconf 82' lang='lat' dir='ltr'><strong>ricem</strong></span> <span class='ocrx_word' id='word_1_301' title='bbox 270 3247 444 3329; x_wconf 89' lang='lat' dir='ltr'><strong>propiores,</strong></span> <span class='ocrx_word' id='word_1_302' title='bbox 479 3266 569 3327; x_wconf 90' lang='lat' dir='ltr'><strong>qnam</strong></span> <span class='ocrx_word' id='word_1_303' title='bbox 591 3266 646 3307; x_wconf 93' lang='lat' dir='ltr'><strong>nos</strong></span> <span class='ocrx_word' id='word_1_304' title='bbox 669 3245 739 3307; x_wconf 88' lang='lat' dir='ltr'><strong>illas</strong></span> <span class='ocrx_word' id='word_1_305' title='bbox 762 3246 907 3307; x_wconf 88' lang='lat' dir='ltr'><strong>videmus.</strong></span> <span class='ocrx_word' id='word_1_306' title='bbox 954 3246 1023 3309; x_wconf 89' lang='lat' dir='ltr'><strong>Non</strong></span> <span class='ocrx_word' id='word_1_307' title='bbox 1047 3266 1084 3309; x_wconf 90' lang='lat' dir='ltr'><strong>ea</strong></span> <span class='ocrx_word' id='word_1_308' title='bbox 1105 3265 1199 3326; x_wconf 86' lang='lat' dir='ltr'><strong>penes</strong></span> <span class='ocrx_word' id='word_1_309' title='bbox 1226 3268 1282 3310; x_wconf 90' lang='lat' dir='ltr'><strong>nos</strong></span> <span class='ocrx_word' id='word_1_310' title='bbox 1305 3249 1382 3312; x_wconf 88' lang='lat' dir='ltr'><strong>coeli</strong></span> <span class='ocrx_word' id='word_1_311' title='bbox 1406 3249 1510 3326; x_wconf 87' lang='lat' dir='ltr'><strong>facies,</strong></span> 
     </span>
     <span class='ocr_line' id='line_1_32' title="bbox 102 3334 1512 3424; baseline -0.003 -20"><span class='ocrx_word' id='word_1_312' title='bbox 102 3355 104 3360; x_wconf 84' lang='lat'>&#39;</span> <span class='ocrx_word' id='word_1_313' title='bbox 148 3339 202 3424; x_wconf 86' lang='lat' dir='ltr'><strong>qui</strong></span> <span class='ocrx_word' id='word_1_314' title='bbox 224 3338 333 3402; x_wconf 83' lang='lat' dir='ltr'><strong>stellas</strong></span> <span class='ocrx_word' id='word_1_315' title='bbox 355 3337 484 3416; x_wconf 91' lang='lat' dir='ltr'><strong>undique</strong></span> <span class='ocrx_word' id='word_1_316' title='bbox 509 3335 666 3408; x_wconf 84' lang='lat' dir='ltr'><strong>cernimus,</strong></span> <span class='ocrx_word' id='word_1_317' title='bbox 692 3334 794 3396; x_wconf 89' lang='lat' dir='ltr'><strong>variae</strong></span> <span class='ocrx_word' id='word_1_318' title='bbox 818 3335 936 3414; x_wconf 90' lang='lat' dir='ltr'><strong>quidem</strong></span> <span class='ocrx_word' id='word_1_319' title='bbox 959 3335 1184 3414; x_wconf 86' lang='lat' dir='ltr'><strong>magnitudinis,</strong></span> <span class='ocrx_word' id='word_1_320' title='bbox 1209 3345 1243 3398; x_wconf 89' lang='lat' dir='ltr'><strong>at</strong></span> <span class='ocrx_word' id='word_1_321' title='bbox 1262 3345 1293 3398; x_wconf 87' lang='lat' dir='ltr'><strong>et</strong></span> <span class='ocrx_word' id='word_1_322' title='bbox 1311 3338 1512 3420; x_wconf 87' lang='lat' dir='ltr'><strong>hocnndiqne</strong></span> 
     </span>
     <span class='ocr_line' id='line_1_33' title="bbox 147 3422 1511 3511; baseline -0.003 -17"><span class='ocrx_word' id='word_1_323' title='bbox 147 3427 321 3511; x_wconf 75' lang='lat' dir='ltr'><strong>aequaliter</strong></span> <span class='ocrx_word' id='word_1_324' title='bbox 344 3435 378 3488; x_wconf 90' lang='lat' dir='ltr'><strong>nt</strong></span> <span class='ocrx_word' id='word_1_325' title='bbox 399 3424 573 3505; x_wconf 92' lang='lat' dir='ltr'><strong>plurimum:</strong></span> <span class='ocrx_word' id='word_1_326' title='bbox 598 3423 678 3485; x_wconf 87' lang='lat' dir='ltr'><strong>cirea</strong></span> <span class='ocrx_word' id='word_1_327' title='bbox 702 3422 844 3485; x_wconf 88' lang='lat' dir='ltr'><strong>Orionem</strong></span> <span class='ocrx_word' id='word_1_328' title='bbox 869 3423 987 3502; x_wconf 88' lang='lat' dir='ltr'><strong>quidem</strong></span> <span class='ocrx_word' id='word_1_329' title='bbox 1011 3433 1042 3485; x_wconf 89' lang='lat' dir='ltr'><strong>et</strong></span> <span class='ocrx_word' id='word_1_330' title='bbox 1067 3423 1212 3487; x_wconf 90' lang='lat' dir='ltr'><strong>Geminos</strong></span> <span class='ocrx_word' id='word_1_331' title='bbox 1235 3425 1362 3501; x_wconf 86' lang='lat' dir='ltr'><strong>multas,</strong></span> <span class='ocrx_word' id='word_1_332' title='bbox 1386 3445 1511 3507; x_wconf 88' lang='lat' dir='ltr'><strong>magnas</strong></span> 
     </span>
     <span class='ocr_line' id='line_1_34' title="bbox 147 3510 1511 3615; baseline -0.001 -35"><span class='ocrx_word' id='word_1_333' title='bbox 147 3516 360 3586; x_wconf 67' lang='lat' dir='ltr'><strong>manufortes</strong></span> <span class='ocrx_word' id='word_1_334' title='bbox 384 3515 550 3577; x_wconf 90' lang='lat' dir='ltr'><strong>intuemur:</strong></span> <span class='ocrx_word' id='word_1_335' title='bbox 584 3514 701 3576; x_wconf 89' lang='lat' dir='ltr'><strong>ocnlnm</strong></span> <span class='ocrx_word' id='word_1_336' title='bbox 724 3512 828 3587; x_wconf 85' lang='lat' dir='ltr'><strong>Tauri,</strong></span> <span class='ocrx_word' id='word_1_337' title='bbox 854 3510 1022 3591; x_wconf 83' lang='lat' dir='ltr'><strong>Capellam,</strong></span> <span class='ocrx_word' id='word_1_338' title='bbox 1046 3512 1148 3615; x_wconf 82' lang='lat' dir='ltr'><strong>capita</strong></span> <span class='ocrx_word' id='word_1_339' title='bbox 1171 3510 1375 3585; x_wconf 88' lang='lat' dir='ltr'><strong>Geminorum,</strong></span> <span class='ocrx_word' id='word_1_340' title='bbox 1400 3514 1511 3592; x_wconf 84' lang='lat' dir='ltr'><strong>Canes,</strong></span> 
     </span>
     <span class='ocr_line' id='line_1_35' title="bbox 88 3561 1511 3686; baseline 0.001 -20"><span class='ocrx_word' id='word_1_341' title='bbox 88 3561 96 3666; x_wconf 80' lang='lat' dir='ltr'><strong>i</strong></span> <span class='ocrx_word' id='word_1_342' title='bbox 146 3607 302 3680; x_wconf 69' lang='lat' dir='ltr'><strong>hmeros,</strong></span> <span class='ocrx_word' id='word_1_343' title='bbox 320 3605 477 3684; x_wconf 88' lang='lat' dir='ltr'><strong>cingulum</strong></span> <span class='ocrx_word' id='word_1_344' title='bbox 496 3610 527 3665; x_wconf 91' lang='lat' dir='ltr'><strong>et</strong></span> <span class='ocrx_word' id='word_1_345' title='bbox 550 3603 657 3682; x_wconf 92' lang='lat' dir='ltr'><strong>pedem</strong></span> <span class='ocrx_word' id='word_1_346' title='bbox 673 3601 805 3665; x_wconf 90' lang='lat' dir='ltr'><strong>Orionis.</strong></span> <span class='ocrx_word' id='word_1_347' title='bbox 851 3601 928 3663; x_wconf 87' lang='grc' dir='ltr'><strong>Αι</strong></span> <span class='ocrx_word' id='word_1_348' title='bbox 919 3622 949 3662; x_wconf 91' lang='grc' dir='ltr'><strong>ιιι</strong></span> <span class='ocrx_word' id='word_1_349' title='bbox 974 3602 1306 3684; x_wconf 86' lang='lat' dir='ltr'><strong>oppositacoeliparte</strong></span> <span class='ocrx_word' id='word_1_350' title='bbox 1325 3612 1396 3666; x_wconf 92' lang='lat' dir='ltr'><strong>sunt</strong></span> <span class='ocrx_word' id='word_1_351' title='bbox 1417 3623 1511 3686; x_wconf 86' lang='lat' dir='ltr'><strong>aeque</strong></span> 
     </span>
     <span class='ocr_line' id='line_1_36' title="bbox 94 3689 1513 3778; baseline -0.001 -20"><span class='ocrx_word' id='word_1_352' title='bbox 94 3755 96 3766; x_wconf 89' lang='grc'>,</span> <span class='ocrx_word' id='word_1_353' title='bbox 146 3713 296 3778; x_wconf 70' lang='lat' dir='ltr'><strong>magnae:</strong></span> <span class='ocrx_word' id='word_1_354' title='bbox 324 3693 420 3777; x_wconf 85' lang='lat' dir='ltr'><strong>Lyra,</strong></span> <span class='ocrx_word' id='word_1_355' title='bbox 443 3692 570 3772; x_wconf 88' lang='lat' dir='ltr'><strong>Aquila,</strong></span> <span class='ocrx_word' id='word_1_356' title='bbox 595 3711 646 3753; x_wconf 91' lang='lat' dir='ltr'><strong>cor</strong></span> <span class='ocrx_word' id='word_1_357' title='bbox 669 3701 701 3753; x_wconf 89' lang='lat' dir='ltr'><strong>et</strong></span> <span class='ocrx_word' id='word_1_358' title='bbox 724 3692 806 3753; x_wconf 84' lang='lat' dir='ltr'><strong>frons</strong></span> <span class='ocrx_word' id='word_1_359' title='bbox 829 3689 960 3772; x_wconf 89' lang='lat' dir='ltr'><strong>Scorpii,</strong></span> <span class='ocrx_word' id='word_1_360' title='bbox 987 3690 1176 3772; x_wconf 85' lang='lat' dir='ltr'><strong>Ophiuchus,</strong></span> <span class='ocrx_word' id='word_1_361' title='bbox 1199 3691 1310 3754; x_wconf 88' lang='lat' dir='ltr'><strong>Librae</strong></span> <span class='ocrx_word' id='word_1_362' title='bbox 1329 3694 1447 3769; x_wconf 80' lang='lat' dir='ltr'><strong>lances:</strong></span> <span class='ocrx_word' id='word_1_363' title='bbox 1481 3702 1513 3756; x_wconf 89' lang='lat' dir='ltr'><strong>et</strong></span> 
     </span>
     <span class='ocr_line' id='line_1_37' title="bbox 148 3780 1510 3885; baseline -0.004 -33"><span class='ocrx_word' id='word_1_364' title='bbox 148 3783 286 3852; x_wconf 74' lang='lat' dir='ltr'><strong>narius</strong></span> <span class='ocrx_word' id='word_1_365' title='bbox 304 3784 467 3858; x_wconf 80' lang='lat' dir='ltr'><strong>Arcturus,</strong></span> <span class='ocrx_word' id='word_1_366' title='bbox 498 3781 581 3863; x_wconf 86' lang='lat' dir='ltr'><strong>spica</strong></span> <span class='ocrx_word' id='word_1_367' title='bbox 606 3780 757 3859; x_wconf 80' lang='lat' dir='ltr'><strong>Virginis3</strong></span> <span class='ocrx_word' id='word_1_368' title='bbox 781 3781 853 3843; x_wconf 90' lang='lat' dir='ltr'><strong>item</strong></span> <span class='ocrx_word' id='word_1_369' title='bbox 877 3780 1028 3861; x_wconf 89' lang='lat' dir='ltr'><strong>posterius</strong></span> <span class='ocrx_word' id='word_1_370' title='bbox 1050 3781 1157 3844; x_wconf 87' lang='lat' dir='ltr'><strong>ultima</strong></span> <span class='ocrx_word' id='word_1_371' title='bbox 1180 3781 1306 3885; x_wconf 78' lang='lat' dir='ltr'><strong>Aquarii</strong></span> <span class='ocrx_word' id='word_1_372' title='bbox 1331 3790 1362 3844; x_wconf 91' lang='lat' dir='ltr'><strong>et</strong></span> <span class='ocrx_word' id='word_1_373' title='bbox 1385 3783 1510 3846; x_wconf 85' lang='lat' dir='ltr'><strong>similes.</strong></span> 
     </span>
     <span class='ocr_line' id='line_1_38' title="bbox 240 3869 1510 3953; baseline -0.002 -16"><span class='ocrx_word' id='word_1_374' title='bbox 240 3874 307 3938; x_wconf 88' lang='lat' dir='ltr'><strong>Hoc</strong></span> <span class='ocrx_word' id='word_1_375' title='bbox 330 3892 387 3953; x_wconf 87' lang='lat' dir='ltr'><strong>ogo</strong></span> <span class='ocrx_word' id='word_1_376' title='bbox 411 3871 514 3933; x_wconf 88' lang='lat' dir='ltr'><strong>thema</strong></span> <span class='ocrx_word' id='word_1_377' title='bbox 537 3889 602 3933; x_wconf 90' lang='lat' dir='ltr'><strong>oum</strong></span> <span class='ocrx_word' id='word_1_378' title='bbox 627 3869 697 3932; x_wconf 90' lang='lat' dir='ltr'><strong>olim</strong></span> <span class='ocrx_word' id='word_1_379' title='bbox 721 3870 899 3951; x_wconf 85' lang='lat' dir='ltr'><strong>quibusdam</strong></span> <span class='ocrx_word' id='word_1_380' title='bbox 922 3870 1160 3952; x_wconf 89' lang='lat' dir='ltr'><strong>proposuissem,</strong></span> <span class='ocrx_word' id='word_1_381' title='bbox 1195 3871 1244 3951; x_wconf 92' lang='lat' dir='ltr'><strong>qni</strong></span> <span class='ocrx_word' id='word_1_382' title='bbox 1275 3880 1310 3933; x_wconf 92' lang='grc' dir='ltr'><strong>ιιι</strong></span> <span class='ocrx_word' id='word_1_383' title='bbox 1341 3891 1388 3935; x_wconf 90' lang='lat' dir='ltr'><strong>me</strong></span> <span class='ocrx_word' id='word_1_384' title='bbox 1420 3891 1510 3935; x_wconf 85' lang='lat' dir='ltr'><strong>exer·</strong></span> 
     </span>
     <span class='ocr_line' id='line_1_39' title="bbox 147 3959 1511 4040; baseline -0.004 -12"><span class='ocrx_word' id='word_1_385' title='bbox 147 3970 266 4039; x_wconf 73' lang='lat' dir='ltr'><strong>narem,</strong></span> <span class='ocrx_word' id='word_1_386' title='bbox 289 3959 447 4024; x_wconf 82' lang='lat' dir='ltr'><strong>infinitatis</strong></span> <span class='ocrx_word' id='word_1_387' title='bbox 470 3978 607 4033; x_wconf 72' lang='lat' dir='ltr'><strong>cansam,</strong></span> <span class='ocrx_word' id='word_1_388' title='bbox 628 3978 666 4021; x_wconf 86' lang='lat' dir='ltr'><strong>ex</strong></span> <span class='ocrx_word' id='word_1_389' title='bbox 686 3967 757 4022; x_wconf 90' lang='lat' dir='ltr'><strong>ante</strong></span> <span class='ocrx_word' id='word_1_390' title='bbox 781 3960 871 4022; x_wconf 89' lang='lat' dir='ltr'><strong>dictis</strong></span> <span class='ocrx_word' id='word_1_391' title='bbox 887 3960 1058 4022; x_wconf 88' lang='lat' dir='ltr'><strong>auctoribus</strong></span> <span class='ocrx_word' id='word_1_392' title='bbox 1077 3968 1258 4040; x_wconf 86' lang='lat' dir='ltr'><strong>susceptam,</strong></span> <span class='ocrx_word' id='word_1_393' title='bbox 1283 3963 1441 4024; x_wconf 84' lang='lat' dir='ltr'><strong>adversum</strong></span> <span class='ocrx_word' id='word_1_394' title='bbox 1464 3981 1511 4024; x_wconf 90' lang='lat' dir='ltr'><strong>ms</strong></span> 
     </span>
     <span class='ocr_line' id='line_1_40' title="bbox 146 4048 1511 4140; baseline -0.001 -25"><span class='ocrx_word' id='word_1_395' title='bbox 146 4052 385 4140; x_wconf 75' lang='lat' dir='ltr'><strong>propugnabant</strong></span> <span class='ocrx_word' id='word_1_396' title='bbox 407 4050 532 4113; x_wconf 88' lang='lat' dir='ltr'><strong>aeriter:</strong></span> <span class='ocrx_word' id='word_1_397' title='bbox 556 4048 578 4111; x_wconf 93' lang='lat' dir='ltr'><strong>ii</strong></span> <span class='ocrx_word' id='word_1_398' title='bbox 600 4049 759 4129; x_wconf 87' lang='lat' dir='ltr'><strong>putabant,</strong></span> <span class='ocrx_word' id='word_1_399' title='bbox 784 4049 841 4112; x_wconf 82' lang='lat' dir='ltr'><strong>sibi</strong></span> <span class='ocrx_word' id='word_1_400' title='bbox 866 4049 954 4111; x_wconf 85' lang='lat' dir='ltr'><strong>facile</strong></span> <span class='ocrx_word' id='word_1_401' title='bbox 978 4068 1062 4119; x_wconf 88' lang='lat' dir='ltr'><strong>esse,</strong></span> <span class='ocrx_word' id='word_1_402' title='bbox 1094 4068 1240 4112; x_wconf 89' lang='lat' dir='ltr'><strong>concessa</strong></span> <span class='ocrx_word' id='word_1_403' title='bbox 1271 4051 1418 4113; x_wconf 83' lang='lat' dir='ltr'><strong>infinitate</strong></span> <span class='ocrx_word' id='word_1_404' title='bbox 1447 4060 1511 4114; x_wconf 89' lang='lat' dir='ltr'><strong>tam</strong></span> 
     </span>
     <span class='ocr_line' id='line_1_41' title="bbox 147 4138 1511 4224; baseline -0.001 -19"><span class='ocrx_word' id='word_1_405' title='bbox 147 4145 241 4224; x_wconf 77' lang='lat' dir='ltr'><strong>longe</strong></span> <span class='ocrx_word' id='word_1_406' title='bbox 264 4141 351 4205; x_wconf 87' lang='lat' dir='ltr'><strong>binas</strong></span> <span class='ocrx_word' id='word_1_407' title='bbox 374 4140 450 4202; x_wconf 84' lang='lat' dir='ltr'><strong>fixas</strong></span> <span class='ocrx_word' id='word_1_408' title='bbox 474 4140 512 4201; x_wconf 92' lang='lat' dir='ltr'><strong>ab</strong></span> <span class='ocrx_word' id='word_1_409' title='bbox 536 4138 663 4201; x_wconf 90' lang='lat' dir='ltr'><strong>invicem</strong></span> <span class='ocrx_word' id='word_1_410' title='bbox 687 4157 843 4219; x_wconf 87' lang='lat' dir='ltr'><strong>separare,</strong></span> <span class='ocrx_word' id='word_1_411' title='bbox 881 4158 957 4219; x_wconf 88' lang='lat' dir='ltr'><strong>quas</strong></span> <span class='ocrx_word' id='word_1_412' title='bbox 989 4157 1044 4200; x_wconf 87' lang='lat' dir='ltr'><strong>nos</strong></span> <span class='ocrx_word' id='word_1_413' title='bbox 1067 4138 1096 4200; x_wconf 94' lang='lat' dir='ltr'><strong>in</strong></span> <span class='ocrx_word' id='word_1_414' title='bbox 1120 4139 1215 4202; x_wconf 86' lang='lat' dir='ltr'><strong>Tarra</strong></span> <span class='ocrx_word' id='word_1_415' title='bbox 1237 4140 1389 4220; x_wconf 85' lang='lat' dir='ltr'><strong>proximas</strong></span> <span class='ocrx_word' id='word_1_416' title='bbox 1414 4141 1511 4203; x_wconf 90' lang='lat' dir='ltr'><strong>aesti-</strong></span> 
     </span>
     <span class='ocr_line' id='line_1_42' title="bbox 147 4226 1512 4312; baseline -0.001 -17"><span class='ocrx_word' id='word_1_417' title='bbox 147 4251 279 4308; x_wconf 68' lang='lat' dir='ltr'><strong>mamus,</strong></span> <span class='ocrx_word' id='word_1_418' title='bbox 302 4249 392 4312; x_wconf 88' lang='lat' dir='ltr'><strong>quam</strong></span> <span class='ocrx_word' id='word_1_419' title='bbox 415 4229 504 4308; x_wconf 91' lang='lat' dir='ltr'><strong>longe</strong></span> <span class='ocrx_word' id='word_1_420' title='bbox 527 4246 581 4289; x_wconf 90' lang='lat' dir='ltr'><strong>nos</strong></span> <span class='ocrx_word' id='word_1_421' title='bbox 605 4248 625 4288; x_wconf 92' lang='lat' dir='ltr'><strong>a</strong></span> <span class='ocrx_word' id='word_1_422' title='bbox 653 4227 719 4290; x_wconf 75' lang='lat' dir='ltr'><strong>fixis</strong></span> <span class='ocrx_word' id='word_1_423' title='bbox 752 4229 859 4292; x_wconf 87' lang='lat' dir='ltr'><strong>abesse</strong></span> <span class='ocrx_word' id='word_1_424' title='bbox 893 4226 967 4290; x_wconf 89' lang='lat' dir='ltr'><strong>certi</strong></span> <span class='ocrx_word' id='word_1_425' title='bbox 1000 4247 1112 4291; x_wconf 88' lang='lat' dir='ltr'><strong>snmus.</strong></span> <span class='ocrx_word' id='word_1_426' title='bbox 1159 4231 1205 4293; x_wconf 86' lang='lat' dir='ltr'><strong>At</strong></span> <span class='ocrx_word' id='word_1_427' title='bbox 1237 4230 1293 4291; x_wconf 91' lang='lat' dir='ltr'><strong>hoc</strong></span> <span class='ocrx_word' id='word_1_428' title='bbox 1324 4229 1512 4311; x_wconf 89' lang='lat' dir='ltr'><strong>impossibile</strong></span> 
     </span>
     <span class='ocr_line' id='line_1_43' title="bbox 148 4317 1512 4400; baseline -0.002 -14"><span class='ocrx_word' id='word_1_429' title='bbox 148 4331 212 4400; x_wconf 76' lang='lat' dir='ltr'><strong>eat.</strong></span> <span class='ocrx_word' id='word_1_430' title='bbox 256 4320 334 4384; x_wconf 81' lang='lat' dir='ltr'><strong>Esto</strong></span> <span class='ocrx_word' id='word_1_431' title='bbox 358 4318 437 4382; x_wconf 91' lang='lat' dir='ltr'><strong>enim</strong></span> <span class='ocrx_word' id='word_1_432' title='bbox 462 4326 495 4379; x_wconf 91' lang='lat' dir='ltr'><strong>nt</strong></span> <span class='ocrx_word' id='word_1_433' title='bbox 517 4317 605 4380; x_wconf 85' lang='lat' dir='ltr'><strong>binas</strong></span> <span class='ocrx_word' id='word_1_434' title='bbox 628 4317 704 4379; x_wconf 84' lang='lat' dir='ltr'><strong>lixas</strong></span> <span class='ocrx_word' id='word_1_435' title='bbox 728 4318 895 4399; x_wconf 89' lang='lat' dir='ltr'><strong>aequaliter</strong></span> <span class='ocrx_word' id='word_1_436' title='bbox 917 4338 937 4380; x_wconf 90' lang='lat' dir='ltr'><strong>a</strong></span> <span class='ocrx_word' id='word_1_437' title='bbox 959 4327 1063 4381; x_wconf 92' lang='lat' dir='ltr'><strong>centro</strong></span> <span class='ocrx_word' id='word_1_438' title='bbox 1088 4318 1207 4381; x_wconf 90' lang='lat' dir='ltr'><strong>mobilis</strong></span> <span class='ocrx_word' id='word_1_439' title='bbox 1236 4318 1337 4380; x_wconf 89' lang='lat' dir='ltr'><strong>mnndi</strong></span> <span class='ocrx_word' id='word_1_440' title='bbox 1361 4318 1512 4383; x_wconf 85' lang='lat' dir='ltr'><strong>distantes</strong></span> 
     </span>
     <span class='ocr_line' id='line_1_44' title="bbox 146 4406 1623 4498; baseline -0.003 -24"><span class='ocrx_word' id='word_1_441' title='bbox 146 4431 206 4498; x_wconf 83' lang='lat' dir='ltr'><strong>pro</strong></span> <span class='ocrx_word' id='word_1_442' title='bbox 229 4409 325 4474; x_wconf 90' lang='lat' dir='ltr'><strong>lubitu</strong></span> <span class='ocrx_word' id='word_1_443' title='bbox 348 4407 449 4490; x_wconf 90' lang='lat' dir='ltr'><strong>possis</strong></span> <span class='ocrx_word' id='word_1_444' title='bbox 473 4406 628 4469; x_wconf 89' lang='lat' dir='ltr'><strong>attollere:</strong></span> <span class='ocrx_word' id='word_1_445' title='bbox 653 4406 705 4468; x_wconf 87' lang='lat' dir='ltr'><strong>liet</strong></span> <span class='ocrx_word' id='word_1_446' title='bbox 728 4426 813 4481; x_wconf 89' lang='lat' dir='ltr'><strong>sane,</strong></span> <span class='ocrx_word' id='word_1_447' title='bbox 836 4408 913 4487; x_wconf 93' lang='lat' dir='ltr'><strong>qnod</strong></span> <span class='ocrx_word' id='word_1_448' title='bbox 939 4408 1055 4478; x_wconf 86' lang='lat' dir='ltr'><strong>dicunt.</strong></span> <span class='ocrx_word' id='word_1_449' title='bbox 1087 4417 1120 4470; x_wconf 93' lang='lat' dir='ltr'><strong>ut</strong></span> <span class='ocrx_word' id='word_1_450' title='bbox 1142 4408 1212 4470; x_wconf 92' lang='lat' dir='ltr'><strong>illae</strong></span> <span class='ocrx_word' id='word_1_451' title='bbox 1236 4407 1274 4470; x_wconf 90' lang='lat' dir='ltr'><strong>ab</strong></span> <span class='ocrx_word' id='word_1_452' title='bbox 1297 4407 1422 4471; x_wconf 88' lang='lat' dir='ltr'><strong>invicem</strong></span> <span class='ocrx_word' id='word_1_453' title='bbox 1447 4416 1511 4479; x_wconf 83' lang='lat' dir='ltr'><strong>tam</strong></span> <span class='ocrx_word' id='word_1_454' title='bbox 1620 4453 1623 4460; x_wconf 81' lang='lat'>-</span> 
     </span>
     <span class='ocr_line' id='line_1_45' title="bbox 147 4495 1510 4584; baseline -0.002 -21"><span class='ocrx_word' id='word_1_455' title='bbox 147 4505 242 4584; x_wconf 86' lang='lat' dir='ltr'><strong>longe</strong></span> <span class='ocrx_word' id='word_1_456' title='bbox 265 4497 489 4580; x_wconf 89' lang='lat' dir='ltr'><strong>digrediantur,</strong></span> <span class='ocrx_word' id='word_1_457' title='bbox 513 4513 600 4576; x_wconf 84' lang='lat' dir='ltr'><strong>quarn</strong></span> <span class='ocrx_word' id='word_1_458' title='bbox 624 4495 712 4575; x_wconf 90' lang='lat' dir='ltr'><strong>longe</strong></span> <span class='ocrx_word' id='word_1_459' title='bbox 740 4496 800 4576; x_wconf 89' lang='lat' dir='ltr'><strong>jam</strong></span> <span class='ocrx_word' id='word_1_460' title='bbox 833 4498 872 4559; x_wconf 92' lang='lat' dir='ltr'><strong>ab</strong></span> <span class='ocrx_word' id='word_1_461' title='bbox 904 4506 1031 4577; x_wconf 88' lang='lat' dir='ltr'><strong>utraque</strong></span> <span class='ocrx_word' id='word_1_462' title='bbox 1062 4498 1151 4559; x_wconf 85' lang='lat' dir='ltr'><strong>abest</strong></span> <span class='ocrx_word' id='word_1_463' title='bbox 1181 4506 1315 4558; x_wconf 86' lang='lat' dir='ltr'><strong>centrum</strong></span> <span class='ocrx_word' id='word_1_464' title='bbox 1347 4498 1510 4561; x_wconf 88' lang='lat' dir='ltr'><strong>mobilium.</strong></span> 
     </span>
     <span class='ocr_line' id='line_1_46' title="bbox 148 4584 1510 4667; baseline -0.004 -11"><span class='ocrx_word' id='word_1_465' title='bbox 148 4594 199 4660; x_wconf 78' lang='lat' dir='ltr'><strong>At</strong></span> <span class='ocrx_word' id='word_1_466' title='bbox 219 4587 420 4661; x_wconf 84' lang='lat' dir='ltr'><strong>meminerint,</strong></span> <span class='ocrx_word' id='word_1_467' title='bbox 444 4586 471 4648; x_wconf 91' lang='lat' dir='ltr'><strong>si</strong></span> <span class='ocrx_word' id='word_1_468' title='bbox 489 4588 565 4648; x_wconf 83' lang='lat' dir='ltr'><strong>fixas</strong></span> <span class='ocrx_word' id='word_1_469' title='bbox 580 4584 734 4661; x_wconf 88' lang='lat' dir='ltr'><strong>attollunt,</strong></span> <span class='ocrx_word' id='word_1_470' title='bbox 759 4586 862 4666; x_wconf 87' lang='lat' dir='ltr'><strong>angeri</strong></span> <span class='ocrx_word' id='word_1_471' title='bbox 885 4607 945 4649; x_wconf 91' lang='lat' dir='ltr'><strong>nna</strong></span> <span class='ocrx_word' id='word_1_472' title='bbox 967 4586 1023 4648; x_wconf 91' lang='lat' dir='ltr'><strong>hoc</strong></span> <span class='ocrx_word' id='word_1_473' title='bbox 1037 4606 1172 4662; x_wconf 89' lang='lat' dir='ltr'><strong>vaenum,</strong></span> <span class='ocrx_word' id='word_1_474' title='bbox 1198 4587 1275 4667; x_wconf 92' lang='lat' dir='ltr'><strong>qnod</strong></span> <span class='ocrx_word' id='word_1_475' title='bbox 1295 4595 1344 4650; x_wconf 88' lang='lat' dir='ltr'><strong>est</strong></span> <span class='ocrx_word' id='word_1_476' title='bbox 1360 4588 1391 4649; x_wconf 94' lang='lat' dir='ltr'><strong>iu</strong></span> <span class='ocrx_word' id='word_1_477' title='bbox 1410 4589 1510 4651; x_wconf 91' lang='lat' dir='ltr'><strong>medio</strong></span> 
     </span>
     <span class='ocr_line' id='line_1_47' title="bbox 149 4674 1509 4756; baseline -0.005 -10"><span class='ocrx_word' id='word_1_478' title='bbox 149 4690 186 4752; x_wconf 76' lang='grc' dir='ltr'><strong>,οι</strong></span> <span class='ocrx_word' id='word_1_479' title='bbox 214 4678 353 4744; x_wconf 88' lang='lat' dir='ltr'><strong>circulari</strong></span> <span class='ocrx_word' id='word_1_480' title='bbox 382 4678 507 4738; x_wconf 84' lang='lat' dir='ltr'><strong>lixarum</strong></span> <span class='ocrx_word' id='word_1_481' title='bbox 540 4674 704 4755; x_wconf 86' lang='lat' dir='ltr'><strong>complexu.</strong></span> <span class='ocrx_word' id='word_1_482' title='bbox 758 4677 820 4756; x_wconf 90' lang='lat' dir='ltr'><strong>Ipsi</strong></span> <span class='ocrx_word' id='word_1_483' title='bbox 854 4694 924 4737; x_wconf 90' lang='lat' dir='ltr'><strong>vero</strong></span> <span class='ocrx_word' id='word_1_484' title='bbox 955 4676 1156 4756; x_wconf 88' lang='lat' dir='ltr'><strong>incogitanter</strong></span> <span class='ocrx_word' id='word_1_485' title='bbox 1187 4676 1355 4756; x_wconf 88' lang='lat' dir='ltr'><strong>ponebant,</strong></span> <span class='ocrx_word' id='word_1_486' title='bbox 1388 4696 1509 4739; x_wconf 89' lang='lat' dir='ltr'><strong>manere</strong></span> 
     </span>
     <span class='ocr_line' id='line_1_48' title="bbox 149 4764 1510 4846; baseline -0.002 -14"><span class='ocrx_word' id='word_1_487' title='bbox 149 4768 320 4838; x_wconf 84' lang='lat' dir='ltr'><strong>nobishoc</strong></span> <span class='ocrx_word' id='word_1_488' title='bbox 343 4785 470 4829; x_wconf 86' lang='lat' dir='ltr'><strong>vacuum</strong></span> <span class='ocrx_word' id='word_1_489' title='bbox 492 4764 559 4828; x_wconf 86' lang='lat' dir='ltr'><strong>liris</strong></span> <span class='ocrx_word' id='word_1_490' title='bbox 584 4765 825 4827; x_wconf 88' lang='lat' dir='ltr'><strong>ascendentibus.</strong></span> <span class='ocrx_word' id='word_1_491' title='bbox 867 4764 948 4836; x_wconf 84' lang='lat' dir='ltr'><strong>Ouid</strong></span> <span class='ocrx_word' id='word_1_492' title='bbox 972 4766 998 4828; x_wconf 91' lang='lat' dir='ltr'><strong>si</strong></span> <span class='ocrx_word' id='word_1_493' title='bbox 1021 4786 1108 4837; x_wconf 89' lang='lat' dir='ltr'><strong>vero,</strong></span> <span class='ocrx_word' id='word_1_494' title='bbox 1131 4766 1281 4846; x_wconf 90' lang='lat' dir='ltr'><strong>inquiunt,</strong></span> <span class='ocrx_word' id='word_1_495' title='bbox 1306 4787 1342 4829; x_wconf 90' lang='lat' dir='ltr'><strong>ex</strong></span> <span class='ocrx_word' id='word_1_496' title='bbox 1367 4767 1510 4830; x_wconf 87' lang='lat' dir='ltr'><strong>assumtis</strong></span> 
     </span>
     <span class='ocr_line' id='line_1_49' title="bbox 150 4853 1510 4937; baseline -0.004 -15"><span class='ocrx_word' id='word_1_497' title='bbox 150 4857 234 4930; x_wconf 81' lang='lat' dir='ltr'><strong>binis</strong></span> <span class='ocrx_word' id='word_1_498' title='bbox 256 4856 354 4919; x_wconf 80' lang='lat' dir='ltr'><strong>stellis</strong></span> <span class='ocrx_word' id='word_1_499' title='bbox 377 4854 488 4934; x_wconf 90' lang='lat' dir='ltr'><strong>cinguli</strong></span> <span class='ocrx_word' id='word_1_500' title='bbox 513 4853 651 4928; x_wconf 89' lang='lat' dir='ltr'><strong>Orionis,</strong></span> <span class='ocrx_word' id='word_1_501' title='bbox 676 4855 770 4917; x_wconf 88' lang='lat' dir='ltr'><strong>altera</strong></span> <span class='ocrx_word' id='word_1_502' title='bbox 796 4855 912 4934; x_wconf 84' lang='lat' dir='ltr'><strong>quidem</strong></span> <span class='ocrx_word' id='word_1_503' title='bbox 938 4867 1075 4919; x_wconf 77' lang='lat' dir='ltr'><strong>innuente</strong></span> <span class='ocrx_word' id='word_1_504' title='bbox 1099 4857 1128 4918; x_wconf 92' lang='lat' dir='ltr'><strong>in</strong></span> <span class='ocrx_word' id='word_1_505' title='bbox 1152 4877 1188 4916; x_wconf 92' lang='lat' dir='ltr'><strong>ea</strong></span> <span class='ocrx_word' id='word_1_506' title='bbox 1211 4856 1353 4934; x_wconf 87' lang='lat' dir='ltr'><strong>sphaera,</strong></span> <span class='ocrx_word' id='word_1_507' title='bbox 1379 4876 1438 4937; x_wconf 90' lang='lat' dir='ltr'><strong>qua</strong></span> <span class='ocrx_word' id='word_1_508' title='bbox 1460 4857 1510 4917; x_wconf 91' lang='lat' dir='ltr'><strong>in-</strong></span> 
     </span>
     <span class='ocr_line' id='line_1_50' title="bbox 152 4943 1583 5027; baseline -0.003 -15"><span class='ocrx_word' id='word_1_509' title='bbox 152 4946 295 5012; x_wconf 81' lang='lat' dir='ltr'><strong>letiorem</strong></span> <span class='ocrx_word' id='word_1_510' title='bbox 318 4946 439 5008; x_wconf 86' lang='lat' dir='ltr'><strong>stellam</strong></span> <span class='ocrx_word' id='word_1_511' title='bbox 462 4965 519 5007; x_wconf 91' lang='grc' dir='ltr'><strong>ιιοιι</strong></span> <span class='ocrx_word' id='word_1_512' title='bbox 545 4943 680 5006; x_wconf 85' lang='lat' dir='ltr'><strong>admittit</strong></span> <span class='ocrx_word' id='word_1_513' title='bbox 702 4944 838 5006; x_wconf 89' lang='lat' dir='ltr'><strong>doctrina</strong></span> <span class='ocrx_word' id='word_1_514' title='bbox 861 4948 1071 5024; x_wconf 80' lang='lat' dir='ltr'><strong>parallareon,</strong></span> <span class='ocrx_word' id='word_1_515' title='bbox 1104 4947 1218 5027; x_wconf 88' lang='lat' dir='ltr'><strong>reliqua</strong></span> <span class='ocrx_word' id='word_1_516' title='bbox 1246 4946 1363 5008; x_wconf 90' lang='lat' dir='ltr'><strong>dicatur</strong></span> <span class='ocrx_word' id='word_1_517' title='bbox 1386 4944 1509 5008; x_wconf 84' lang='lat' dir='ltr'><strong>infinitis</strong></span> <span class='ocrx_word' id='word_1_518' title='bbox 1577 4959 1583 4968; x_wconf 85' lang='lat'><strong>·</strong></span> 
     </span>
     <span class='ocr_line' id='line_1_51' title="bbox 154 5032 1511 5117; baseline 0 -19"><span class='ocrx_word' id='word_1_519' title='bbox 154 5034 322 5098; x_wconf 80' lang='lat' dir='ltr'><strong>intervallis</strong></span> <span class='ocrx_word' id='word_1_520' title='bbox 347 5034 455 5099; x_wconf 86' lang='lat' dir='ltr'><strong>altior?</strong></span> <span class='ocrx_word' id='word_1_521' title='bbox 500 5032 656 5116; x_wconf 74' lang='lat' dir='ltr'><strong>Numquid</strong></span> <span class='ocrx_word' id='word_1_522' title='bbox 676 5035 731 5096; x_wconf 82' lang='lat' dir='ltr'><strong>lroc</strong></span> <span class='ocrx_word' id='word_1_523' title='bbox 752 5044 842 5115; x_wconf 89' lang='lat' dir='ltr'><strong>pacto</strong></span> <span class='ocrx_word' id='word_1_524' title='bbox 862 5036 1034 5110; x_wconf 86' lang='lat' dir='ltr'><strong>efficiemus,</strong></span> <span class='ocrx_word' id='word_1_525' title='bbox 1058 5045 1090 5097; x_wconf 92' lang='grc' dir='ltr'><strong>ιιι</strong></span> <span class='ocrx_word' id='word_1_526' title='bbox 1105 5054 1198 5117; x_wconf 89' lang='lat' dir='ltr'><strong>aeque</strong></span> <span class='ocrx_word' id='word_1_527' title='bbox 1212 5054 1325 5116; x_wconf 88' lang='lat' dir='ltr'><strong>parvae</strong></span> <span class='ocrx_word' id='word_1_528' title='bbox 1344 5044 1511 5117; x_wconf 87' lang='lat' dir='ltr'><strong>appareant</strong></span> 
     </span>
     <span class='ocr_line' id='line_1_52' title="bbox 210 5136 1295 5190; baseline 0.003 -3"><span class='ocrx_word' id='word_1_529' title='bbox 210 5136 388 5190; x_wconf 62' lang='grc' dir='ltr'><strong>ΙΜΟΜ·</strong></span> <span class='ocrx_word' id='word_1_530' title='bbox 408 5141 436 5181; x_wconf 84' lang='lat'><strong>11.</strong></span> <span class='ocrx_word' id='word_1_531' title='bbox 1261 5138 1295 5190; x_wconf 80' lang='grc'><strong>44</strong></span> 
     </span>
    </p>
   </div>
   <div class='ocr_carea' id='block_1_3' title="bbox 0 0 1862 5842">
    <p class='ocr_par' dir='ltr' id='par_1_3' title="bbox 0 0 1862 5842">
     <span class='ocr_line' id='line_1_53' title="bbox 0 0 1862 5842; baseline 0 0"><span class='ocrx_word' id='word_1_532' title='bbox 0 0 1862 5842; x_wconf 95' lang='lat' dir='ltr'><strong> </strong></span> 
     </span>
    </p>
   </div>
  </div>
 </body>
</html>
