3692 5842
740 496 772 548 as
788 495 856 547 rave
877 494 1032 549 emmanu
1050 495 1095 549 ss.
1530 489 1596 562 tta

329 669 574 734 Altissimnm
606 672 798 749 planetam
833 674 1075 752 tergeminum
1105 673 1314 735 observavi.
1362 672 1508 754 Nimirum
1532 670 1595 734 Sa-

237 763 363 822 turnum
386 777 503 822 summa
528 762 816 825 cumadmiratione
841 763 1022 842 deprehendi
1055 784 1112 824 non
1142 783 1230 824 unam
1255 763 1348 823 solam
1373 781 1440 823 esse
1464 761 1593 833 stellam,

235 847 294 911 sed
317 857 384 912 tres
405 847 486 910 inter
510 867 543 909 se
566 850 737 929 proximas,
764 853 840 913 adeo
865 861 898 912 at
921 869 989 911 sese
1015 862 1116 912 mutuo
1141 851 1226 931 quasi
1250 851 1453 929 contingant*
1481 850 1594 911 hamo-

235 936 316 998 biles
349 946 422 1000 sunt
454 937 532 999 inter
564 957 597 998 se
630 957 753 1017 prorsus
786 949 818 1001 et
850 939 1037 1019 compositae
1061 940 1091 1001 in
1115 941 1193 1001 hunc
1215 941 1334 1001 modum
1363 953 1429 1016 ⁰00,
1483 938 1595 1000 Earum
1676 971 1679 976 ·

235 1025 338 1088 media
362 1025 456 1087 multo
481 1034 529 1086 est
552 1025 649 1105 major
673 1030 825 1090 extremis.
871 1028 958 1090 Sitae
991 1037 1061 1089 sunt
1094 1030 1132 1088 ad
1167 1028 1313 1090 orientem
1337 1048 1405 1103 una,
1435 1028 1533 1089 altera
1557 1026 1596 1087 ad
1680 1025 1682 1030 ’

236 1113 439 1189 occidentem,
466 1114 494 1174 in
519 1133 578 1174 uua
601 1125 685 1177 recta
708 1117 788 1178 linea
812 1119 850 1178 ad
874 1118 985 1197 pilum;
1011 1137 1067 1178 uon
1092 1126 1193 1179 tamen
1207 1126 1325 1178 exacte
1349 1118 1510 1179 secundum
1526 1115 1595 1176 lon-

235 1201 407 1282 gitutlinem
439 1203 570 1263 zodiaci:
618 1204 833 1267 occidentalior
872 1207 949 1266 enim
985 1207 1116 1284 assurgit
1155 1205 1286 1266 nonnihil
1323 1223 1429 1268 versus
1465 1206 1595 1275 boream,

236 1291 318 1354 icrte
338 1300 410 1353 snut
429 1292 640 1370 aequinoctiali
664 1296 838 1371 parallelae.
878 1294 912 1355 Si
930 1296 1092 1374 aspexeris
1116 1295 1184 1355 illas
1207 1313 1260 1372 per
1283 1295 1412 1367 oculare,
1436 1294 1512 1372 quod
1537 1310 1596 1353 non

236 1381 399 1460 plurimum
424 1380 617 1459 multiplicat,
647 1401 704 1441 nou
730 1384 917 1461 apparebunt
941 1384 1015 1444 beno
1040 1384 1117 1443 inter
1141 1403 1173 1443 se
1198 1383 1360 1444 distinctae
1384 1383 1508 1455 stellae;
1540 1381 1595 1441 sed

236 1467 390 1530 ridebitur
413 1468 504 1529 stella
527 1468 650 1530 Saturni
686 1471 888 1549 longiuscula,
932 1473 1044 1532 formae
1069 1472 1185 1543 olivae,
1217 1472 1279 1532 sic:
1308 1485 1358 1542 0.
1405 1470 1499 1533 Atei
1524 1489 1596 1530 usus

236 1557 335 1620 lucris
361 1555 483 1631 ocrrlari,
518 1560 595 1637 quod
619 1561 687 1638 plus
719 1581 806 1639 eruam
831 1561 939 1622 millies
963 1559 1144 1639 multiplicat
1168 1560 1372 1639 superficiem,
1407 1558 1596 1639 apparebunt

236 1655 304 1708 tres
328 1645 411 1722 globi
436 1646 666 1708 distinctissime
690 1649 793 1728 etqui
818 1669 886 1710 sese
911 1650 995 1729 qnasi
1011 1658 1139 1728 tangant
1154 1648 1300 1721 invicem;
1324 1667 1378 1709 nec
1393 1649 1460 1728 plus
1476 1646 1594 1708 diremti

237 1745 315 1795 sss
340 1742 443 1796 mutuo
468 1735 685 1810 censebuntur,
721 1757 807 1816 qnam
832 1737 999 1799 tenuissimi
1033 1746 1064 1797 et
1092 1737 1142 1797 vix
1175 1737 1326 1815 conspicui
1350 1737 1390 1797 tili
1424 1736 1594 1798 latitudine.

237 1823 343 1904 Atque
366 1841 402 1883 en
425 1822 576 1885 inventum
594 1824 662 1885 lovi
679 1827 864 1899 satellitium,
889 1826 1021 1889 seniculo
1042 1844 1112 1887 vero
1131 1825 1283 1904 decrepito
1308 1826 1382 1886 dues
1407 1843 1520 1898 servos,
1547 1823 1595 1903 qui

238 1912 393 1974 incessum
425 1912 506 1972 illius
539 1914 696 1991 adjutent,
730 1935 879 1995 nunquam
912 1938 931 1977 a
965 1914 1109 1975 lateribus
1142 1914 1222 1974 illius
1255 1913 1458 1975 discedentes.
1506 1911 1596 1975 Circa

239 1999 372 2080 reliquos
397 2000 536 2079 planetas
560 2002 628 2063 nori
652 2003 724 2065 nihil
747 2005 910 2085 comperi.“
958 2009 1034 2075 (rtur.
1054 2012 1077 2061 d.
1104 2009 1146 2061 1³.
1164 2010 1227 2061 Nor.
1250 2007 1338 2072 ¹610.)

330 2090 415 2170 llaec
431 2087 599 2152 Galilaeus.
645 2091 691 2152 At
713 2111 769 2171 ego
792 2094 818 2154 si
842 2095 969 2154 habeam
993 2093 1158 2160 arbitrium,
1184 2110 1242 2153 nou
1266 2110 1303 2152 ex
1318 2089 1451 2151 Saturne
1475 2088 1593 2149 silicer-

239 2177 330 2251 nium,
358 2197 396 2237 ex
419 2177 509 2238 sociis
525 2178 655 2257 globulis
670 2182 805 2242 servulos
821 2182 863 2243 illi
884 2183 993 2256 fecero,
1018 2182 1072 2241 sed
1096 2181 1195 2258 potius
1219 2199 1256 2241 ex
1280 2178 1375 2240 tribus
1401 2177 1460 2239 illis
1479 2177 1595 2255 junctis

238 2265 436 2346 tricorporem
461 2263 649 2348 Geryonem,
674 2288 712 2329 ex
736 2269 876 2331 Galilaeo
900 2270 1078 2344 Herculem,
1113 2289 1150 2330 ex
1173 2267 1344 2348 perspicillo
1368 2269 1504 2341 clavam,
1538 2284 1596 2345 qua

240 2353 403 2418 Galilaeus
427 2365 561 2417 armatus
585 2357 667 2417 illum
693 2359 872 2421 altissimum
905 2360 1092 2438 planetarum
1125 2365 1157 2419 et
1188 2358 1261 2418 vicit
1283 2363 1315 2418 et
1338 2375 1376 2417 ex
1398 2353 1595 2435 penitissimis
1625 2396 1632 2416 t

239 2451 370 2505 naturae
393 2444 494 2526 adytis
519 2455 686 2508 extractum
711 2448 797 2527 inque
822 2449 932 2509 Terras
966 2449 1135 2509 detractum
1167 2454 1301 2507 nostrum
1339 2445 1468 2506 omniurn
1502 2442 1597 2503 oculis

240 2530 395 2613 exposuit.
442 2534 542 2594 Lubet
575 2536 712 2613 equidem
742 2536 811 2597 nido
836 2539 957 2598 detecto
981 2536 1210 2615 contemplando
1244 2552 1404 2615 quaerere,
1438 2532 1542 2613 quales
1566 2532 1595 2592 in

236 2620 289 2684 illo
317 2621 472 2694 aviculae,
507 2623 605 2702 qualis
630 2624 711 2697 rita,
745 2626 770 2685 si
796 2645 853 2704 qua
877 2627 959 2700 rita,
995 2626 1072 2686 inter
1105 2625 1190 2687 binos
1223 2631 1254 2684 et
1286 2622 1372 2685 binos
1396 2621 1502 2701 globos
1526 2639 1594 2682 sese

234 2719 338 2773 mutuo
378 2728 452 2789 pene
490 2711 716 2791 contingentem
765 2715 812 2774 ubi
851 2733 929 2776 non:
981 2716 1075 2788 „Tres
1110 2713 1185 2776 coeli
1225 2711 1356 2790 spatium
1392 2716 1499 2790 pateat
1535 2727 1593 2770 nou

232 2798 367 2879 amplius
404 2799 531 2874 ulnas,“
567 2803 618 2861 sed
658 2802 707 2862 rix
745 2803 837 2863 latum
866 2822 995 2882 unguem
1034 2804 1063 2863 iu
1100 2802 1242 2864 circulum
1278 2799 1408 2880 nudique
1446 2797 1593 2860 dehiscat.

230 2889 285 2951 An
321 2903 393 2949 vere
426 2889 573 2968 astrologi
597 2889 728 2952 Saturno
760 2893 886 2952 tutelam
918 2890 1152 2954 metallariorcm
1184 2889 1402 2962 transcribunt,
1429 2888 1491 2967 qui,
1531 2887 1593 2946 tal-

229 2995 343 3057 parum
367 2976 463 3037 instar
486 2978 540 3038 sub
565 2979 653 3039 terris
679 2981 787 3057 degere
812 2981 936 3055 assueti,
963 2981 1085 3041 liberum
1110 2999 1177 3041 raro
1195 2978 1335 3041 hauriunt
1349 2984 1449 3039 adrem
1465 2975 1520 3037 sub
1536 2975 1594 3035 dio.

231 3065 308 3130 Etsi
332 3066 423 3145 paulo
448 3067 670 3128 tolerabiliores
694 3069 741 3130 hic
766 3071 928 3143 tenebrae,
963 3071 1032 3150 quia
1055 3068 1128 3143 Sol,
1163 3069 1210 3148 qui
1242 3074 1345 3128 tantus
1376 3066 1436 3128 illis
1467 3072 1596 3145 apparet

229 3164 355 3238 quanta
372 3154 458 3216 nobis
478 3155 506 3215 in
528 3157 621 3218 Terra
636 3157 751 3238 Venus,
777 3158 877 3219 radios
897 3178 951 3237 per
974 3158 1147 3219 discrimina
1166 3157 1321 3236 globorum
1339 3161 1484 3235 perpetuo
1509 3152 1596 3232 traji-

229 3245 287 3320 cit,
315 3243 393 3304 adeo
418 3252 451 3304 ut
474 3244 522 3322 qui
548 3244 575 3305 io
601 3246 721 3323 globum
745 3248 872 3308 alterum
888 3248 1043 3321 insistunt,
1069 3246 1215 3324 areliquo
1230 3246 1313 3305 velut
1328 3265 1347 3304 a
1362 3242 1496 3323 laqueari
1511 3241 1595 3314 te‘cti,

226 3334 275 3397 illi
303 3332 345 3393 ab
369 3332 457 3412 hujus
472 3333 517 3393 sui
537 3335 610 3394 tecti
626 3333 795 3396 eminentiis
819 3336 848 3396 in
874 3337 969 3397 lucem
994 3335 1074 3397 Solis
1099 3333 1293 3413 exporrectis,
1318 3333 1410 3394 veluti
1435 3331 1596 3411 aquibus-

227 3424 306 3486 daru
331 3419 490 3482 titionibus
522 3423 652 3503 desuper
679 3424 892 3486 illuminentur.
941 3423 1002 3487 Sed
1036 3423 1213 3484 adducenda
1247 3422 1334 3482 frena
1368 3420 1461 3482 menti
1494 3417 1597 3487 liberis

226 3509 371 3574 aetheris
396 3511 511 3589 carnpis
534 3507 670 3591 potitae3
694 3513 719 3573 si
745 3513 813 3592 quid
840 3514 970 3575 fortasse
994 3513 1179 3593 posteriores
1203 3509 1431 3572 observationes
1446 3507 1598 3570 diversum
1662 3573 1671 3584 ,

226 3601 272 3662 ab
299 3599 353 3660 illa
376 3599 476 3679 priore
500 3602 673 3661 narratione
698 3610 729 3662 et
753 3603 942 3664 immutatum
966 3612 1099 3680 tempore
1123 3600 1308 3661 renuncient.

329 3687 503 3749 Videbatur
526 3688 582 3751 sibi
609 3680 768 3751 Gatitasu's
793 3690 820 3750 in
846 3692 902 3752 fine
928 3692 1076 3770 epistolae
1100 3693 1187 3750 linctu
1212 3686 1389 3768 imposuisse
1414 3683 1597 3747 narrationi-

226 3779 291 3840 bus
324 3777 362 3838 de
393 3777 528 3856 planetis
559 3780 702 3859 novisque
733 3781 813 3841 circa
837 3799 889 3841 eos
914 3778 1185 3841 observationibus.
1233 3779 1278 3838 At
1301 3793 1419 3855 semper
1437 3773 1597 3854 perspicax

230 3868 343 3929 oculus
359 3866 410 3927 ille
426 3865 571 3935 factitius,
596 3869 799 3948 perspicillum
815 3869 891 3943 dico,
915 3868 998 3930 brevi
1012 3870 1100 3948 plura
1123 3866 1259 3928 detexit:
1284 3865 1321 3926 de
1345 3864 1451 3945 quibus
1476 3864 1542 3942 lege
1566 3869 1598 3923 et

228 3963 413 4037 sequentem
438 3953 570 4017 Galilaei
596 3957 774 4036 epistolam:
805 3965 946 4017 Florentiae
966 3968 989 4017 d.
1013 3965 1053 4014 tt.
1074 3965 1219 4016 Decembris
1239 3961 1316 4013 1610.

330 4043 505 4123 „Exspecto
529 4065 594 4107 cum
620 4046 769 4108 desiderio
793 4067 969 4127 responsum
994 4049 1032 4108 ad
1054 4055 1225 4128 postremas
1249 4045 1342 4118 duas3
1368 4048 1401 4103 ut
1424 4039 1597 4113 resciscam,

230 4132 307 4215 quid
333 4131 484 4213 Keplerns
508 4134 545 4195 de
570 4134 732 4197 Saturniae
755 4137 864 4198 stellae
889 4138 1032 4199 miraculo
1057 4136 1148 4198 dicat.

326 4221 451 4283 interim
484 4223 570 4284 mitto
603 4223 647 4285 illi
675 4225 812 4304 griphum
846 4245 941 4287 novae
974 4226 1131 4305 cujusdam
1154 4221 1340 4300 eximiaeque
1365 4217 1596 4293 observationis,

230 4330 313 4393 qnae
341 4312 415 4372 lacit
439 4311 476 4371 ad
501 4312 684 4374 decisionem
715 4332 889 4392 magnarum
920 4316 949 4376 in
981 4312 1167 4374 astronomia
1199 4307 1472 4370 controversiarum
1504 4315 1537 4367 et
1568 4307 1597 4367 iu

232 4399 340 4480 specie
364 4400 500 4461 continet
522 4398 553 4461 iu
576 4421 609 4462 se
633 4403 785 4481 pulchrum
811 4410 1018 4483 argumentum
1043 4422 1098 4483 pro
1121 4398 1335 4462 constitutione
1359 4394 1460 4456 mnndi
1478 4393 1598 4475 Pytha-

232 4490 343 4566 gorica
371 4497 402 4550 et
427 4486 645 4568 Copernicana.
693 4492 839 4571 Tempore
864 4513 918 4554 suo
943 4491 1076 4571 aperiam
1102 4488 1281 4551 solutionem
1313 4483 1409 4565 griphi
1434 4492 1468 4545 et
1490 4484 1596 4562 singu-

235 4579 317 4640 laria
340 4578 485 4639 nonnulla
517 4577 586 4639 alia.
633 4579 731 4658 Spero
755 4580 908 4642 inventam
941 4603 960 4642 a
992 4600 1038 4641 me
1070 4579 1241 4640 methodum
1274 4572 1433 4636 deliniendi
1456 4573 1598 4651 periodos

237 4675 368 4747 quatuor
391 4665 609 4736 Mediccerum,
647 4688 721 4748 quas
745 4670 894 4749 Keplerus
927 4689 984 4730 non
1019 4669 1083 4730 siue
1117 4684 1232 4728 surnma
1264 4663 1381 4725 ratione
1411 4661 1599 4723 existimavit

237 4755 478 4836 inexplicabiles,
504 4762 563 4819 etc.

328 4845 454 4908 Literae
483 4845 689 4925 banspnsitae
718 4852 789 4905 sunt
820 4840 920 4906 istae:
963 4845 1056 4907 Haec
1078 4846 1251 4908 immatura
1273 4862 1295 4905 n
1316 4861 1365 4905 me
1384 4837 1452 4922 iam
1467 4838 1599 4921 frastim

240 4931 393 5017 vaso.
418 4953 445 4994 0·
466 4930 524 5015 ue

328 5023 486 5086 Hactenus
507 5021 675 5085 Galilaeae.
723 5020 840 5093 Quodsi
871 5026 901 5080 te
936 5020 1033 5082 lector
1060 5020 1135 5082 haec
1158 5019 1290 5100 epistola
1313 5015 1464 5083 desiderio
1487 5014 1597 5093 imple·
