3692 5842
239 486 309 553 ³1²
585 460 587 463 ’
730 490 903 543 sicamina
920 490 984 542 rm
1000 490 1099 557 ossa

241 667 431 747 opuseulum,
466 666 544 747 quod
569 666 605 727 ds
631 666 700 728 anni
723 667 928 748 magnitudine
952 669 1082 732 meditor
1103 670 1171 732 Deo
1193 669 1288 732 vitam
1318 676 1351 733 et
1378 668 1463 732 viras
1485 687 1603 750 suppe-

241 756 368 829 ditante,
394 757 483 835 plane
507 757 690 818 necessaria.
703 752 745 830 ²⁰)

329 845 494 927 Dionysius
518 845 770 907 Halicarnasseus
794 845 845 907 lib.
862 847 902 907 11.
927 858 1022 922 Aiunt,
1048 847 1152 928 inquit,
1182 860 1210 914 in
1231 858 1493 929 conceptultcmuli
1513 863 1607 911 totum

239 936 330 993 Solem
352 936 485 990 defecisse
506 943 537 990 et
554 938 685 991 tenebras
710 936 877 991 omnimodas
907 940 1000 1008 plane.
1014 949 1046 993 ut
1075 945 1159 994 noctu
1187 940 1288 995 Terras
1308 941 1447 1003 1111111111
1475 939 1608 1009 idemque

241 1033 271 1080 at
290 1026 319 1080 in
339 1027 454 1080 decessu
475 1026 598 1095 ejusdem
619 1027 732 1080 laetum.
782 1016 900 1077 Fabula
932 1018 1026 1079 videri
1053 1027 1168 1098 posset.
1214 1019 1261 1080 At
1290 1018 1378 1082 fldem
1406 1018 1556 1082 conciliat
1578 1017 1608 1078 ei

243 1105 378 1167 calculus
402 1105 596 1180 Prutenicus,
621 1105 758 1185 quamvis
782 1125 840 1166 uon
864 1107 953 1186 plane
978 1106 1185 1169 certissimus:
1218 1107 1267 1188 qui
1289 1116 1393 1170 tamea
1415 1107 1448 1170 iu
1471 1107 1534 1169 hac
1558 1105 1609 1167 iu·

244 1192 426 1255 certitudine
456 1213 566 1254 aunum
597 1195 687 1273 plane
720 1195 861 1266 eundem,
896 1196 1094 1259 interstitium
1124 1215 1268 1259 annorum
1299 1198 1390 1278 plane
1422 1196 1506 1260 idem
1540 1213 1611 1257 cum

243 1289 346 1344 aetate
368 1281 489 1344 Romuli
514 1279 556 1345 55
580 1301 723 1345 annorum
747 1283 870 1358 indicat,
896 1286 1003 1363 quibus
1027 1286 1103 1347 duae
1127 1305 1254 1366 magnae
1269 1284 1350 1348 Solis
1374 1286 1507 1364 eclipses
1532 1302 1612 1346 cou-

245 1370 381 1449 tigerint.
429 1371 507 1433 Nam
539 1372 598 1433 etsi
630 1371 711 1452 prior
742 1371 863 1450 eclipsis
893 1374 1029 1452 proditur
1052 1375 1213 1454 digitorum
1238 1368 1318 1457 71..
1346 1374 1500 1453 posterior
1529 1367 1609 1455 9¹1„

244 1460 334 1521 facile
358 1467 459 1520 tamen
484 1460 546 1521 11111
571 1468 683 1540 potest,
709 1469 741 1521 ut
765 1461 897 1522 calculus
917 1463 1096 1525 emendatus
1120 1464 1251 1543 (indiget
1273 1463 1353 1526 enim
1376 1462 1609 1535 emendatione)

244 1549 421 1610 alterutram
447 1550 572 1610 totalem
595 1551 714 1628 prodat.

331 1638 505 1699 Herodotus
537 1639 613 1700 libro
637 1639 660 1701 l.
695 1638 834 1699 debello
859 1633 1065 1720 Lydosinter
1090 1641 1272 1705 etMedos:
1309 1659 1391 1706 sexto
1412 1668 1489 1705 anuo
1510 1666 1604 1720 pugna

244 1736 374 1783 conserta
395 1729 495 1782 accidit
515 1731 632 1782 durante
661 1730 800 1791 conflictu,
827 1738 859 1783 ut
884 1748 921 1783 ex
947 1730 990 1783 die
1016 1739 1131 1800 repente
1159 1751 1216 1787 nox
1242 1732 1407 1786 efficeretur.
1451 1733 1534 1785 Hauc
1555 1731 1602 1783 diei

244 1809 424 1864 mutationem
446 1810 549 1863 Thales
569 1809 695 1863 Milesius
715 1809 830 1863 donibus
852 1810 995 1879 praedixit
1016 1812 1145 1876 suturam,
1167 1821 1277 1882 tempus
1298 1814 1401 1867 addens
1422 1812 1499 1866 bunc
1521 1811 1602 1879 ipsum

245 1915 347 1953 annum
368 1915 422 1968 qno
443 1906 473 1952 et
492 1898 610 1953 mutatio
632 1900 689 1953 ista
709 1899 787 1952 facta
807 1906 857 1954 est.
891 1886 967 1950 Cum
992 1898 1092 1951 autem
1108 1892 1279 1953 Herodotus
1294 1890 1399 1952 Lunae
1423 1889 1604 1951 mentionem

244 1996 303 2038 uon
328 1978 431 2048 iaciat,
457 1984 524 2037 erat
547 1977 656 2056 quippe
680 1978 836 2057 imperitus
856 1978 1068 2053 astronomiae,
1093 1999 1130 2041 ne
1146 1980 1212 2060 quis
1228 1980 1319 2059 igitur
1333 1980 1491 2041 existimet
1505 1977 1603 2056 prodi-

246 2065 326 2146 gium
351 2065 432 2127 alind
457 2066 560 2140 luisse,
585 2067 700 2128 Plinius
725 2086 780 2128 nos
808 2066 977 2142 confirmat,
1004 2069 1052 2149 qui
1076 2068 1127 2129 lib·
1153 2070 1195 2130 11.
1220 2088 1287 2148 cap.
1312 2066 1344 2131 2.
1368 2067 1493 2130 Thaleti
1518 2067 1605 2128 Mile·

246 2155 291 2218 sio
314 2155 411 2234 primo
435 2156 515 2234 apud
540 2154 676 2216 Graecos
700 2155 777 2217 banc
806 2156 974 2217 doctrinam
1003 2156 1130 2218 ascribit
1151 2168 1293 2238 praedicto
1314 2167 1388 2223 Solis
1409 2166 1537 2229 delectu,
1564 2166 1605 2237 qui

246 2256 298 2309 sub
317 2257 449 2325 Astyage
469 2271 538 2326 rege
559 2255 650 2309 factus
671 2255 709 2309 sit
730 2255 900 2326 Olympiadis
922 2256 970 2311 48.
993 2272 1064 2310 auno
1086 2257 1113 2311 4.
1146 2247 1317 2322 Buntingus
1341 2247 1433 2325 igitur
1457 2263 1539 2307 11111111
1563 2246 1606 2305 in·

248 2333 350 2395 dicato
374 2333 558 2393 novilunium
589 2333 758 2412 eclipticum
789 2334 920 2409 invenit,
956 2335 1126 2415 digitosque
1159 2335 1257 2397 indice
1280 2334 1444 2396 l'ruteuico
1478 2333 1606 2396 nondum

246 2421 417 2484 certissimo
441 2422 566 2490 calculo,
591 2422 727 2483 undecim
752 2429 784 2483 et
798 2422 962 2496 dimidium,
988 2424 1076 2484 Ianua
1098 2424 1136 2484 ad
1156 2425 1331 2504 perigaeum
1346 2424 1607 2503 appropinquante

246 2512 276 2574 11
304 2506 396 2585 1⁰11,
422 2519 542 2572 aestate
567 2510 628 2585 illa,
654 2531 673 2572 a
696 2512 781 2591 cujus
805 2513 903 2573 medio
929 2513 1090 2591 incipiebat
1115 2508 1266 2575 1111114.
1292 2509 1487 2594 Olympiadis
1511 2508 1567 2575 48.

334 2619 419 2680 Idem
433 2618 607 2679 Herodotus
632 2617 707 2679 libro
724 2618 803 2680 Vll:
827 2647 886 2683 curn
908 2631 1018 2686 Xerxes
1040 2629 1133 2684 Sardis
1155 2632 1284 2701 Abydum
1304 2630 1530 2701 proficisceretur
1551 2646 1607 2684 cum

247 2708 382 2774 exercitu,
404 2710 452 2763 Sol
471 2710 630 2782 relinquens
652 2727 689 2763 ex
711 2712 788 2763 coelo
808 2713 899 2765 sedern
915 2710 1107 2780 inconspicuas
1129 2718 1198 2775 erat,
1221 2729 1275 2766 uon
1296 2710 1485 2765 existentibus
1508 2710 1608 2764 nubilis

246 2804 296 2856 sed
316 2799 470 2855 serenitate
491 2808 524 2854 ut
543 2802 707 2872 plurimum:
730 2817 780 2869 pro
801 2799 845 2854 die
865 2818 932 2853 vero
953 2818 1009 2854 nox
1030 2799 1135 2855 extitit.
1169 2788 1246 2853 Cum
1270 2788 1418 2851 transitus
1442 2789 1561 2851 Xerxis
1583 2788 1609 2849 iu

245 2880 400 2960 Europam
425 2878 454 2940 in
479 2898 546 2940 eum
570 2880 710 2945 inciderit
733 2899 851 2952 annum,
877 2878 962 2957 cujus
987 2887 1106 2939 aestate
1121 2875 1280 2961 Olympias
1305 2875 1357 2941 75.
1384 2877 1545 2941 celebrata
1567 2887 1612 2939 est

249 2970 321 3043 (hoc
346 2968 424 3029 enim
447 2967 542 3030 Xerxi
562 2969 628 3049 jam
652 2968 812 3035 Graeciam
836 2968 974 3047 ingresso
998 2969 1165 3029 retulerunt
1188 2967 1289 3048 aliqui,
1315 2975 1458 3047 spectare
1475 2964 1611 3028 Graecos

250 3055 394 3139 Olympia
416 3059 554 3131 securos)
579 3067 610 3122 et
633 3081 704 3124 vero
729 3058 862 3119 calculus
887 3057 1105 3119 astronomicus
1130 3076 1165 3118 eo
1190 3075 1268 3117 anuo
1291 3057 1405 3118 nullam
1419 3054 1505 3118 Solis
1520 3057 1612 3135 eclip-

249 3148 294 3209 sin
320 3146 480 3221 exhibeat;
500 3147 569 3227 jure
593 3148 766 3220 credideris,
791 3145 958 3226 prodigium
982 3146 1010 3207 in
1036 3144 1107 3207 Sole
1132 3145 1244 3207 factum
1265 3144 1456 3225 inspectante
1471 3146 1610 3208 universo

251 3236 403 3300 exercitu:
442 3238 527 3304 (1111
559 3238 730 3319 Buntingus
763 3256 859 3316 nugas
892 3235 957 3314 agit
988 3235 1091 3315 eclipsi
1127 3235 1275 3314 producta
1306 3235 1356 3296 rix
1388 3230 1408 3297 3
1441 3235 1613 3314 digitorum,

250 3344 346 3404 eaque
370 3344 447 3386 anuo
471 3326 587 3406 priore)
619 3329 678 3390 nisi
702 3326 821 3388 biennio
845 3333 917 3405 post
940 3325 1017 3385 hunc
1039 3324 1153 3386 Xerxis
1184 3322 1345 3385 transitum
1373 3324 1512 3385 calculus
1536 3324 1612 3385 Pru·

250 3416 368 3476 tenicns
400 3415 561 3476 1111111111
587 3415 668 3479 Solis
699 3415 823 3494 eclipsin
855 3415 1048 3486 ostenderet,
1080 3413 1154 3474 hora
1182 3423 1253 3493 post
1282 3412 1436 3474 meridiem
1465 3412 1565 3492 prima
1588 3412 1613 3472 in

250 3504 340 3579 Asia,
367 3523 491 3583 eamque
517 3506 564 3567 die
593 3504 642 3568 11.
667 3504 811 3574 Febrarii,
837 3503 865 3563 in
890 3498 1031 3576 24⁰&
1056 3514 1088 3563 et
1110 3502 1154 3562 111
1176 3502 1271 3581 primo
1296 3520 1385 3575 1111,
1411 3501 1491 3581 quod
1516 3501 1614 3563 Ilerc-

250 3594 312 3654 doti
352 3593 519 3654 recensioni
553 3595 702 3676 congruit.
749 3592 894 3670 Suspicor
927 3592 1019 3670 igitur
1057 3591 1175 3671 lapsam
1208 3610 1277 3652 esse
1311 3591 1437 3662 famam,
1472 3611 1509 3651 1ο
1539 3588 1614 3672 quod

250 3682 371 3745 Xerxes
396 3682 442 3742 bis
468 3682 598 3745 fortasse
622 3683 770 3747 Sardibus
801 3682 899 3743 iverit.
946 3680 1026 3743 Nam
1060 3680 1195 3759 quamvis
1218 3680 1339 3743 Xerxes
1370 3688 1456 3742 esset
1489 3680 1617 3759 undique

254 3771 361 3845 victus,
386 3770 482 3850 primo
503 3782 534 3833 et
559 3774 691 3835 secundo
716 3791 793 3833 anno
809 3769 1000 3852 Olympiadis
1021 3768 1072 3843 75,
1098 3778 1198 3830 tamen
1223 3789 1301 3831 anuo
1327 3768 1417 3830 tertio
1432 3768 1618 3832 Pausaniam

257 3860 294 3922 de
318 3859 489 3938 proditioue
514 3862 703 3929 sollicitavit,
729 3862 851 3940 ejusque
877 3859 918 3920 rei
938 3859 1039 3938 gratia
1058 3859 1159 3921 forsan
1185 3877 1242 3939 quo
1262 3867 1396 3938 tempore
1417 3859 1493 3920 lraec
1516 3856 1619 3937 eclipis

257 3948 388 4027 contigit
419 3950 459 4010 ad
489 3949 560 4012 litus
590 3951 740 4032 prooessit
770 3967 836 4010 curn
867 3947 1010 4009 exercitu.
1064 3947 1142 4009 Nam
1171 3967 1250 4008 anuo
1278 3957 1424 4027 sequente
1449 3947 1620 4009 Pausanias

258 4038 439 4120 proditionis
462 4038 549 4118 hujus
578 4041 733 4102 convictus
762 4046 794 4100 et
822 4038 901 4098 farne
933 4046 1055 4097 enectus
1084 4037 1150 4098 fuit
1198 4036 1265 4097 11111
1290 4037 1364 4097 facit
1387 4036 1441 4097 illa
1465 4053 1621 4117 magorum

257 4126 480 4208 interpretatio,
504 4150 520 4190 e
544 4150 575 4191 re
600 4128 754 4210 praesenti
777 4136 885 4200 sumta,
909 4137 1059 4207 significari
1080 4135 1195 4190 Graecis
1216 4136 1353 4191 detectum
1374 4135 1534 4191 civitatum.

345 4235 445 4318 Saepe
470 4237 612 4316 cogitavi,
638 4257 675 4298 au
699 4238 775 4298 baec
800 4235 867 4314 ipsa
889 4234 931 4295 sit
947 4234 1077 4313 eclipsis,
1104 4252 1180 4312 quae
1196 4230 1392 4294 Cleombroto
1416 4233 1456 4294 ad
1472 4232 1621 4294 lstbmum

256 4325 441 4387 sacrificanti
465 4327 614 4405 apparuit,
640 4345 675 4387 eo
699 4345 769 4386 vere
794 4324 872 4405 quod
896 4323 1030 4403 proxime
1054 4330 1161 4383 secuta
1183 4329 1232 4382 est
1255 4320 1358 4383 clades
1373 4322 1545 4383 blardouii:
1570 4319 1624 4382 sed

256 4415 390 4474 calculus
423 4433 481 4474 non
514 4416 675 4476 consentit.
730 4413 773 4475 Et
803 4413 922 4474 nescias
956 4433 993 4472 an
1023 4431 1078 4491 per
1101 4412 1177 4472 haec
1208 4410 1355 4472 Herodoti
1378 4410 1476 4473 verba
1500 4406 1520 4473 d
1545 4405 1624 4486 11111

258 4502 443 4580 inueneris,
468 4502 590 4582 eclipsis
615 4503 819 4581 intelligatur,
845 4522 883 4563 au
909 4501 1124 4581 qualiscunque
1156 4499 1329 4561 obscuratio
1362 4519 1417 4561 ssu
1450 4500 1624 4561 offuscatio.

260 4590 345 4652 llaec
370 4590 461 4667 igitur
484 4594 573 4670 paulo
598 4591 740 4655 incertior
762 4600 820 4653 est.
1187 4591 1192 4602 '

350 4687 542 4768 Thucydides
568 4690 618 4751 lib.
642 4691 681 4752 ll.
707 4709 784 4752 anno
807 4691 903 4768 primo
920 4688 989 4749 belli
1004 4685 1254 4766 Peloponnesiaci
1278 4684 1505 4748 memorabilem
1528 4685 1626 4764 eclip-

261 4778 306 4838 sin
331 4776 412 4838 Solis
436 4778 596 4845 describit,
631 4799 706 4858 quae
732 4779 759 4839 iu
785 4798 893 4839 annum
916 4776 946 4840 2.
973 4775 1092 4856 Olymp.
1117 4773 1159 4838 87
1183 4775 1308 4837 incidit:
1354 4785 1402 4840 sol
1429 4785 1537 4840 deiecit
1563 4793 1627 4856 post

261 4868 398 4921 meridiem
429 4875 459 4922 el
487 4885 594 4923 rursum
620 4869 750 4939 impletus
778 4875 835 4929 est,
866 4885 926 4922 cum
954 4868 1045 4921 factus
1075 4873 1152 4920 esset
1171 4868 1269 4920 Lunae
1299 4865 1441 4921 1111111111
1470 4866 1570 4920 similis
1596 4871 1627 4919 11

262 4956 362 5009 stallae
383 4957 534 5010 nonnullae
560 4957 737 5010 1111111111.
784 4947 855 5007 l'uit
883 4943 913 5009 3.
939 4946 1070 5023 Augusti
1102 4946 1201 5007 forma
1227 4945 1353 5007 11111111
1382 4953 1456 5006 aute
1485 4943 1523 5008 C.
1548 4942 1625 5008 131.

264 5029 341 5094 Cum
372 5050 464 5109 saepo
493 5035 548 5095 sub
577 5036 713 5114 integras
746 5033 874 5113 eclipses
903 5035 1012 5098 stellae
1039 5053 1100 5097 oon
1128 5043 1339 5115 compareant,
1370 5033 1494 5098 ridetur
1520 5041 1625 5098 auctor
