<?xml version="1.0" encoding="UTF-8"?>
<!DOCTYPE html PUBLIC "-//W3C//DTD XHTML 1.0 Transitional//EN"
    "http://www.w3.org/TR/xhtml1/DTD/xhtml1-transitional.dtd">
<html xmlns="http://www.w3.org/1999/xhtml" xml:lang="en" lang="en">
 <head>
  <title>
</title>
<meta http-equiv="Content-Type" content="text/html;charset=utf-8" />
  <meta name='ocr-system' content='tesseract 3.04.00' />
  <meta name='ocr-capabilities' content='ocr_page ocr_carea ocr_par ocr_line ocrx_word'/>
</head>
<body>
  <div class='ocr_page' id='page_1' title='image "./joanniskepleria01frisgoog/joanniskepleria01frisgoog_0604.png"; bbox 0 0 3692 5842; ppageno 0'>
   <div class='ocr_carea' id='block_1_1' title="bbox 239 480 1169 555">
    <p class='ocr_par' dir='ltr' id='par_1_1' title="bbox 239 480 1169 555">
     <span class='ocr_line' id='line_1_1' title="bbox 239 480 1169 555; baseline -0.015 -10"><span class='ocrx_word' id='word_1_1' title='bbox 239 486 305 555; x_wconf 83' lang='grc'>594</span> <span class='ocrx_word' id='word_1_2' title='bbox 655 483 756 534; x_wconf 81' lang='lat' dir='ltr'>Litorae</span> <span class='ocrx_word' id='word_1_3' title='bbox 775 481 877 546; x_wconf 83' lang='lat' dir='ltr'>Kepleri</span> <span class='ocrx_word' id='word_1_4' title='bbox 896 480 1048 546; x_wconf 81' lang='lat' dir='ltr'>aliorumque</span> <span class='ocrx_word' id='word_1_5' title='bbox 1066 486 1169 532; x_wconf 71' lang='grc' dir='ltr'>ιιιιιιιιιι</span> 
     </span>
    </p>
   </div>
   <div class='ocr_carea' id='block_1_2' title="bbox 240 657 1591 2250">
    <p class='ocr_par' dir='ltr' id='par_1_2' title="bbox 240 657 1591 2250">
     <span class='ocr_line' id='line_1_2' title="bbox 240 657 1581 743; baseline -0.004 -16"><span class='ocrx_word' id='word_1_6' title='bbox 240 668 328 728; x_wconf 91' lang='lat' dir='ltr'>drato</span> <span class='ocrx_word' id='word_1_7' title='bbox 352 661 500 724; x_wconf 83' lang='lat' dir='ltr'><strong>diametri.</strong></span> <span class='ocrx_word' id='word_1_8' title='bbox 542 661 631 722; x_wconf 84' lang='lat' dir='ltr'>Facit</span> <span class='ocrx_word' id='word_1_9' title='bbox 653 663 709 722; x_wconf 90' lang='lat' dir='ltr'>hoc</span> <span class='ocrx_word' id='word_1_10' title='bbox 733 659 799 721; x_wconf 91' lang='lat' dir='ltr'>sola</span> <span class='ocrx_word' id='word_1_11' title='bbox 822 660 913 721; x_wconf 92' lang='lat' dir='ltr'>etiam</span> <span class='ocrx_word' id='word_1_12' title='bbox 938 659 1032 738; x_wconf 88' lang='lat' dir='ltr'>ligura</span> <span class='ocrx_word' id='word_1_13' title='bbox 1056 658 1213 738; x_wconf 83' lang='lat' dir='ltr'>quadrata,</span> <span class='ocrx_word' id='word_1_14' title='bbox 1238 678 1315 739; x_wconf 86' lang='lat' dir='ltr'>quac</span> <span class='ocrx_word' id='word_1_15' title='bbox 1339 659 1532 740; x_wconf 77' lang='lat' dir='ltr'><strong>amplectitur</strong></span> <span class='ocrx_word' id='word_1_16' title='bbox 1555 657 1581 743; x_wconf 78' lang='grc' dir='ltr'><em>Ἰ</em></span> 
     </span>
     <span class='ocr_line' id='line_1_3' title="bbox 241 741 1586 833; baseline -0.002 -18"><span class='ocrx_word' id='word_1_17' title='bbox 241 757 278 816; x_wconf 90' lang='lat' dir='ltr'>de</span> <span class='ocrx_word' id='word_1_18' title='bbox 303 752 450 833; x_wconf 89' lang='lat' dir='ltr'>quadrato</span> <span class='ocrx_word' id='word_1_19' title='bbox 475 750 623 813; x_wconf 82' lang='lat' dir='ltr'>diametri.</span> <span class='ocrx_word' id='word_1_20' title='bbox 671 751 736 810; x_wconf 94' lang='lat' dir='ltr'>lloc</span> <span class='ocrx_word' id='word_1_21' title='bbox 759 748 852 826; x_wconf 84' lang='lat' dir='ltr'>igitur</span> <span class='ocrx_word' id='word_1_22' title='bbox 875 748 993 809; x_wconf 92' lang='lat' dir='ltr'>nomine</span> <span class='ocrx_word' id='word_1_23' title='bbox 1023 746 1167 827; x_wconf 84' lang='lat' dir='ltr'>recipitur</span> <span class='ocrx_word' id='word_1_24' title='bbox 1195 741 1245 829; x_wconf 80' lang='grc' dir='ltr'><em>Ἰ,,</em></span> <span class='ocrx_word' id='word_1_25' title='bbox 1275 768 1343 810; x_wconf 89' lang='lat' dir='ltr'>cum</span> <span class='ocrx_word' id='word_1_26' title='bbox 1375 743 1448 832; x_wconf 74' lang='grc' dir='ltr'><em>Ἰ,,,</em></span> <span class='ocrx_word' id='word_1_27' title='bbox 1477 743 1542 828; x_wconf 77' lang='grc' dir='ltr'><em>Ἰ,,,</em></span> <span class='ocrx_word' id='word_1_28' title='bbox 1561 763 1586 812; x_wconf 85' lang='grc' dir='ltr'>ιι</span> 
     </span>
     <span class='ocr_line' id='line_1_4' title="bbox 241 829 1587 918; baseline -0.003 -13"><span class='ocrx_word' id='word_1_29' title='bbox 241 862 300 906; x_wconf 92' lang='lat' dir='ltr'>non</span> <span class='ocrx_word' id='word_1_30' title='bbox 324 840 450 914; x_wconf 90' lang='lat' dir='ltr'>meliori,</span> <span class='ocrx_word' id='word_1_31' title='bbox 475 838 533 900; x_wconf 90' lang='lat' dir='ltr'>imo</span> <span class='ocrx_word' id='word_1_32' title='bbox 563 838 703 900; x_wconf 88' lang='lat' dir='ltr'>deteriori</span> <span class='ocrx_word' id='word_1_33' title='bbox 727 838 794 916; x_wconf 89' lang='lat' dir='ltr'>jure</span> <span class='ocrx_word' id='word_1_34' title='bbox 818 836 859 897; x_wconf 91' lang='lat' dir='ltr'>sit</span> <span class='ocrx_word' id='word_1_35' title='bbox 883 856 971 916; x_wconf 88' lang='lat' dir='ltr'>quam</span> <span class='ocrx_word' id='word_1_36' title='bbox 1001 829 1048 916; x_wconf 77' lang='grc' dir='ltr'>Ἰ,.</span> <span class='ocrx_word' id='word_1_37' title='bbox 1094 836 1183 898; x_wconf 83' lang='lat' dir='ltr'>Adde</span> <span class='ocrx_word' id='word_1_38' title='bbox 1207 847 1239 898; x_wconf 91' lang='lat' dir='ltr'>et</span> <span class='ocrx_word' id='word_1_39' title='bbox 1266 829 1339 918; x_wconf 75' lang='grc' dir='ltr'><em>3Ι,,,</em></span> <span class='ocrx_word' id='word_1_40' title='bbox 1363 838 1435 917; x_wconf 80' lang='lat' dir='ltr'>quia</span> <span class='ocrx_word' id='word_1_41' title='bbox 1457 837 1587 900; x_wconf 75' lang='lat' dir='ltr'>subterra</span> 
     </span>
     <span class='ocr_line' id='line_1_5' title="bbox 244 919 1586 1006; baseline -0.004 -12"><span class='ocrx_word' id='word_1_42' title='bbox 244 933 320 994; x_wconf 87' lang='lat' dir='ltr'>hacc</span> <span class='ocrx_word' id='word_1_43' title='bbox 344 948 401 990; x_wconf 92' lang='lat' dir='ltr'>non</span> <span class='ocrx_word' id='word_1_44' title='bbox 427 928 501 989; x_wconf 87' lang='lat' dir='ltr'>lacit</span> <span class='ocrx_word' id='word_1_45' title='bbox 523 928 552 988; x_wconf 93' lang='lat' dir='ltr'>id</span> <span class='ocrx_word' id='word_1_46' title='bbox 577 928 654 1006; x_wconf 92' lang='lat' dir='ltr'>quod</span> <span class='ocrx_word' id='word_1_47' title='bbox 688 928 833 987; x_wconf 88' lang='lat' dir='ltr'>subtensa</span> <span class='ocrx_word' id='word_1_48' title='bbox 856 926 892 986; x_wconf 90' lang='lat' dir='ltr'>de</span> <span class='ocrx_word' id='word_1_49' title='bbox 924 919 992 1005; x_wconf 78' lang='grc' dir='ltr'><em>Ἰ,,,</em></span> <span class='ocrx_word' id='word_1_50' title='bbox 1019 934 1052 987; x_wconf 87' lang='lat' dir='ltr'>ut</span> <span class='ocrx_word' id='word_1_51' title='bbox 1079 920 1169 1004; x_wconf 69' lang='lat' dir='ltr'>ripam</span> <span class='ocrx_word' id='word_1_52' title='bbox 1190 925 1325 1006; x_wconf 87' lang='lat' dir='ltr'>spatium</span> <span class='ocrx_word' id='word_1_53' title='bbox 1357 926 1492 988; x_wconf 79' lang='lat' dir='ltr'>ambeat.</span> <span class='ocrx_word' id='word_1_54' title='bbox 1535 926 1586 988; x_wconf 88' lang='lat' dir='ltr'>Sed</span> 
     </span>
     <span class='ocr_line' id='line_1_6' title="bbox 244 1009 1587 1095; baseline -0.002 -15"><span class='ocrx_word' id='word_1_55' title='bbox 244 1021 348 1081; x_wconf 90' lang='lat' dir='ltr'>eodem</span> <span class='ocrx_word' id='word_1_56' title='bbox 372 1016 489 1078; x_wconf 89' lang='lat' dir='ltr'>nomine</span> <span class='ocrx_word' id='word_1_57' title='bbox 521 1009 553 1094; x_wconf 76' lang='grc' dir='ltr'><em>Ἰ,</em></span> <span class='ocrx_word' id='word_1_58' title='bbox 581 1016 609 1076; x_wconf 93' lang='lat' dir='ltr'>in</span> <span class='ocrx_word' id='word_1_59' title='bbox 633 1016 728 1094; x_wconf 91' lang='lat' dir='ltr'>primo</span> <span class='ocrx_word' id='word_1_60' title='bbox 753 1014 852 1075; x_wconf 90' lang='lat' dir='ltr'>limine</span> <span class='ocrx_word' id='word_1_61' title='bbox 877 1014 1019 1075; x_wconf 84' lang='lat' dir='ltr'>consistit</span> <span class='ocrx_word' id='word_1_62' title='bbox 1041 1014 1215 1093; x_wconf 86' lang='lat' dir='ltr'>ejectorum.</span> <span class='ocrx_word' id='word_1_63' title='bbox 1261 1014 1343 1076; x_wconf 88' lang='lat' dir='ltr'>Nam</span> <span class='ocrx_word' id='word_1_64' title='bbox 1365 1014 1436 1095; x_wconf 90' lang='lat' dir='ltr'>qnia</span> <span class='ocrx_word' id='word_1_65' title='bbox 1458 1015 1587 1077; x_wconf 79' lang='lat' dir='ltr'>subtema</span> 
     </span>
     <span class='ocr_line' id='line_1_7' title="bbox 242 1101 1586 1190; baseline -0.004 -20"><span class='ocrx_word' id='word_1_66' title='bbox 242 1110 280 1170; x_wconf 93' lang='lat' dir='ltr'>de</span> <span class='ocrx_word' id='word_1_67' title='bbox 312 1101 344 1190; x_wconf 74' lang='grc' dir='ltr'><em>Ἰ,</em></span> <span class='ocrx_word' id='word_1_68' title='bbox 372 1113 421 1166; x_wconf 90' lang='lat' dir='ltr'>est</span> <span class='ocrx_word' id='word_1_69' title='bbox 443 1104 566 1185; x_wconf 69' lang='lat' dir='ltr'>oiloyog,</span> <span class='ocrx_word' id='word_1_70' title='bbox 592 1104 714 1184; x_wconf 88' lang='lat' dir='ltr'>ejusque</span> <span class='ocrx_word' id='word_1_71' title='bbox 740 1104 891 1182; x_wconf 89' lang='lat' dir='ltr'>(planum)</span> <span class='ocrx_word' id='word_1_72' title='bbox 917 1103 1034 1181; x_wconf 90' lang='lat' dir='ltr'>quidem</span> <span class='ocrx_word' id='word_1_73' title='bbox 1058 1102 1164 1181; x_wconf 69' lang='grc' dir='ltr'><em>ἄλογον</em></span> <span class='ocrx_word' id='word_1_74' title='bbox 1186 1112 1219 1165; x_wconf 87' lang='lat' dir='ltr'>et</span> <span class='ocrx_word' id='word_1_75' title='bbox 1240 1125 1353 1179; x_wconf 71' lang='lat' dir='ltr'>aanor,</span> <span class='ocrx_word' id='word_1_76' title='bbox 1383 1103 1453 1164; x_wconf 88' lang='lat' dir='ltr'>ideo</span> <span class='ocrx_word' id='word_1_77' title='bbox 1476 1115 1508 1166; x_wconf 84' lang='lat' dir='ltr'>et</span> <span class='ocrx_word' id='word_1_78' title='bbox 1528 1106 1586 1166; x_wconf 81' lang='lat' dir='ltr'>snb·</span> 
     </span>
     <span class='ocr_line' id='line_1_8' title="bbox 245 1186 1587 1275; baseline -0.001 -18"><span class='ocrx_word' id='word_1_79' title='bbox 245 1208 334 1258; x_wconf 90' lang='lat' dir='ltr'>tensa</span> <span class='ocrx_word' id='word_1_80' title='bbox 358 1195 394 1255; x_wconf 90' lang='lat' dir='ltr'>de</span> <span class='ocrx_word' id='word_1_81' title='bbox 425 1186 458 1275; x_wconf 76' lang='grc' dir='ltr'><em>Ἰ,</em></span> <span class='ocrx_word' id='word_1_82' title='bbox 486 1194 568 1255; x_wconf 86' lang='lat' dir='ltr'>talis.</span> <span class='ocrx_word' id='word_1_83' title='bbox 595 1223 636 1233; x_wconf 92' lang='lat'>—</span> <span class='ocrx_word' id='word_1_84' title='bbox 683 1194 788 1270; x_wconf 88' lang='lat' dir='ltr'>ltaque</span> <span class='ocrx_word' id='word_1_85' title='bbox 812 1198 844 1252; x_wconf 92' lang='lat' dir='ltr'>et</span> <span class='ocrx_word' id='word_1_86' title='bbox 876 1191 948 1252; x_wconf 90' lang='lat' dir='ltr'>talis</span> <span class='ocrx_word' id='word_1_87' title='bbox 981 1191 1136 1266; x_wconf 80' lang='lat' dir='ltr'>efficacia,</span> <span class='ocrx_word' id='word_1_88' title='bbox 1169 1192 1273 1253; x_wconf 87' lang='lat' dir='ltr'>idest</span> <span class='ocrx_word' id='word_1_89' title='bbox 1301 1210 1380 1271; x_wconf 86' lang='lat' dir='ltr'>pene</span> <span class='ocrx_word' id='word_1_90' title='bbox 1409 1193 1503 1254; x_wconf 75' lang='lat' dir='ltr'>nulla.</span> <span class='ocrx_word' id='word_1_91' title='bbox 1543 1195 1587 1255; x_wconf 83' lang='lat' dir='ltr'>llic</span> 
     </span>
     <span class='ocr_line' id='line_1_9' title="bbox 246 1279 1587 1364; baseline -0.002 -18"><span class='ocrx_word' id='word_1_92' title='bbox 246 1285 338 1364; x_wconf 81' lang='lat' dir='ltr'>igitur</span> <span class='ocrx_word' id='word_1_93' title='bbox 362 1290 485 1356; x_wconf 88' lang='lat' dir='ltr'>teneor;</span> <span class='ocrx_word' id='word_1_94' title='bbox 510 1282 643 1342; x_wconf 86' lang='lat' dir='ltr'>dixeram</span> <span class='ocrx_word' id='word_1_95' title='bbox 668 1280 756 1353; x_wconf 89' lang='lat' dir='ltr'>enim,</span> <span class='ocrx_word' id='word_1_96' title='bbox 782 1299 828 1340; x_wconf 89' lang='lat' dir='ltr'>rue</span> <span class='ocrx_word' id='word_1_97' title='bbox 848 1281 883 1340; x_wconf 91' lang='lat' dir='ltr'>de</span> <span class='ocrx_word' id='word_1_98' title='bbox 908 1281 1074 1359; x_wconf 89' lang='lat' dir='ltr'>sesquadro</span> <span class='ocrx_word' id='word_1_99' title='bbox 1098 1279 1315 1360; x_wconf 87' lang='lat' dir='ltr'>experientiam</span> <span class='ocrx_word' id='word_1_100' title='bbox 1329 1280 1454 1343; x_wconf 83' lang='lat' dir='ltr'>habere.</span> <span class='ocrx_word' id='word_1_101' title='bbox 1486 1282 1587 1343; x_wconf 80' lang='lat' dir='ltr'>l&#39;idebo</span> 
     </span>
     <span class='ocr_line' id='line_1_10' title="bbox 245 1368 1589 1455; baseline -0.001 -22"><span class='ocrx_word' id='word_1_102' title='bbox 245 1393 299 1455; x_wconf 89' lang='lat' dir='ltr'>per</span> <span class='ocrx_word' id='word_1_103' title='bbox 323 1372 432 1445; x_wconf 91' lang='lat' dir='ltr'>otium,</span> <span class='ocrx_word' id='word_1_104' title='bbox 467 1371 545 1432; x_wconf 82' lang='lat' dir='ltr'>sitne</span> <span class='ocrx_word' id='word_1_105' title='bbox 569 1371 606 1431; x_wconf 91' lang='lat' dir='ltr'>de</span> <span class='ocrx_word' id='word_1_106' title='bbox 630 1370 686 1430; x_wconf 89' lang='lat' dir='ltr'>hoc</span> <span class='ocrx_word' id='word_1_107' title='bbox 711 1376 834 1447; x_wconf 90' lang='lat' dir='ltr'>aspectu</span> <span class='ocrx_word' id='word_1_108' title='bbox 859 1369 1048 1442; x_wconf 81' lang='lat' dir='ltr'>tamvalida</span> <span class='ocrx_word' id='word_1_109' title='bbox 1078 1368 1282 1449; x_wconf 87' lang='lat' dir='ltr'>experientia,</span> <span class='ocrx_word' id='word_1_110' title='bbox 1315 1388 1409 1449; x_wconf 87' lang='lat' dir='ltr'>qnam</span> <span class='ocrx_word' id='word_1_111' title='bbox 1433 1370 1589 1432; x_wconf 71' lang='lat' dir='ltr'>relideret</span> 
     </span>
     <span class='ocr_line' id='line_1_11' title="bbox 248 1457 1587 1539; baseline -0.003 -17"><span class='ocrx_word' id='word_1_112' title='bbox 248 1463 300 1522; x_wconf 94' lang='lat' dir='ltr'>illa</span> <span class='ocrx_word' id='word_1_113' title='bbox 333 1462 369 1520; x_wconf 89' lang='lat' dir='ltr'>de</span> <span class='ocrx_word' id='word_1_114' title='bbox 401 1459 536 1539; x_wconf 91' lang='lat' dir='ltr'>quintili,</span> <span class='ocrx_word' id='word_1_115' title='bbox 569 1458 717 1536; x_wconf 90' lang='lat' dir='ltr'>biquintili</span> <span class='ocrx_word' id='word_1_116' title='bbox 753 1465 784 1517; x_wconf 91' lang='lat' dir='ltr'>et</span> <span class='ocrx_word' id='word_1_117' title='bbox 816 1458 989 1519; x_wconf 84' lang='lat' dir='ltr'>seruisexto.</span> <span class='ocrx_word' id='word_1_118' title='bbox 1036 1458 1102 1519; x_wconf 93' lang='lat' dir='ltr'>lloc</span> <span class='ocrx_word' id='word_1_119' title='bbox 1133 1457 1252 1537; x_wconf 91' lang='lat' dir='ltr'>quidem</span> <span class='ocrx_word' id='word_1_120' title='bbox 1272 1459 1402 1531; x_wconf 78' lang='lat' dir='ltr'>latent,</span> <span class='ocrx_word' id='word_1_121' title='bbox 1435 1467 1499 1520; x_wconf 81' lang='lat' dir='ltr'>tres</span> <span class='ocrx_word' id='word_1_122' title='bbox 1529 1459 1587 1521; x_wconf 79' lang='lat' dir='ltr'>us:</span> 
     </span>
     <span class='ocr_line' id='line_1_12' title="bbox 249 1545 1589 1630; baseline -0.002 -19"><span class='ocrx_word' id='word_1_123' title='bbox 249 1550 414 1630; x_wconf 75' lang='lat' dir='ltr'>quintilem,</span> <span class='ocrx_word' id='word_1_124' title='bbox 439 1546 639 1627; x_wconf 87' lang='lat' dir='ltr'>biquintilcm,</span> <span class='ocrx_word' id='word_1_125' title='bbox 666 1546 862 1626; x_wconf 85' lang='lat' dir='ltr'>sesquadrum</span> <span class='ocrx_word' id='word_1_126' title='bbox 885 1547 964 1606; x_wconf 88' lang='lat' dir='ltr'>ratio</span> <span class='ocrx_word' id='word_1_127' title='bbox 987 1545 1059 1607; x_wconf 86' lang='lat' dir='ltr'>milri</span> <span class='ocrx_word' id='word_1_128' title='bbox 1083 1546 1289 1626; x_wconf 80' lang='lat' dir='ltr'>suppeditavit</span> <span class='ocrx_word' id='word_1_129' title='bbox 1303 1547 1382 1626; x_wconf 79' lang='lat' dir='ltr'>(jam</span> <span class='ocrx_word' id='word_1_130' title='bbox 1401 1547 1589 1620; x_wconf 69' lang='lat' dir='ltr'>examinant:</span> 
     </span>
     <span class='ocr_line' id='line_1_13' title="bbox 249 1634 1591 1716; baseline -0.001 -17"><span class='ocrx_word' id='word_1_131' title='bbox 249 1638 302 1699; x_wconf 88' lang='lat' dir='ltr'>sed</span> <span class='ocrx_word' id='word_1_132' title='bbox 327 1637 521 1698; x_wconf 86' lang='lat' dir='ltr'>semisextum</span> <span class='ocrx_word' id='word_1_133' title='bbox 546 1635 712 1696; x_wconf 87' lang='lat' dir='ltr'>nudissinra</span> <span class='ocrx_word' id='word_1_134' title='bbox 735 1634 922 1713; x_wconf 86' lang='lat' dir='ltr'>experientia</span> <span class='ocrx_word' id='word_1_135' title='bbox 937 1642 1043 1702; x_wconf 86' lang='lat' dir='ltr'>contra</span> <span class='ocrx_word' id='word_1_136' title='bbox 1065 1654 1181 1695; x_wconf 89' lang='lat' dir='ltr'>omnem</span> <span class='ocrx_word' id='word_1_137' title='bbox 1205 1634 1363 1697; x_wconf 86' lang='lat' dir='ltr'>rationenr.</span> <span class='ocrx_word' id='word_1_138' title='bbox 1401 1637 1511 1716; x_wconf 80' lang='lat' dir='ltr'>ltaque</span> <span class='ocrx_word' id='word_1_139' title='bbox 1527 1637 1591 1700; x_wconf 78' lang='lat' dir='ltr'>cirta</span> 
     </span>
     <span class='ocr_line' id='line_1_14' title="bbox 248 1721 1590 1806; baseline 0 -18"><span class='ocrx_word' id='word_1_140' title='bbox 248 1726 445 1806; x_wconf 88' lang='lat' dir='ltr'>sesquadrum</span> <span class='ocrx_word' id='word_1_141' title='bbox 462 1724 647 1803; x_wconf 81' lang='lat' dir='ltr'>experientia</span> <span class='ocrx_word' id='word_1_142' title='bbox 661 1744 729 1784; x_wconf 92' lang='lat' dir='ltr'>mea</span> <span class='ocrx_word' id='word_1_143' title='bbox 748 1724 819 1784; x_wconf 92' lang='lat' dir='ltr'>mihi</span> <span class='ocrx_word' id='word_1_144' title='bbox 835 1724 890 1803; x_wconf 87' lang='lat' dir='ltr'>ipsi</span> <span class='ocrx_word' id='word_1_145' title='bbox 906 1730 1059 1803; x_wconf 85' lang='lat' dir='ltr'>suspecta.</span> <span class='ocrx_word' id='word_1_146' title='bbox 1094 1721 1183 1794; x_wconf 85' lang='lat' dir='ltr'>Quod</span> <span class='ocrx_word' id='word_1_147' title='bbox 1199 1731 1300 1784; x_wconf 84' lang='lat' dir='ltr'>autern</span> <span class='ocrx_word' id='word_1_148' title='bbox 1314 1724 1383 1803; x_wconf 87' lang='lat' dir='ltr'>jam</span> <span class='ocrx_word' id='word_1_149' title='bbox 1397 1735 1432 1786; x_wconf 84' lang='lat' dir='ltr'>et</span> <span class='ocrx_word' id='word_1_150' title='bbox 1446 1745 1501 1804; x_wconf 88' lang='lat' dir='ltr'>pro</span> <span class='ocrx_word' id='word_1_151' title='bbox 1514 1727 1590 1788; x_wconf 85' lang='lat' dir='ltr'>semi-</span> 
     </span>
     <span class='ocr_line' id='line_1_15' title="bbox 250 1812 1590 1893; baseline 0 -17"><span class='ocrx_word' id='word_1_152' title='bbox 250 1824 335 1876; x_wconf 92' lang='lat' dir='ltr'>sexto</span> <span class='ocrx_word' id='word_1_153' title='bbox 360 1814 506 1875; x_wconf 87' lang='lat' dir='ltr'>rationem</span> <span class='ocrx_word' id='word_1_154' title='bbox 529 1815 630 1886; x_wconf 86' lang='lat' dir='ltr'>affero,</span> <span class='ocrx_word' id='word_1_155' title='bbox 656 1833 692 1873; x_wconf 90' lang='lat' dir='ltr'>ea</span> <span class='ocrx_word' id='word_1_156' title='bbox 716 1832 829 1892; x_wconf 89' lang='lat' dir='ltr'>nupera</span> <span class='ocrx_word' id='word_1_157' title='bbox 852 1821 952 1874; x_wconf 86' lang='lat' dir='ltr'>estet</span> <span class='ocrx_word' id='word_1_158' title='bbox 974 1812 1041 1892; x_wconf 90' lang='lat' dir='ltr'>ipsa</span> <span class='ocrx_word' id='word_1_159' title='bbox 1064 1812 1251 1891; x_wconf 80' lang='lat' dir='ltr'>experientia</span> <span class='ocrx_word' id='word_1_160' title='bbox 1277 1812 1366 1891; x_wconf 85' lang='lat' dir='ltr'>longe</span> <span class='ocrx_word' id='word_1_161' title='bbox 1394 1815 1590 1893; x_wconf 67' lang='lat' dir='ltr'>postaticum</span> 
     </span>
     <span class='ocr_line' id='line_1_16' title="bbox 247 1901 1590 1982; baseline -0.001 -17"><span class='ocrx_word' id='word_1_162' title='bbox 247 1904 383 1967; x_wconf 86' lang='lat' dir='ltr'>Adriano</span> <span class='ocrx_word' id='word_1_163' title='bbox 399 1902 568 1976; x_wconf 89' lang='lat' dir='ltr'>(Romano)</span> <span class='ocrx_word' id='word_1_164' title='bbox 584 1903 620 1962; x_wconf 92' lang='lat' dir='ltr'>de</span> <span class='ocrx_word' id='word_1_165' title='bbox 636 1901 788 1962; x_wconf 86' lang='lat' dir='ltr'>snbtcnsis</span> <span class='ocrx_word' id='word_1_166' title='bbox 804 1901 906 1962; x_wconf 90' lang='lat' dir='ltr'>circuli</span> <span class='ocrx_word' id='word_1_167' title='bbox 922 1902 999 1963; x_wconf 88' lang='lat' dir='ltr'>forte</span> <span class='ocrx_word' id='word_1_168' title='bbox 1015 1902 1136 1962; x_wconf 80' lang='lat' dir='ltr'>fortuna</span> <span class='ocrx_word' id='word_1_169' title='bbox 1155 1910 1287 1979; x_wconf 90' lang='lat' dir='ltr'>reperta.</span> <span class='ocrx_word' id='word_1_170' title='bbox 1320 1901 1420 1963; x_wconf 79' lang='lat' dir='ltr'>Vides</span> <span class='ocrx_word' id='word_1_171' title='bbox 1436 1903 1533 1982; x_wconf 79' lang='lat' dir='ltr'>igitur,</span> <span class='ocrx_word' id='word_1_172' title='bbox 1545 1923 1590 1964; x_wconf 90' lang='lat' dir='ltr'>oon</span> 
     </span>
     <span class='ocr_line' id='line_1_17' title="bbox 250 1989 1591 2070; baseline -0.001 -16"><span class='ocrx_word' id='word_1_173' title='bbox 250 1991 369 2054; x_wconf 86' lang='lat' dir='ltr'>admitti</span> <span class='ocrx_word' id='word_1_174' title='bbox 386 1990 516 2052; x_wconf 88' lang='lat' dir='ltr'>infinitos</span> <span class='ocrx_word' id='word_1_175' title='bbox 532 1999 683 2070; x_wconf 87' lang='lat' dir='ltr'>aspectus.</span> <span class='ocrx_word' id='word_1_176' title='bbox 720 1991 800 2053; x_wconf 89' lang='lat' dir='ltr'>Nam</span> <span class='ocrx_word' id='word_1_177' title='bbox 825 1991 852 2050; x_wconf 94' lang='lat' dir='ltr'>in</span> <span class='ocrx_word' id='word_1_178' title='bbox 877 1990 1106 2070; x_wconf 89' lang='lat' dir='ltr'>aequationibus</span> <span class='ocrx_word' id='word_1_179' title='bbox 1128 1989 1243 2068; x_wconf 73' lang='lat' dir='ltr'>dloyorc</span> <span class='ocrx_word' id='word_1_180' title='bbox 1265 1990 1372 2052; x_wconf 87' lang='lat' dir='ltr'>statim</span> <span class='ocrx_word' id='word_1_181' title='bbox 1395 1991 1483 2052; x_wconf 87' lang='lat' dir='ltr'>sistit</span> <span class='ocrx_word' id='word_1_182' title='bbox 1503 2012 1591 2054; x_wconf 80' lang='lat' dir='ltr'>semus</span> 
     </span>
     <span class='ocr_line' id='line_1_18' title="bbox 246 2078 1590 2152; baseline 0.001 -11"><span class='ocrx_word' id='word_1_183' title='bbox 246 2081 413 2143; x_wconf 85' lang='lat' dir='ltr'>subtilitas.</span> <span class='ocrx_word' id='word_1_184' title='bbox 460 2078 540 2141; x_wconf 86' lang='lat' dir='ltr'>Sane</span> <span class='ocrx_word' id='word_1_185' title='bbox 566 2088 596 2140; x_wconf 92' lang='lat' dir='ltr'>et</span> <span class='ocrx_word' id='word_1_186' title='bbox 621 2080 648 2139; x_wconf 92' lang='lat' dir='ltr'>in</span> <span class='ocrx_word' id='word_1_187' title='bbox 674 2080 787 2139; x_wconf 86' lang='lat' dir='ltr'>musica</span> <span class='ocrx_word' id='word_1_188' title='bbox 811 2098 869 2138; x_wconf 95' lang='lat' dir='ltr'>non</span> <span class='ocrx_word' id='word_1_189' title='bbox 894 2080 984 2141; x_wconf 87' lang='lat' dir='ltr'>durat</span> <span class='ocrx_word' id='word_1_190' title='bbox 1015 2097 1136 2152; x_wconf 89' lang='lat' dir='ltr'>sensus,</span> <span class='ocrx_word' id='word_1_191' title='bbox 1161 2079 1188 2139; x_wconf 86' lang='lat' dir='ltr'>si</span> <span class='ocrx_word' id='word_1_192' title='bbox 1211 2078 1304 2140; x_wconf 91' lang='lat' dir='ltr'>nimia</span> <span class='ocrx_word' id='word_1_193' title='bbox 1336 2079 1503 2142; x_wconf 77' lang='lat' dir='ltr'>intervalla</span> <span class='ocrx_word' id='word_1_194' title='bbox 1523 2081 1590 2142; x_wconf 83' lang='lat' dir='ltr'>liant</span> 
     </span>
     <span class='ocr_line' id='line_1_19' title="bbox 249 2161 1591 2250; baseline -0.002 -19"><span class='ocrx_word' id='word_1_195' title='bbox 249 2171 355 2249; x_wconf 90' lang='lat' dir='ltr'>ltaque</span> <span class='ocrx_word' id='word_1_196' title='bbox 384 2167 553 2246; x_wconf 91' lang='lat' dir='ltr'>conjunctio</span> <span class='ocrx_word' id='word_1_197' title='bbox 577 2175 609 2228; x_wconf 89' lang='lat' dir='ltr'>et</span> <span class='ocrx_word' id='word_1_198' title='bbox 632 2167 782 2247; x_wconf 92' lang='lat' dir='ltr'>oppositio</span> <span class='ocrx_word' id='word_1_199' title='bbox 807 2181 838 2227; x_wconf 88' lang='lat' dir='ltr'>et</span> <span class='ocrx_word' id='word_1_200' title='bbox 867 2161 899 2250; x_wconf 79' lang='grc' dir='ltr'><em>Ἰ,</em></span> <span class='ocrx_word' id='word_1_201' title='bbox 933 2167 1047 2228; x_wconf 81' lang='lat' dir='ltr'>iaciunt</span> <span class='ocrx_word' id='word_1_202' title='bbox 1070 2168 1197 2245; x_wconf 90' lang='lat' dir='ltr'>primum</span> <span class='ocrx_word' id='word_1_203' title='bbox 1228 2168 1382 2241; x_wconf 89' lang='lat' dir='ltr'>ordinem,</span> <span class='ocrx_word' id='word_1_204' title='bbox 1413 2169 1465 2249; x_wconf 91' lang='lat' dir='ltr'>qui</span> <span class='ocrx_word' id='word_1_205' title='bbox 1493 2170 1551 2248; x_wconf 87' lang='lat' dir='ltr'>jam</span> <span class='ocrx_word' id='word_1_206' title='bbox 1569 2169 1591 2229; x_wconf 90' lang='lat' dir='ltr'>ir</span> 
     </span>
    </p>
   </div>
   <div class='ocr_carea' id='block_1_3' title="bbox 254 2253 1591 2339">
    <p class='ocr_par' dir='ltr' id='par_1_3' title="bbox 254 2253 1591 2339">
     <span class='ocr_line' id='line_1_20' title="bbox 254 2253 1591 2339; baseline 0.002 -21.011"><span class='ocrx_word' id='word_1_207' title='bbox 254 2254 299 2337; x_wconf 76' lang='grc' dir='ltr'>Ἰ,,</span> <span class='ocrx_word' id='word_1_208' title='bbox 332 2253 364 2339; x_wconf 78' lang='grc' dir='ltr'><em>3Ι,</em></span> <span class='ocrx_word' id='word_1_209' title='bbox 392 2256 656 2318; x_wconf 85' lang='lat' dir='ltr'>vehementissime</span> <span class='ocrx_word' id='word_1_210' title='bbox 680 2257 869 2329; x_wconf 85' lang='lat' dir='ltr'>debilitatur,</span> <span class='ocrx_word' id='word_1_211' title='bbox 896 2256 967 2336; x_wconf 88' lang='lat' dir='ltr'>qnia</span> <span class='ocrx_word' id='word_1_212' title='bbox 990 2256 1130 2337; x_wconf 89' lang='lat' dir='ltr'>aequatio</span> <span class='ocrx_word' id='word_1_213' title='bbox 1154 2258 1187 2318; x_wconf 87' lang='lat' dir='ltr'>lit</span> <span class='ocrx_word' id='word_1_214' title='bbox 1209 2255 1331 2335; x_wconf 71' lang='grc' dir='ltr'><em>ἄλογος,</em></span> <span class='ocrx_word' id='word_1_215' title='bbox 1362 2266 1396 2318; x_wconf 91' lang='lat' dir='ltr'>et</span> <span class='ocrx_word' id='word_1_216' title='bbox 1419 2259 1503 2319; x_wconf 80' lang='lat' dir='ltr'>nulla</span> <span class='ocrx_word' id='word_1_217' title='bbox 1523 2277 1591 2320; x_wconf 74' lang='lat' dir='ltr'>con·</span> 
     </span>
    </p>
   </div>
   <div class='ocr_carea' id='block_1_4' title="bbox 862 2304 1019 2403">
    <p class='ocr_par' dir='ltr' id='par_1_4' title="bbox 862 2304 1019 2403">
     <span class='ocr_line' id='line_1_21' title="bbox 862 2304 1019 2403; baseline 0 -12"><span class='ocrx_word' id='word_1_218' title='bbox 862 2304 1019 2403; x_wconf 80' lang='lat' dir='ltr'>i„,³57</span> 
     </span>
    </p>
   </div>
   <div class='ocr_carea' id='block_1_5' title="bbox 248 2379 974 2482">
    <p class='ocr_par' dir='ltr' id='par_1_5' title="bbox 248 2379 974 2482">
     <span class='ocr_line' id='line_1_22' title="bbox 248 2379 974 2482; baseline -0.01 -39"><span class='ocrx_word' id='word_1_219' title='bbox 248 2380 388 2461; x_wconf 87' lang='lat' dir='ltr'>pensatio</span> <span class='ocrx_word' id='word_1_220' title='bbox 411 2379 464 2454; x_wconf 83' lang='lat' dir='ltr'>fit3</span> <span class='ocrx_word' id='word_1_221' title='bbox 498 2380 590 2441; x_wconf 89' lang='lat' dir='ltr'>multo</span> <span class='ocrx_word' id='word_1_222' title='bbox 620 2379 712 2458; x_wconf 81' lang='lat' dir='ltr'>igitur</span> <span class='ocrx_word' id='word_1_223' title='bbox 740 2380 837 2459; x_wconf 85' lang='lat' dir='ltr'>magis</span> <span class='ocrx_word' id='word_1_224' title='bbox 860 2413 974 2482; x_wconf 63' lang='lat'>-16-</span> 
     </span>
    </p>
   </div>
   <div class='ocr_carea' id='block_1_6' title="bbox 248 2479 1592 4271">
    <p class='ocr_par' dir='ltr' id='par_1_6' title="bbox 248 2479 1592 4271">
     <span class='ocr_line' id='line_1_23' title="bbox 249 2479 1592 2588; baseline -0.001 -22"><span class='ocrx_word' id='word_1_225' title='bbox 249 2505 323 2566; x_wconf 81' lang='lat' dir='ltr'>lacit</span> <span class='ocrx_word' id='word_1_226' title='bbox 346 2504 507 2567; x_wconf 87' lang='lat' dir='ltr'>secundnm</span> <span class='ocrx_word' id='word_1_227' title='bbox 541 2503 689 2577; x_wconf 86' lang='lat' dir='ltr'>ordinem,</span> <span class='ocrx_word' id='word_1_228' title='bbox 725 2522 848 2583; x_wconf 88' lang='lat' dir='ltr'>cumque</span> <span class='ocrx_word' id='word_1_229' title='bbox 881 2499 911 2588; x_wconf 78' lang='grc' dir='ltr'><em>’,Ι</em></span> <span class='ocrx_word' id='word_1_230' title='bbox 937 2512 1019 2566; x_wconf 88' lang='lat' dir='ltr'>esset</span> <span class='ocrx_word' id='word_1_231' title='bbox 1006 2505 1157 2566; x_wconf 87' lang='lat' dir='ltr'>tluturns</span> <span class='ocrx_word' id='word_1_232' title='bbox 1182 2503 1309 2578; x_wconf 88' lang='lat' dir='ltr'>debilis,</span> <span class='ocrx_word' id='word_1_233' title='bbox 1342 2479 1478 2568; x_wconf 81' lang='lat' dir='ltr'>accessit</span> <span class='ocrx_word' id='word_1_234' title='bbox 1500 2505 1592 2568; x_wconf 88' lang='lat' dir='ltr'>nobilis</span> 
     </span>
     <span class='ocr_line' id='line_1_24' title="bbox 248 2589 1589 2696; baseline -0.002 -40"><span class='ocrx_word' id='word_1_235' title='bbox 248 2594 403 2669; x_wconf 85' lang='lat' dir='ltr'>subtensa,</span> <span class='ocrx_word' id='word_1_236' title='bbox 428 2612 482 2672; x_wconf 90' lang='lat' dir='ltr'>per</span> <span class='ocrx_word' id='word_1_237' title='bbox 505 2612 593 2672; x_wconf 91' lang='lat' dir='ltr'>quarn</span> <span class='ocrx_word' id='word_1_238' title='bbox 616 2592 645 2653; x_wconf 92' lang='lat' dir='ltr'>in</span> <span class='ocrx_word' id='word_1_239' title='bbox 669 2592 794 2672; x_wconf 88' lang='lat' dir='ltr'>primurn</span> <span class='ocrx_word' id='word_1_240' title='bbox 823 2595 952 2655; x_wconf 90' lang='lat' dir='ltr'>rel&#39;ertur</span> <span class='ocrx_word' id='word_1_241' title='bbox 980 2594 1113 2671; x_wconf 85' lang='lat' dir='ltr'>gradum.</span> <span class='ocrx_word' id='word_1_242' title='bbox 1159 2592 1304 2664; x_wconf 87' lang='lat' dir='ltr'>Rursum,</span> <span class='ocrx_word' id='word_1_243' title='bbox 1329 2615 1398 2657; x_wconf 89' lang='lat' dir='ltr'>cum</span> <span class='ocrx_word' id='word_1_244' title='bbox 1428 2589 1478 2696; x_wconf 77' lang='grc' dir='ltr'><em>Ἰ,,</em></span> <span class='ocrx_word' id='word_1_245' title='bbox 1505 2613 1540 2656; x_wconf 90' lang='lat' dir='ltr'>ex</span> <span class='ocrx_word' id='word_1_246' title='bbox 1564 2589 1589 2674; x_wconf 82' lang='grc' dir='ltr'><em>Ἰ,</em></span> 
     </span>
     <span class='ocr_line' id='line_1_25' title="bbox 250 2676 1592 2766; baseline 0 -22"><span class='ocrx_word' id='word_1_247' title='bbox 250 2690 334 2744; x_wconf 88' lang='lat' dir='ltr'>esset</span> <span class='ocrx_word' id='word_1_248' title='bbox 357 2683 476 2745; x_wconf 83' lang='lat' dir='ltr'>futurus</span> <span class='ocrx_word' id='word_1_249' title='bbox 504 2681 629 2756; x_wconf 90' lang='lat' dir='ltr'>debilis,</span> <span class='ocrx_word' id='word_1_250' title='bbox 659 2682 790 2742; x_wconf 87' lang='lat' dir='ltr'>accessit</span> <span class='ocrx_word' id='word_1_251' title='bbox 813 2683 911 2743; x_wconf 90' lang='lat' dir='ltr'>nobile</span> <span class='ocrx_word' id='word_1_252' title='bbox 936 2682 1081 2762; x_wconf 89' lang='lat' dir='ltr'>spatium,</span> <span class='ocrx_word' id='word_1_253' title='bbox 1111 2701 1164 2761; x_wconf 89' lang='lat' dir='ltr'>per</span> <span class='ocrx_word' id='word_1_254' title='bbox 1187 2682 1265 2761; x_wconf 90' lang='lat' dir='ltr'>quod</span> <span class='ocrx_word' id='word_1_255' title='bbox 1290 2691 1322 2744; x_wconf 92' lang='lat' dir='ltr'>et</span> <span class='ocrx_word' id='word_1_256' title='bbox 1352 2676 1441 2766; x_wconf 84' lang='grc' dir='ltr'>Ἰ,,</span> <span class='ocrx_word' id='word_1_257' title='bbox 1433 2703 1462 2744; x_wconf 88' lang='grc' dir='ltr'>ιι</span> <span class='ocrx_word' id='word_1_258' title='bbox 1484 2683 1592 2764; x_wconf 86' lang='lat' dir='ltr'>pn&#39;mnn</span> 
     </span>
     <span class='ocr_line' id='line_1_26' title="bbox 251 2765 1592 2854; baseline -0.001 -20"><span class='ocrx_word' id='word_1_259' title='bbox 251 2772 380 2834; x_wconf 86' lang='lat' dir='ltr'>refertur</span> <span class='ocrx_word' id='word_1_260' title='bbox 412 2771 547 2850; x_wconf 87' lang='lat' dir='ltr'>gradum.</span> <span class='ocrx_word' id='word_1_261' title='bbox 594 2773 639 2832; x_wconf 92' lang='lat' dir='ltr'>At</span> <span class='ocrx_word' id='word_1_262' title='bbox 662 2788 697 2830; x_wconf 89' lang='lat' dir='ltr'>eo</span> <span class='ocrx_word' id='word_1_263' title='bbox 717 2769 782 2849; x_wconf 92' lang='lat' dir='ltr'>jam</span> <span class='ocrx_word' id='word_1_264' title='bbox 806 2777 891 2831; x_wconf 90' lang='lat' dir='ltr'>caret</span> <span class='ocrx_word' id='word_1_265' title='bbox 919 2767 990 2851; x_wconf 64' lang='grc' dir='ltr'>Ἰη,</span> <span class='ocrx_word' id='word_1_266' title='bbox 1020 2778 1051 2830; x_wconf 84' lang='lat' dir='ltr'>et</span> <span class='ocrx_word' id='word_1_267' title='bbox 1084 2765 1132 2848; x_wconf 58' lang='grc' dir='ltr'>ἸΝ</span> <span class='ocrx_word' id='word_1_268' title='bbox 1160 2789 1195 2830; x_wconf 93' lang='lat' dir='ltr'>eo</span> <span class='ocrx_word' id='word_1_269' title='bbox 1219 2769 1328 2832; x_wconf 85' lang='lat' dir='ltr'>recidit</span> <span class='ocrx_word' id='word_1_270' title='bbox 1357 2790 1415 2851; x_wconf 94' lang='lat' dir='ltr'>quo</span> <span class='ocrx_word' id='word_1_271' title='bbox 1448 2768 1511 2854; x_wconf 63' lang='grc' dir='ltr'>Ἰ...</span> <span class='ocrx_word' id='word_1_272' title='bbox 1551 2769 1592 2834; x_wconf 84' lang='lat' dir='ltr'>Sir</span> 
     </span>
     <span class='ocr_line' id='line_1_27' title="bbox 250 2851 1592 2942; baseline 0.001 -21"><span class='ocrx_word' id='word_1_273' title='bbox 250 2879 317 2922; x_wconf 87' lang='lat' dir='ltr'>cunr</span> <span class='ocrx_word' id='word_1_274' title='bbox 342 2860 489 2920; x_wconf 89' lang='lat' dir='ltr'>subtensa</span> <span class='ocrx_word' id='word_1_275' title='bbox 513 2859 549 2919; x_wconf 93' lang='lat' dir='ltr'>dc</span> <span class='ocrx_word' id='word_1_276' title='bbox 572 2851 621 2938; x_wconf 80' lang='grc' dir='ltr'><em>Ἰ,,</em></span> <span class='ocrx_word' id='word_1_277' title='bbox 650 2867 732 2919; x_wconf 87' lang='lat' dir='ltr'>esset</span> <span class='ocrx_word' id='word_1_278' title='bbox 756 2877 791 2918; x_wconf 93' lang='lat' dir='ltr'>eo</span> <span class='ocrx_word' id='word_1_279' title='bbox 816 2860 880 2920; x_wconf 93' lang='lat' dir='ltr'>loco</span> <span class='ocrx_word' id='word_1_280' title='bbox 897 2879 954 2938; x_wconf 92' lang='lat' dir='ltr'>qno</span> <span class='ocrx_word' id='word_1_281' title='bbox 981 2854 1028 2942; x_wconf 76' lang='grc' dir='ltr'><em>Ἰ,,</em></span> <span class='ocrx_word' id='word_1_282' title='bbox 1052 2859 1184 2920; x_wconf 87' lang='lat' dir='ltr'>accessit</span> <span class='ocrx_word' id='word_1_283' title='bbox 1206 2858 1315 2921; x_wconf 87' lang='lat' dir='ltr'>nobilis</span> <span class='ocrx_word' id='word_1_284' title='bbox 1339 2861 1406 2940; x_wconf 86' lang='lat' dir='ltr'>ejus</span> <span class='ocrx_word' id='word_1_285' title='bbox 1431 2863 1471 2922; x_wconf 91' lang='lat' dir='ltr'>ad</span> <span class='ocrx_word' id='word_1_286' title='bbox 1495 2861 1592 2923; x_wconf 77' lang='lat' dir='ltr'>radium</span> 
     </span>
     <span class='ocr_line' id='line_1_28' title="bbox 249 2941 1592 3032; baseline -0.001 -23"><span class='ocrx_word' id='word_1_287' title='bbox 249 2948 413 3028; x_wconf 88' lang='lat' dir='ltr'>proportio,</span> <span class='ocrx_word' id='word_1_288' title='bbox 437 2947 540 3007; x_wconf 87' lang='lat' dir='ltr'>divina</span> <span class='ocrx_word' id='word_1_289' title='bbox 564 2948 655 3016; x_wconf 87' lang='lat' dir='ltr'>dicta,</span> <span class='ocrx_word' id='word_1_290' title='bbox 680 2966 733 3026; x_wconf 91' lang='lat' dir='ltr'>per</span> <span class='ocrx_word' id='word_1_291' title='bbox 757 2966 845 3027; x_wconf 90' lang='lat' dir='ltr'>quarn</span> <span class='ocrx_word' id='word_1_292' title='bbox 868 2949 956 3027; x_wconf 87' lang='lat' dir='ltr'>primi</span> <span class='ocrx_word' id='word_1_293' title='bbox 981 2948 1101 3010; x_wconf 89' lang='lat' dir='ltr'>honoris</span> <span class='ocrx_word' id='word_1_294' title='bbox 1126 2947 1263 3009; x_wconf 79' lang='lat' dir='ltr'>eflicitur.</span> <span class='ocrx_word' id='word_1_295' title='bbox 1300 2949 1409 3030; x_wconf 86' lang='lat' dir='ltr'>Itaque</span> <span class='ocrx_word' id='word_1_296' title='bbox 1442 2941 1475 3032; x_wconf 77' lang='grc' dir='ltr'><em>Ἰ,</em></span> <span class='ocrx_word' id='word_1_297' title='bbox 1502 2963 1546 3011; x_wconf 82' lang='lat' dir='ltr'>est</span> <span class='ocrx_word' id='word_1_298' title='bbox 1565 2967 1592 3008; x_wconf 87' lang='lat' dir='ltr'>eo</span> 
     </span>
     <span class='ocr_line' id='line_1_29' title="bbox 249 3028 1592 3118; baseline 0 -20"><span class='ocrx_word' id='word_1_299' title='bbox 249 3039 313 3099; x_wconf 91' lang='lat' dir='ltr'>loco</span> <span class='ocrx_word' id='word_1_300' title='bbox 337 3036 438 3114; x_wconf 90' lang='lat' dir='ltr'>posita</span> <span class='ocrx_word' id='word_1_301' title='bbox 460 3043 531 3114; x_wconf 90' lang='lat' dir='ltr'>post</span> <span class='ocrx_word' id='word_1_302' title='bbox 559 3031 624 3118; x_wconf 80' lang='grc' dir='ltr'><em>Ἰ,,,</em></span> <span class='ocrx_word' id='word_1_303' title='bbox 650 3055 707 3114; x_wconf 92' lang='lat' dir='ltr'>quo</span> <span class='ocrx_word' id='word_1_304' title='bbox 738 3032 767 3112; x_wconf 72' lang='lat'>¹„</span> <span class='ocrx_word' id='word_1_305' title='bbox 798 3044 868 3116; x_wconf 90' lang='lat' dir='ltr'>post</span> <span class='ocrx_word' id='word_1_306' title='bbox 899 3033 949 3115; x_wconf 80' lang='grc' dir='ltr'>Ἰ,,</span> <span class='ocrx_word' id='word_1_307' title='bbox 975 3037 1044 3116; x_wconf 91' lang='lat' dir='ltr'>quia</span> <span class='ocrx_word' id='word_1_308' title='bbox 1071 3037 1215 3098; x_wconf 90' lang='lat' dir='ltr'>subtensa</span> <span class='ocrx_word' id='word_1_309' title='bbox 1239 3036 1275 3096; x_wconf 89' lang='lat' dir='ltr'>de</span> <span class='ocrx_word' id='word_1_310' title='bbox 1306 3028 1337 3116; x_wconf 79' lang='grc' dir='ltr'><em>Ἰ,</em></span> <span class='ocrx_word' id='word_1_311' title='bbox 1367 3047 1474 3116; x_wconf 91' lang='lat' dir='ltr'>potest</span> <span class='ocrx_word' id='word_1_312' title='bbox 1495 3039 1592 3100; x_wconf 82' lang='lat' dir='ltr'>radium</span> 
     </span>
     <span class='ocr_line' id='line_1_30' title="bbox 249 3124 1592 3207; baseline 0.001 -22"><span class='ocrx_word' id='word_1_313' title='bbox 249 3133 280 3186; x_wconf 88' lang='lat' dir='ltr'>ct</span> <span class='ocrx_word' id='word_1_314' title='bbox 314 3124 378 3202; x_wconf 89' lang='lat' dir='ltr'>ejus</span> <span class='ocrx_word' id='word_1_315' title='bbox 416 3133 534 3204; x_wconf 86' lang='lat' dir='ltr'>partem</span> <span class='ocrx_word' id='word_1_316' title='bbox 572 3124 715 3202; x_wconf 89' lang='lat' dir='ltr'>rnajorern</span> <span class='ocrx_word' id='word_1_317' title='bbox 748 3125 793 3197; x_wconf 91' lang='lat' dir='ltr'>(h.</span> <span class='ocrx_word' id='word_1_318' title='bbox 826 3145 852 3184; x_wconf 90' lang='lat' dir='ltr'>c.</span> <span class='ocrx_word' id='word_1_319' title='bbox 887 3127 1067 3206; x_wconf 90' lang='lat' dir='ltr'>quadratum</span> <span class='ocrx_word' id='word_1_320' title='bbox 1103 3125 1208 3186; x_wconf 90' lang='lat' dir='ltr'>lateris</span> <span class='ocrx_word' id='word_1_321' title='bbox 1246 3125 1464 3207; x_wconf 81' lang='lat' dir='ltr'>quinquanguli</span> <span class='ocrx_word' id='word_1_322' title='bbox 1501 3127 1592 3188; x_wconf 77' lang='lat' dir='ltr'>circulo</span> 
     </span>
     <span class='ocr_line' id='line_1_31' title="bbox 252 3213 1592 3295; baseline -0.001 -21"><span class='ocrx_word' id='word_1_323' title='bbox 252 3213 388 3291; x_wconf 88' lang='lat' dir='ltr'>inscripti</span> <span class='ocrx_word' id='word_1_324' title='bbox 413 3220 523 3292; x_wconf 89' lang='lat' dir='ltr'>aequat</span> <span class='ocrx_word' id='word_1_325' title='bbox 547 3232 690 3273; x_wconf 87' lang='lat' dir='ltr'>summanr</span> <span class='ocrx_word' id='word_1_326' title='bbox 716 3215 854 3294; x_wconf 89' lang='lat' dir='ltr'>quadrati</span> <span class='ocrx_word' id='word_1_327' title='bbox 879 3215 955 3275; x_wconf 90' lang='lat' dir='ltr'>radii</span> <span class='ocrx_word' id='word_1_328' title='bbox 980 3224 1012 3275; x_wconf 89' lang='lat' dir='ltr'>et</span> <span class='ocrx_word' id='word_1_329' title='bbox 1029 3213 1166 3293; x_wconf 88' lang='lat' dir='ltr'>quadrati</span> <span class='ocrx_word' id='word_1_330' title='bbox 1192 3214 1295 3275; x_wconf 89' lang='lat' dir='ltr'>lateris</span> <span class='ocrx_word' id='word_1_331' title='bbox 1323 3216 1512 3295; x_wconf 80' lang='lat' dir='ltr'>dccanguli).</span> <span class='ocrx_word' id='word_1_332' title='bbox 1552 3213 1592 3276; x_wconf 84' lang='lat' dir='ltr'>Sic</span> 
     </span>
     <span class='ocr_line' id='line_1_32' title="bbox 250 3295 1591 3385; baseline -0.001 -21"><span class='ocrx_word' id='word_1_333' title='bbox 250 3311 280 3364; x_wconf 86' lang='lat' dir='ltr'>et</span> <span class='ocrx_word' id='word_1_334' title='bbox 309 3295 366 3383; x_wconf 76' lang='grc' dir='ltr'><em>3Ι,;</em></span> <span class='ocrx_word' id='word_1_335' title='bbox 392 3321 461 3362; x_wconf 89' lang='lat' dir='ltr'>uam</span> <span class='ocrx_word' id='word_1_336' title='bbox 485 3302 548 3380; x_wconf 89' lang='lat' dir='ltr'>ejus</span> <span class='ocrx_word' id='word_1_337' title='bbox 578 3302 725 3363; x_wconf 90' lang='lat' dir='ltr'>subteusa</span> <span class='ocrx_word' id='word_1_338' title='bbox 755 3303 850 3364; x_wconf 90' lang='lat' dir='ltr'>minor</span> <span class='ocrx_word' id='word_1_339' title='bbox 880 3313 928 3364; x_wconf 87' lang='lat' dir='ltr'>est</span> <span class='ocrx_word' id='word_1_340' title='bbox 960 3322 1047 3383; x_wconf 90' lang='lat' dir='ltr'>quarn</span> <span class='ocrx_word' id='word_1_341' title='bbox 1080 3304 1258 3382; x_wconf 85' lang='lat' dir='ltr'>quadratum</span> <span class='ocrx_word' id='word_1_342' title='bbox 1292 3304 1433 3367; x_wconf 88' lang='lat' dir='ltr'>diametri</span> <span class='ocrx_word' id='word_1_343' title='bbox 1465 3306 1591 3385; x_wconf 78' lang='lat' dir='ltr'>quadrato</span> 
     </span>
     <span class='ocr_line' id='line_1_33' title="bbox 248 3390 1590 3472; baseline 0.001 -21"><span class='ocrx_word' id='word_1_344' title='bbox 248 3392 344 3471; x_wconf 88' lang='lat' dir='ltr'>partis</span> <span class='ocrx_word' id='word_1_345' title='bbox 375 3390 497 3471; x_wconf 91' lang='lat' dir='ltr'>majoris</span> <span class='ocrx_word' id='word_1_346' title='bbox 522 3391 565 3462; x_wconf 90' lang='grc' dir='ltr'>(Ιι.</span> <span class='ocrx_word' id='word_1_347' title='bbox 591 3410 617 3452; x_wconf 89' lang='lat' dir='ltr'>e.</span> <span class='ocrx_word' id='word_1_348' title='bbox 643 3391 822 3470; x_wconf 89' lang='lat' dir='ltr'>quadratum</span> <span class='ocrx_word' id='word_1_349' title='bbox 851 3391 983 3469; x_wconf 76' lang='lat' dir='ltr'>diagonii</span> <span class='ocrx_word' id='word_1_350' title='bbox 1018 3391 1229 3471; x_wconf 83' lang='lat' dir='ltr'>quinquanguli</span> <span class='ocrx_word' id='word_1_351' title='bbox 1264 3402 1378 3472; x_wconf 87' lang='lat' dir='ltr'>aequat</span> <span class='ocrx_word' id='word_1_352' title='bbox 1409 3393 1590 3456; x_wconf 78' lang='lat' dir='ltr'>differentiam</span> 
     </span>
     <span class='ocr_line' id='line_1_34' title="bbox 249 3475 1591 3562; baseline -0.001 -22"><span class='ocrx_word' id='word_1_353' title='bbox 249 3480 389 3560; x_wconf 90' lang='lat' dir='ltr'>quadrati</span> <span class='ocrx_word' id='word_1_354' title='bbox 421 3480 559 3541; x_wconf 89' lang='lat' dir='ltr'>diametri</span> <span class='ocrx_word' id='word_1_355' title='bbox 593 3487 625 3540; x_wconf 90' lang='lat' dir='ltr'>et</span> <span class='ocrx_word' id='word_1_356' title='bbox 658 3480 797 3558; x_wconf 88' lang='lat' dir='ltr'>quadrati</span> <span class='ocrx_word' id='word_1_357' title='bbox 834 3482 938 3541; x_wconf 88' lang='lat' dir='ltr'>lateris</span> <span class='ocrx_word' id='word_1_358' title='bbox 977 3481 1160 3558; x_wconf 79' lang='lat' dir='ltr'>decanguli).</span> <span class='ocrx_word' id='word_1_359' title='bbox 1218 3479 1269 3541; x_wconf 92' lang='lat' dir='ltr'>Sic</span> <span class='ocrx_word' id='word_1_360' title='bbox 1310 3475 1361 3562; x_wconf 82' lang='grc' dir='ltr'><em>Ἰ,,</em></span> <span class='ocrx_word' id='word_1_361' title='bbox 1395 3501 1433 3542; x_wconf 91' lang='lat' dir='ltr'>eo</span> <span class='ocrx_word' id='word_1_362' title='bbox 1467 3484 1529 3545; x_wconf 89' lang='lat' dir='ltr'>loco</span> <span class='ocrx_word' id='word_1_363' title='bbox 1556 3495 1591 3540; x_wconf 64' lang='lat' dir='ltr'>est</span> 
     </span>
     <span class='ocr_line' id='line_1_35' title="bbox 249 3562 1590 3651; baseline 0 -21"><span class='ocrx_word' id='word_1_364' title='bbox 249 3577 388 3647; x_wconf 89' lang='lat' dir='ltr'>respectu</span> <span class='ocrx_word' id='word_1_365' title='bbox 419 3562 468 3647; x_wconf 80' lang='grc' dir='ltr'><em>Ἰ,,</em></span> <span class='ocrx_word' id='word_1_366' title='bbox 497 3569 545 3629; x_wconf 84' lang='lat' dir='ltr'>rel</span> <span class='ocrx_word' id='word_1_367' title='bbox 576 3563 621 3648; x_wconf 79' lang='lat' dir='ltr'>¹l„</span> <span class='ocrx_word' id='word_1_368' title='bbox 647 3586 702 3647; x_wconf 92' lang='lat' dir='ltr'>quo</span> <span class='ocrx_word' id='word_1_369' title='bbox 736 3570 798 3629; x_wconf 86' lang='lat' dir='ltr'>fere</span> <span class='ocrx_word' id='word_1_370' title='bbox 824 3578 871 3630; x_wconf 89' lang='lat' dir='ltr'>est</span> <span class='ocrx_word' id='word_1_371' title='bbox 902 3563 933 3651; x_wconf 78' lang='grc' dir='ltr'><em>Ἰ,</em></span> <span class='ocrx_word' id='word_1_372' title='bbox 963 3579 1101 3648; x_wconf 89' lang='lat' dir='ltr'>respectu</span> <span class='ocrx_word' id='word_1_373' title='bbox 1133 3562 1178 3650; x_wconf 72' lang='grc' dir='ltr'>Ἰ,.</span> <span class='ocrx_word' id='word_1_374' title='bbox 1226 3570 1268 3630; x_wconf 90' lang='lat' dir='ltr'>Ut</span> <span class='ocrx_word' id='word_1_375' title='bbox 1292 3570 1372 3631; x_wconf 89' lang='lat' dir='ltr'>eninr</span> <span class='ocrx_word' id='word_1_376' title='bbox 1402 3570 1590 3633; x_wconf 77' lang='lat' dir='ltr'>subteusade</span> 
     </span>
     <span class='ocr_line' id='line_1_36' title="bbox 256 3650 1591 3739; baseline 0 -23"><span class='ocrx_word' id='word_1_377' title='bbox 256 3650 287 3736; x_wconf 81' lang='grc' dir='ltr'><em>Ἰ,</em></span> <span class='ocrx_word' id='word_1_378' title='bbox 317 3664 428 3736; x_wconf 86' lang='lat' dir='ltr'>aequat</span> <span class='ocrx_word' id='word_1_379' title='bbox 415 3656 614 3717; x_wconf 88' lang='lat' dir='ltr'>tdimidium</span> <span class='ocrx_word' id='word_1_380' title='bbox 647 3656 804 3730; x_wconf 89' lang='lat' dir='ltr'>diametri,</span> <span class='ocrx_word' id='word_1_381' title='bbox 841 3658 885 3718; x_wconf 82' lang='lat' dir='ltr'>sic</span> <span class='ocrx_word' id='word_1_382' title='bbox 918 3660 1064 3719; x_wconf 89' lang='lat' dir='ltr'>subtensa</span> <span class='ocrx_word' id='word_1_383' title='bbox 1096 3658 1132 3716; x_wconf 92' lang='lat' dir='ltr'>de</span> <span class='ocrx_word' id='word_1_384' title='bbox 1169 3651 1218 3739; x_wconf 83' lang='grc' dir='ltr'><em>Ἰ,,</em></span> <span class='ocrx_word' id='word_1_385' title='bbox 1254 3659 1446 3737; x_wconf 79' lang='lat' dir='ltr'>componitur</span> <span class='ocrx_word' id='word_1_386' title='bbox 1478 3681 1513 3722; x_wconf 85' lang='lat' dir='ltr'>ex</span> <span class='ocrx_word' id='word_1_387' title='bbox 1540 3669 1591 3720; x_wconf 80' lang='lat' dir='ltr'>tota</span> 
     </span>
     <span class='ocr_line' id='line_1_37' title="bbox 249 3744 1589 3849; baseline 0.001 -44"><span class='ocrx_word' id='word_1_388' title='bbox 249 3744 473 3806; x_wconf 88' lang='lat' dir='ltr'>semidiametro</span> <span class='ocrx_word' id='word_1_389' title='bbox 494 3753 525 3805; x_wconf 92' lang='lat' dir='ltr'>et</span> <span class='ocrx_word' id='word_1_390' title='bbox 544 3746 609 3824; x_wconf 86' lang='lat' dir='ltr'>ejus</span> <span class='ocrx_word' id='word_1_391' title='bbox 634 3752 719 3823; x_wconf 90' lang='lat' dir='ltr'>parte</span> <span class='ocrx_word' id='word_1_392' title='bbox 743 3745 860 3849; x_wconf 79' lang='lat' dir='ltr'>majori.</span> <span class='ocrx_word' id='word_1_393' title='bbox 900 3748 1002 3848; x_wconf 83' lang='lat' dir='ltr'>Atque</span> <span class='ocrx_word' id='word_1_394' title='bbox 1021 3746 1069 3806; x_wconf 91' lang='lat' dir='ltr'>hic</span> <span class='ocrx_word' id='word_1_395' title='bbox 1091 3765 1206 3807; x_wconf 89' lang='lat' dir='ltr'>rursum</span> <span class='ocrx_word' id='word_1_396' title='bbox 1219 3765 1267 3808; x_wconf 94' lang='lat' dir='ltr'>me</span> <span class='ocrx_word' id='word_1_397' title='bbox 1292 3747 1420 3821; x_wconf 82' lang='lat' dir='ltr'>tenebis,</span> <span class='ocrx_word' id='word_1_398' title='bbox 1447 3749 1473 3809; x_wconf 83' lang='lat' dir='ltr'>si</span> <span class='ocrx_word' id='word_1_399' title='bbox 1492 3767 1589 3828; x_wconf 70' lang='lat' dir='ltr'>urgeas.</span> 
     </span>
     <span class='ocr_line' id='line_1_38' title="bbox 251 3829 1590 3935; baseline 0.002 -41"><span class='ocrx_word' id='word_1_400' title='bbox 251 3833 375 3894; x_wconf 86' lang='lat' dir='ltr'>lllirifice</span> <span class='ocrx_word' id='word_1_401' title='bbox 407 3834 514 3914; x_wconf 91' lang='lat' dir='ltr'>quippe</span> <span class='ocrx_word' id='word_1_402' title='bbox 549 3834 675 3913; x_wconf 89' lang='lat' dir='ltr'>trepido.</span> <span class='ocrx_word' id='word_1_403' title='bbox 721 3834 801 3895; x_wconf 88' lang='lat' dir='ltr'>Narn</span> <span class='ocrx_word' id='word_1_404' title='bbox 830 3836 856 3896; x_wconf 88' lang='lat' dir='ltr'>si</span> <span class='ocrx_word' id='word_1_405' title='bbox 887 3836 998 3914; x_wconf 86' lang='lat' dir='ltr'>recipio</span> <span class='ocrx_word' id='word_1_406' title='bbox 1029 3829 1077 3916; x_wconf 73' lang='grc' dir='ltr'>Ἰ,,</span> <span class='ocrx_word' id='word_1_407' title='bbox 1111 3845 1233 3935; x_wconf 88' lang='lat' dir='ltr'>propter</span> <span class='ocrx_word' id='word_1_408' title='bbox 1265 3838 1470 3900; x_wconf 75' lang='lat' dir='ltr'>accessorium</span> <span class='ocrx_word' id='word_1_409' title='bbox 1500 3835 1590 3898; x_wconf 90' lang='lat' dir='ltr'>nobili·</span> 
     </span>
     <span class='ocr_line' id='line_1_39' title="bbox 249 3917 1590 4008; baseline 0.003 -27"><span class='ocrx_word' id='word_1_410' title='bbox 249 3931 362 3989; x_wconf 90' lang='lat' dir='ltr'>tatem,</span> <span class='ocrx_word' id='word_1_411' title='bbox 395 3921 557 4001; x_wconf 90' lang='lat' dir='ltr'>recipiendi</span> <span class='ocrx_word' id='word_1_412' title='bbox 582 3931 707 3982; x_wconf 88' lang='lat' dir='ltr'>suntet</span> <span class='ocrx_word' id='word_1_413' title='bbox 736 3917 785 4005; x_wconf 79' lang='grc' dir='ltr'><em>Ἰ,,</em></span> <span class='ocrx_word' id='word_1_414' title='bbox 814 3932 845 3982; x_wconf 93' lang='lat' dir='ltr'>et</span> <span class='ocrx_word' id='word_1_415' title='bbox 876 3918 944 4006; x_wconf 83' lang='grc' dir='ltr'>3Ι,ιο</span> <span class='ocrx_word' id='word_1_416' title='bbox 970 3933 1039 3984; x_wconf 87' lang='lat' dir='ltr'>sunt</span> <span class='ocrx_word' id='word_1_417' title='bbox 1071 3923 1150 3984; x_wconf 85' lang='lat' dir='ltr'>eninr</span> <span class='ocrx_word' id='word_1_418' title='bbox 1180 3924 1384 3985; x_wconf 82' lang='lat' dir='ltr'>nobiliores</span> <span class='ocrx_word' id='word_1_419' title='bbox 1376 3926 1453 4005; x_wconf 78' lang='lat' dir='ltr'>ipsis</span> <span class='ocrx_word' id='word_1_420' title='bbox 1483 3919 1535 4008; x_wconf 84' lang='grc' dir='ltr'><em>Ἰ,,·</em></span> <span class='ocrx_word' id='word_1_421' title='bbox 1554 3919 1590 4002; x_wconf 83' lang='grc' dir='ltr'><em>Ι,.</em></span> 
     </span>
     <span class='ocr_line' id='line_1_40' title="bbox 252 4010 1590 4094; baseline 0.001 -25"><span class='ocrx_word' id='word_1_422' title='bbox 252 4027 326 4089; x_wconf 92' lang='lat' dir='ltr'>quos</span> <span class='ocrx_word' id='word_1_423' title='bbox 351 4010 388 4069; x_wconf 92' lang='lat' dir='ltr'>ad</span> <span class='ocrx_word' id='word_1_424' title='bbox 412 4010 610 4071; x_wconf 89' lang='lat' dir='ltr'>imitationem</span> <span class='ocrx_word' id='word_1_425' title='bbox 633 4011 764 4072; x_wconf 85' lang='lat' dir='ltr'>musicae</span> <span class='ocrx_word' id='word_1_426' title='bbox 789 4013 884 4073; x_wconf 89' lang='lat' dir='ltr'>solarn</span> <span class='ocrx_word' id='word_1_427' title='bbox 915 4031 1096 4092; x_wconf 87' lang='lat' dir='ltr'>receperam.</span> <span class='ocrx_word' id='word_1_428' title='bbox 1144 4012 1249 4092; x_wconf 81' lang='lat' dir='ltr'>Neque</span> <span class='ocrx_word' id='word_1_429' title='bbox 1279 4021 1380 4074; x_wconf 90' lang='lat' dir='ltr'>tamen</span> <span class='ocrx_word' id='word_1_430' title='bbox 1405 4015 1444 4075; x_wconf 92' lang='lat' dir='ltr'>de</span> <span class='ocrx_word' id='word_1_431' title='bbox 1468 4014 1590 4094; x_wconf 77' lang='lat' dir='ltr'>gradibus</span> 
     </span>
     <span class='ocr_line' id='line_1_41' title="bbox 249 4093 1589 4181; baseline 0.004 -21"><span class='ocrx_word' id='word_1_432' title='bbox 249 4093 665 4178; x_wconf 79' lang='lat' dir='ltr'>36,108quicquam1nrni</span> <span class='ocrx_word' id='word_1_433' title='bbox 690 4107 811 4161; x_wconf 91' lang='lat' dir='ltr'>constat</span> <span class='ocrx_word' id='word_1_434' title='bbox 833 4122 888 4181; x_wconf 91' lang='lat' dir='ltr'>per</span> <span class='ocrx_word' id='word_1_435' title='bbox 913 4101 1140 4181; x_wconf 82' lang='lat' dir='ltr'>experientiam.</span> <span class='ocrx_word' id='word_1_436' title='bbox 1184 4100 1226 4163; x_wconf 87' lang='lat' dir='ltr'>Et</span> <span class='ocrx_word' id='word_1_437' title='bbox 1247 4108 1280 4162; x_wconf 95' lang='lat' dir='ltr'>ut</span> <span class='ocrx_word' id='word_1_438' title='bbox 1303 4121 1420 4164; x_wconf 91' lang='lat' dir='ltr'>mecum</span> <span class='ocrx_word' id='word_1_439' title='bbox 1445 4104 1589 4166; x_wconf 71' lang='lat' dir='ltr'>detinear</span> 
     </span>
     <span class='ocr_line' id='line_1_42' title="bbox 249 4187 1590 4271; baseline 0.002 -24"><span class='ocrx_word' id='word_1_440' title='bbox 249 4187 350 4266; x_wconf 89' lang='lat' dir='ltr'>possis</span> <span class='ocrx_word' id='word_1_441' title='bbox 366 4187 402 4248; x_wconf 93' lang='lat' dir='ltr'>de</span> <span class='ocrx_word' id='word_1_442' title='bbox 418 4188 549 4267; x_wconf 85' lang='lat' dir='ltr'>genuina</span> <span class='ocrx_word' id='word_1_443' title='bbox 568 4207 661 4249; x_wconf 89' lang='lat' dir='ltr'>causa</span> <span class='ocrx_word' id='word_1_444' title='bbox 685 4198 869 4268; x_wconf 85' lang='lat' dir='ltr'>aspectuum,</span> <span class='ocrx_word' id='word_1_445' title='bbox 895 4190 1005 4251; x_wconf 87' lang='lat' dir='ltr'>faciam</span> <span class='ocrx_word' id='word_1_446' title='bbox 1028 4190 1172 4271; x_wconf 82' lang='lat' dir='ltr'>synrpsiu</span> <span class='ocrx_word' id='word_1_447' title='bbox 1198 4190 1415 4270; x_wconf 85' lang='lat' dir='ltr'>disputationis</span> <span class='ocrx_word' id='word_1_448' title='bbox 1439 4189 1590 4254; x_wconf 74' lang='lat' dir='ltr'>decennalia</span> 
     </span>
    </p>
   </div>
   <div class='ocr_carea' id='block_1_7' title="bbox 244 4276 432 4386">
    <p class='ocr_par' dir='ltr' id='par_1_7' title="bbox 244 4276 432 4386">
     <span class='ocr_line' id='line_1_43' title="bbox 244 4276 432 4386; baseline -0.011 -49"><span class='ocrx_word' id='word_1_449' title='bbox 244 4276 286 4386; x_wconf 67' lang='lat' dir='ltr'>de</span> <span class='ocrx_word' id='word_1_450' title='bbox 310 4277 366 4337; x_wconf 88' lang='lat' dir='ltr'>hac</span> <span class='ocrx_word' id='word_1_451' title='bbox 390 4296 432 4338; x_wconf 92' lang='lat' dir='ltr'>re.</span> 
     </span>
    </p>
   </div>
   <div class='ocr_carea' id='block_1_8' title="bbox 248 4381 1589 4912">
    <p class='ocr_par' dir='ltr' id='par_1_8' title="bbox 248 4381 1589 4912">
     <span class='ocr_line' id='line_1_44' title="bbox 337 4381 1589 4463; baseline 0.001 -20"><span class='ocrx_word' id='word_1_452' title='bbox 337 4381 371 4443; x_wconf 90' lang='lat' dir='ltr'>Si</span> <span class='ocrx_word' id='word_1_453' title='bbox 395 4390 573 4461; x_wconf 85' lang='lat' dir='ltr'>aspectuum</span> <span class='ocrx_word' id='word_1_454' title='bbox 597 4382 703 4442; x_wconf 77' lang='lat' dir='ltr'>eadent</span> <span class='ocrx_word' id='word_1_455' title='bbox 728 4392 775 4443; x_wconf 87' lang='lat' dir='ltr'>est</span> <span class='ocrx_word' id='word_1_456' title='bbox 795 4403 897 4456; x_wconf 87' lang='lat' dir='ltr'>causa,</span> <span class='ocrx_word' id='word_1_457' title='bbox 923 4403 998 4463; x_wconf 90' lang='lat' dir='ltr'>quae</span> <span class='ocrx_word' id='word_1_458' title='bbox 1014 4383 1253 4445; x_wconf 88' lang='lat' dir='ltr'>harmonicarum</span> <span class='ocrx_word' id='word_1_459' title='bbox 1276 4383 1409 4447; x_wconf 88' lang='lat' dir='ltr'>chordae</span> <span class='ocrx_word' id='word_1_460' title='bbox 1433 4387 1589 4449; x_wconf 76' lang='lat' dir='ltr'>divisionum</span> 
     </span>
     <span class='ocr_line' id='line_1_45' title="bbox 249 4470 1588 4553; baseline 0.004 -22"><span class='ocrx_word' id='word_1_461' title='bbox 249 4471 277 4531; x_wconf 95' lang='lat' dir='ltr'>in</span> <span class='ocrx_word' id='word_1_462' title='bbox 303 4470 360 4531; x_wconf 91' lang='lat' dir='ltr'>dno</span> <span class='ocrx_word' id='word_1_463' title='bbox 384 4491 485 4533; x_wconf 90' lang='lat' dir='ltr'>secum</span> <span class='ocrx_word' id='word_1_464' title='bbox 509 4478 630 4531; x_wconf 90' lang='lat' dir='ltr'>etcum</span> <span class='ocrx_word' id='word_1_465' title='bbox 654 4480 720 4531; x_wconf 85' lang='lat' dir='ltr'>tota</span> <span class='ocrx_word' id='word_1_466' title='bbox 749 4473 978 4543; x_wconf 87' lang='lat' dir='ltr'>concordantia,</span> <span class='ocrx_word' id='word_1_467' title='bbox 1009 4483 1080 4534; x_wconf 92' lang='lat' dir='ltr'>tunc</span> <span class='ocrx_word' id='word_1_468' title='bbox 1105 4473 1293 4534; x_wconf 83' lang='lat' dir='ltr'>adsciscendi</span> <span class='ocrx_word' id='word_1_469' title='bbox 1326 4485 1452 4553; x_wconf 88' lang='lat' dir='ltr'>praeter</span> <span class='ocrx_word' id='word_1_470' title='bbox 1475 4487 1588 4537; x_wconf 77' lang='lat' dir='ltr'>reterre:</span> 
     </span>
     <span class='ocr_line' id='line_1_46' title="bbox 248 4558 1588 4642; baseline 0.002 -23"><span class='ocrx_word' id='word_1_471' title='bbox 248 4558 392 4639; x_wconf 88' lang='lat' dir='ltr'>quintilis,</span> <span class='ocrx_word' id='word_1_472' title='bbox 418 4558 593 4640; x_wconf 90' lang='lat' dir='ltr'>biquintilis,</span> <span class='ocrx_word' id='word_1_473' title='bbox 618 4561 821 4639; x_wconf 89' lang='lat' dir='ltr'>sesquadrus;</span> <span class='ocrx_word' id='word_1_474' title='bbox 846 4562 1050 4622; x_wconf 87' lang='lat' dir='ltr'>excludendus</span> <span class='ocrx_word' id='word_1_475' title='bbox 1074 4563 1265 4623; x_wconf 87' lang='lat' dir='ltr'>semisextns.</span> <span class='ocrx_word' id='word_1_476' title='bbox 1313 4563 1513 4642; x_wconf 74' lang='lat' dir='ltr'>Experieutia</span> <span class='ocrx_word' id='word_1_477' title='bbox 1531 4581 1588 4624; x_wconf 85' lang='lat' dir='ltr'>corr·</span> 
     </span>
     <span class='ocr_line' id='line_1_47' title="bbox 248 4648 1588 4731; baseline 0.005 -23"><span class='ocrx_word' id='word_1_478' title='bbox 248 4648 346 4708; x_wconf 86' lang='lat' dir='ltr'>firmat</span> <span class='ocrx_word' id='word_1_479' title='bbox 377 4648 550 4726; x_wconf 89' lang='lat' dir='ltr'>quintilem,</span> <span class='ocrx_word' id='word_1_480' title='bbox 585 4648 772 4727; x_wconf 90' lang='lat' dir='ltr'>biquintilcm</span> <span class='ocrx_word' id='word_1_481' title='bbox 805 4657 837 4709; x_wconf 90' lang='lat' dir='ltr'>ct</span> <span class='ocrx_word' id='word_1_482' title='bbox 874 4651 1087 4724; x_wconf 87' lang='lat' dir='ltr'>semisextum,</span> <span class='ocrx_word' id='word_1_483' title='bbox 1129 4652 1182 4712; x_wconf 86' lang='lat' dir='ltr'>sed</span> <span class='ocrx_word' id='word_1_484' title='bbox 1220 4651 1420 4731; x_wconf 86' lang='lat' dir='ltr'>sesquadrum</span> <span class='ocrx_word' id='word_1_485' title='bbox 1457 4653 1588 4715; x_wconf 78' lang='lat' dir='ltr'>contrua</span> 
     </span>
     <span class='ocr_line' id='line_1_48' title="bbox 248 4699 1589 4818; baseline 0.002 -23"><span class='ocrx_word' id='word_1_486' title='bbox 248 4734 404 4796; x_wconf 88' lang='lat' dir='ltr'>obscurius</span> <span class='ocrx_word' id='word_1_487' title='bbox 429 4743 461 4796; x_wconf 90' lang='lat' dir='ltr'>et</span> <span class='ocrx_word' id='word_1_488' title='bbox 488 4736 588 4796; x_wconf 94' lang='lat' dir='ltr'>dubie</span> <span class='ocrx_word' id='word_1_489' title='bbox 635 4734 669 4796; x_wconf 87' lang='lat' dir='ltr'>Si</span> <span class='ocrx_word' id='word_1_490' title='bbox 698 4746 852 4815; x_wconf 81' lang='lat' dir='ltr'>aspertum</span> <span class='ocrx_word' id='word_1_491' title='bbox 884 4739 957 4799; x_wconf 87' lang='lat' dir='ltr'>facit</span> <span class='ocrx_word' id='word_1_492' title='bbox 995 4699 1137 4801; x_wconf 86' lang='lat' dir='ltr'>nobilitas</span> <span class='ocrx_word' id='word_1_493' title='bbox 1169 4739 1359 4818; x_wconf 81' lang='lat' dir='ltr'>aeqrrationis</span> <span class='ocrx_word' id='word_1_494' title='bbox 1392 4741 1589 4804; x_wconf 79' lang='lat' dir='ltr'>subtensaeet</span> 
     </span>
     <span class='ocr_line' id='line_1_49' title="bbox 250 4821 1588 4912; baseline 0.007 -30"><span class='ocrx_word' id='word_1_495' title='bbox 250 4823 389 4884; x_wconf 90' lang='lat' dir='ltr'>diametri</span> <span class='ocrx_word' id='word_1_496' title='bbox 414 4826 494 4897; x_wconf 90' lang='lat' dir='ltr'>sola,</span> <span class='ocrx_word' id='word_1_497' title='bbox 525 4833 595 4885; x_wconf 91' lang='lat' dir='ltr'>tunc</span> <span class='ocrx_word' id='word_1_498' title='bbox 620 4825 789 4886; x_wconf 86' lang='lat' dir='ltr'>excluditur</span> <span class='ocrx_word' id='word_1_499' title='bbox 813 4827 1012 4904; x_wconf 86' lang='lat' dir='ltr'>sesquadrus,</span> <span class='ocrx_word' id='word_1_500' title='bbox 1038 4828 1181 4907; x_wconf 79' lang='lat' dir='ltr'>recipitur</span> <span class='ocrx_word' id='word_1_501' title='bbox 1212 4823 1275 4909; x_wconf 79' lang='grc' dir='ltr'>’,Ι,ο</span> <span class='ocrx_word' id='word_1_502' title='bbox 1306 4821 1375 4910; x_wconf 78' lang='grc' dir='ltr'><em>Ἰ,,,</em></span> <span class='ocrx_word' id='word_1_503' title='bbox 1407 4827 1472 4912; x_wconf 79' lang='grc' dir='ltr'><em>Ἰ,,,</em></span> <span class='ocrx_word' id='word_1_504' title='bbox 1499 4824 1588 4908; x_wconf 62' lang='grc'><em>’1,,8</em></span> 
     </span>
    </p>
   </div>
   <div class='ocr_carea' id='block_1_9' title="bbox 1051 2379 1587 2460">
    <p class='ocr_par' dir='ltr' id='par_1_9' title="bbox 1051 2379 1587 2460">
     <span class='ocr_line' id='line_1_50' title="bbox 1051 2379 1587 2460; baseline 0.009 -21"><span class='ocrx_word' id='word_1_505' title='bbox 1051 2389 1083 2440; x_wconf 88' lang='lat' dir='ltr'>et</span> <span class='ocrx_word' id='word_1_506' title='bbox 1121 2380 1165 2440; x_wconf 90' lang='lat' dir='ltr'>sie</span> <span class='ocrx_word' id='word_1_507' title='bbox 1201 2387 1432 2459; x_wconf 87' lang='lat' dir='ltr'>consequenter.</span> <span class='ocrx_word' id='word_1_508' title='bbox 1481 2381 1530 2445; x_wconf 88' lang='lat' dir='ltr'>Sic</span> <span class='ocrx_word' id='word_1_509' title='bbox 1563 2379 1587 2460; x_wconf 87' lang='grc' dir='ltr'>ἰ,</span> 
     </span>
    </p>
   </div>
   <div class='ocr_carea' id='block_1_10' title="bbox 250 4902 1588 5090">
    <p class='ocr_par' dir='ltr' id='par_1_10' title="bbox 250 4902 1588 5090">
     <span class='ocr_line' id='line_1_51' title="bbox 255 4902 1588 5000; baseline 0.007 -27.061"><span class='ocrx_word' id='word_1_510' title='bbox 255 4902 318 4988; x_wconf 81' lang='grc' dir='ltr'><em>Ἰ,,</em></span> <span class='ocrx_word' id='word_1_511' title='bbox 365 4911 391 4972; x_wconf 89' lang='lat' dir='ltr'>F</span> <span class='ocrx_word' id='word_1_512' title='bbox 394 4913 562 4991; x_wconf 85' lang='lat' dir='ltr'>rperrentra</span> <span class='ocrx_word' id='word_1_513' title='bbox 590 4915 745 4974; x_wconf 87' lang='lat' dir='ltr'>confirmat</span> <span class='ocrx_word' id='word_1_514' title='bbox 777 4909 838 4993; x_wconf 79' lang='lat' dir='ltr'>¹l„,</span> <span class='ocrx_word' id='word_1_515' title='bbox 871 4910 935 4994; x_wconf 81' lang='grc' dir='ltr'><em>’,Ι,,</em></span> <span class='ocrx_word' id='word_1_516' title='bbox 965 4911 1030 4995; x_wconf 82' lang='grc' dir='ltr'><em>’,Ι,,</em></span> <span class='ocrx_word' id='word_1_517' title='bbox 1057 4917 1084 4979; x_wconf 89' lang='lat' dir='ltr'>h.</span> <span class='ocrx_word' id='word_1_518' title='bbox 1111 4936 1137 4977; x_wconf 94' lang='lat' dir='ltr'>e</span> <span class='ocrx_word' id='word_1_519' title='bbox 1163 4919 1373 4990; x_wconf 86' lang='lat' dir='ltr'>senrisextum,</span> <span class='ocrx_word' id='word_1_520' title='bbox 1402 4921 1588 5000; x_wconf 67' lang='lat' dir='ltr'>quinniens</span> 
     </span>
     <span class='ocr_line' id='line_1_52' title="bbox 250 4996 1586 5090; baseline 0.009 -35"><span class='ocrx_word' id='word_1_521' title='bbox 250 4996 446 5076; x_wconf 90' lang='lat' dir='ltr'>biquintilcm,</span> <span class='ocrx_word' id='word_1_522' title='bbox 472 5002 644 5083; x_wconf 88' lang='lat' dir='ltr'>relinquit</span> <span class='ocrx_word' id='word_1_523' title='bbox 638 5022 666 5064; x_wconf 89' lang='grc' dir='ltr'>ιι</span> <span class='ocrx_word' id='word_1_524' title='bbox 686 5002 774 5064; x_wconf 89' lang='lat' dir='ltr'>dubio</span> <span class='ocrx_word' id='word_1_525' title='bbox 799 5004 1006 5083; x_wconf 84' lang='lat' dir='ltr'>sesquadrum,</span> <span class='ocrx_word' id='word_1_526' title='bbox 1039 5001 1101 5084; x_wconf 79' lang='grc' dir='ltr'><em>Ἰ,,,</em></span> <span class='ocrx_word' id='word_1_527' title='bbox 1125 4999 1189 5086; x_wconf 80' lang='grc' dir='ltr'><em>3Ι,,.</em></span> <span class='ocrx_word' id='word_1_528' title='bbox 1227 5005 1370 5069; x_wconf 90' lang='lat' dir='ltr'>Nondum</span> <span class='ocrx_word' id='word_1_529' title='bbox 1392 5008 1485 5090; x_wconf 77' lang='lat' dir='ltr'>igitur</span> <span class='ocrx_word' id='word_1_530' title='bbox 1505 5007 1586 5086; x_wconf 75' lang='lat' dir='ltr'>liant</span> 
     </span>
    </p>
   </div>
   <div class='ocr_carea' id='block_1_11' title="bbox 0 0 1853 5842">
    <p class='ocr_par' dir='ltr' id='par_1_11' title="bbox 0 0 1853 5842">
     <span class='ocr_line' id='line_1_53' title="bbox 0 0 1853 5842; baseline 0 0"><span class='ocrx_word' id='word_1_531' title='bbox 0 0 1853 5842; x_wconf 95' lang='lat' dir='ltr'> </span> 
     </span>
    </p>
   </div>
  </div>
 </body>
</html>
