3692 5842
247 473 311 540 128
838 480 999 533 Prooemium.

248 653 472 716 adamantinum
496 654 628 716 restituti
654 674 707 733 per
731 658 902 739 Tyclronem
926 659 1027 720 Brahe
1051 668 1149 720 motus
1165 657 1246 720 Solis
1270 659 1453 739 lixarumque
1477 660 1605 723 ordina·

245 750 344 802 tarum
379 742 540 815 extructis)
574 746 772 823 complectar,
811 767 898 827 quam
934 749 1072 809 clavem
1106 748 1366 809 astronomiae
1398 748 1606 826 penitioris

245 829 343 891 dicere
367 850 458 912 posse
483 831 554 893 milri
578 832 689 895 videor.

332 917 430 982 Vides
454 920 549 981 amice
573 921 682 996 lector,
713 943 769 1003 quo
794 924 859 985 loco
884 923 1070 985 astronomia
1093 922 1265 1003 Tychonica
1288 923 1345 984 hoo
1369 932 1418 985 est
1442 924 1605 988 verissima

245 1016 275 1070 et
300 1009 537 1089 exquisitissima
560 1020 706 1074 versetur.
745 1013 906 1075 Materiam
931 1014 970 1074 ad
986 1012 1150 1073 aedificium
1176 1012 1306 1072 futurum
1330 1013 1603 1091 locupletissimam

242 1098 398 1177 congessit
422 1099 451 1159 in
475 1098 569 1161 libros
593 1100 850 1163 observationum:
885 1103 950 1180 ejus
974 1100 1117 1162 materiae
1153 1101 1335 1180 probitatem
1359 1101 1389 1162 in
1416 1103 1605 1165 mechanicis

245 1188 481 1249 demonstrarit:
507 1187 703 1251 fundamenta
718 1190 822 1250 domus
847 1192 903 1252 duo
926 1190 1095 1251 firmissima
1115 1190 1204 1266 jecit,
1229 1197 1263 1250 ut
1281 1190 1347 1267 jam
1372 1189 1449 1264 dixi,
1476 1192 1603 1254 fixarum

244 1276 384 1356 catalogo
408 1275 603 1338 subtilissime
628 1286 660 1338 et
683 1278 838 1340 verissime
872 1280 1043 1358 descripto,
1077 1278 1125 1357 qui
1147 1278 1295 1339 caementi
1320 1278 1425 1357 optimi
1451 1279 1519 1341 loco
1544 1281 1604 1342 fuit

245 1365 360 1445 eritque
385 1366 424 1426 ad
449 1366 604 1427 materiam
629 1367 871 1429 observationum
897 1367 1176 1446 conglutinandam:
1213 1374 1243 1427 et
1275 1366 1394 1428 theoria
1418 1366 1501 1430 Solis
1526 1389 1602 1431 con·

245 1454 370 1529 stituta,
396 1473 471 1535 quae
497 1454 592 1533 ipsum
618 1457 801 1517 fundamenti
827 1458 915 1517 robur
939 1457 1032 1517 habet
1055 1456 1211 1535 mediaque
1226 1456 1364 1516 columna
1380 1465 1444 1531 est,
1470 1459 1603 1525 fornices

245 1562 347 1604 omnes
373 1544 411 1603 ad
436 1542 590 1621 fastigium
615 1564 707 1625 usque
732 1547 889 1626 complexa
912 1546 1022 1606 ostium
1047 1544 1137 1604 etiarn
1167 1563 1233 1605 oum
1259 1545 1411 1605 testudine
1436 1547 1476 1607 ad
1501 1548 1603 1609 omnia

244 1632 399 1693 conclavia
422 1632 601 1711 pertinente.
649 1635 790 1695 Frontem
823 1654 894 1695 vero
928 1635 1032 1694 domus
1066 1633 1104 1694 ad
1137 1633 1224 1693 finem
1257 1633 1413 1711 perduxit,
1450 1634 1601 1696 theoriam

244 1721 310 1782 dico
335 1720 455 1793 Lunae,
484 1721 657 1799 primarium
690 1724 835 1802 palatium
865 1732 896 1784 et
919 1722 1083 1803 porticum;
1117 1730 1149 1781 ut
1177 1722 1242 1798 jam
1277 1722 1382 1782 domus
1415 1722 1601 1785 habitationi

243 1818 316 1889 apta
339 1808 395 1884 sit,
421 1810 466 1870 cui
492 1809 520 1869 in
545 1811 621 1871 huno
645 1832 730 1872 nsum
753 1813 808 1873 hoc
834 1812 935 1873 libello
951 1812 1100 1873 fenestrae
1121 1820 1152 1870 et
1175 1809 1277 1869 scalae
1301 1810 1413 1890 partim
1438 1813 1599 1882 accedunt,

243 1899 354 1977 partim
378 1900 520 1959 effractae
545 1909 736 1979 reponuntur.
784 1901 955 1962 rlrmarinm
979 1920 1031 1960 seu
1056 1898 1184 1959 Tlreoria
1208 1899 1318 1960 Martis
1342 1911 1516 1962 extructum
1540 1915 1600 1974 est,

245 1987 352 2047 valvae
377 2005 429 2047 seu
446 1986 537 2048 editio
553 1988 725 2067 propediem
740 1990 894 2050 accedent.
932 1989 1043 2050 Restat
1058 1988 1185 2058 officina,
1207 1988 1381 2061 oratorium,
1403 1991 1601 2053 coenaculum

243 2094 309 2138 cum
333 2075 481 2149 thalamo,
507 2095 656 2138 museum:
682 2079 788 2158 quibus
813 2078 948 2139 omuibus
973 2077 1064 2137 altius
1088 2076 1257 2136 tabulatum
1281 2087 1509 2155 superstructur
1534 2080 1599 2141 loco

241 2164 461 2245 speculae„ad
491 2165 668 2244 capiendum
700 2169 866 2228 seculorum
898 2173 1104 2245 prospectum,
1130 2164 1247 2224 theoria
1271 2173 1381 2226 octava
1405 2175 1436 2227 et
1461 2186 1600 2247 apogaea

243 2256 445 2334 planetarum
480 2253 601 2315 rudibus
626 2255 679 2317 illa
703 2256 820 2334 quidem
846 2254 995 2335 aliquibus
1018 2264 1049 2314 et
1078 2252 1157 2314 carie
1182 2253 1328 2314 confectis
1353 2255 1491 2316 trabibus
1516 2257 1600 2319 anti·

242 2362 366 2423 quarum
390 2343 632 2404 observationum
657 2344 846 2418 intermixta;
881 2344 935 2405 sed
965 2354 1065 2404 tamen
1094 2350 1125 2402 et
1148 2342 1205 2402 bae
1229 2351 1372 2420 quantum
1405 2345 1469 2405 fieri
1494 2355 1600 2429 potest

244 2431 395 2511 polientur
419 2440 450 2492 et
474 2432 701 2493 solidabuntur:
727 2444 761 2495 ut
784 2435 910 2512 denique
927 2442 1039 2493 tectum
1055 2449 1108 2491 seu
1132 2449 1265 2491 summus
1281 2451 1359 2511 apex
1374 2432 1600 2496 Tabularum

241 2520 432 2600 Rodolphi
457 2521 566 2599 imponi
591 2530 690 2600 queat.
738 2523 825 2591 Quod
850 2530 884 2582 ut
907 2521 1003 2601 primo
1028 2538 1143 2599 quoque
1169 2528 1302 2598 tempore
1327 2521 1389 2582 lieri
1422 2523 1539 2601 possit,
1573 2522 1599 2584 si

242 2609 361 2690 quidem
387 2610 602 2670 astronomiam
626 2610 826 2689 Tychonicam
851 2630 953 2684 amas,
980 2627 1094 2670 mecum
1119 2608 1214 2668 Deum
1240 2605 1313 2687 Opt.
1330 2608 1414 2671 lllax.
1436 2629 1542 2687 exora,
1566 2621 1601 2674 nt

240 2697 393 2778 Rudolphi
418 2696 560 2759 Caesaris
585 2700 677 2759 armis
701 2700 829 2778 juratum
860 2700 942 2760 illum
966 2696 1131 2758 Christiani
1156 2696 1284 2757 nominis
1308 2697 1427 2760 hostem
1451 2701 1599 2780 reprimat

240 2787 457 2866 victoriamque
490 2787 599 2866 populo
633 2806 688 2850 suo
722 2790 876 2868 largiatur.
924 2787 958 2847 ld
982 2786 1061 2847 enim
1085 2785 1110 2845 si
1135 2786 1189 2846 liat
1212 2785 1332 2847 dubium
1356 2807 1414 2848 uon
1440 2801 1499 2862 ost,
1526 2790 1597 2870 quin

242 2877 410 2956 Imperator
425 2873 676 2953 sapientissimus
700 2889 815 2939 sumtus
840 2877 978 2948 idoneos,
1003 2875 1079 2953 quod
1104 2893 1159 2933 nec
1182 2874 1229 2934 his
1254 2875 1400 2937 bellorum
1425 2878 1525 2940 turbis
1548 2880 1599 2940 in-

244 2964 400 3037 termittit,
425 2972 494 3024 tunc
519 2966 755 3027 cumulatissime
780 2966 1023 3045 suppeditaturus
1048 2963 1097 3022 sit.

333 3049 419 3121 Quae
438 3052 467 3113 in
492 3055 676 3115 astronomia
700 3056 797 3133 optice
822 3053 1040 3116 consideranda
1070 3050 1209 3125 veniunt,
1244 3053 1291 3113 rel
1325 3060 1397 3114 sunt
1428 3071 1480 3113 res
1513 3054 1601 3135 ipsae

243 3141 321 3203 visui
345 3142 534 3220 propositae,
570 3144 618 3204 ubi
643 3145 870 3205 considerantur
894 3161 991 3204 rerum
1015 3139 1148 3219 species,
1181 3160 1234 3200 seu
1259 3141 1309 3202 lux
1334 3151 1365 3201 et
1393 3142 1516 3216 umbra,
1550 3144 1601 3206 rel

242 3229 386 3303 medium,
411 3248 464 3308 per
488 3232 565 3309 quod
590 3233 640 3293 lux
665 3232 830 3311 specierum
856 3231 1020 3291 vehiculum
1045 3228 1172 3299 transit,
1196 3228 1281 3307 cujus
1305 3249 1398 3290 causa
1422 3231 1474 3292 lux
1498 3233 1603 3312 aliqua

243 3321 376 3380 refracta
400 3319 437 3379 ad
462 3338 516 3379 nos
541 3322 692 3399 perrenit3
717 3321 764 3380 rel
790 3320 915 3399 denique
941 3321 1166 3379 instrumentum
1191 3317 1332 3379 visorium
1357 3339 1410 3380 seu
1434 3321 1553 3383 oculus.

330 3407 460 3469 Rursum
485 3426 532 3469 res
557 3410 641 3489 ipsae
666 3410 714 3468 vel
738 3416 807 3469 sunt
822 3426 948 3485 corpora
962 3406 1115 3476 coelestia,
1139 3405 1231 3475 Solis,
1254 3407 1358 3467 Lunae
1374 3417 1405 3468 et
1429 3409 1600 3484 stellarum,

242 3498 290 3559 rel
313 3504 411 3557 motus
436 3498 482 3557 rel
508 3497 585 3559 situs
609 3516 777 3576 corporum.
824 3497 869 3556 De
895 3495 1067 3572 corporibus
1092 3495 1153 3572 jure
1179 3494 1348 3574 incipimus.
1396 3496 1432 3557 Iu
1457 3499 1599 3578 corpori-

242 3586 297 3647 bus
322 3594 420 3646 autem
444 3587 643 3647 astronomice
669 3586 739 3646 uilril
760 3585 826 3662 jam
851 3584 1087 3655 consideramus,
1114 3582 1169 3642 nisi
1194 3602 1295 3645 eorum
1321 3585 1470 3663 speciem,
1507 3607 1599 3667 quam

241 3675 279 3735 ad
305 3693 357 3735 nos
382 3675 525 3735 beneficio
551 3674 626 3733 lucis
651 3692 709 3752 qua
740 3673 879 3752 praedita
909 3681 980 3732 snut
1004 3671 1177 3744 demittunt,
1212 3671 1337 3753 ejusque
1362 3675 1492 3752 speciei,
1519 3675 1604 3739 Solis

240 3764 418 3842 praesertim
442 3773 473 3822 et
498 3763 616 3835 Lunae,
642 3762 679 3822 de
703 3761 796 3821 Terra
820 3780 889 3821 vero
915 3760 1051 3833 umbrae,
1077 3762 1200 3836 figuram
1226 3771 1257 3821 et
1282 3765 1500 3841 quantitatem.

330 3850 528 3911 habilissima
552 3851 630 3911 enim
656 3858 688 3910 et
712 3850 921 3929 antiquissima
936 3868 1007 3928 pars
1032 3858 1079 3908 est
1103 3852 1305 3912 astronomiae
1336 3849 1419 3913 Solis
1441 3862 1475 3913 et
1493 3852 1601 3914 Lunae

178 3925 183 3936 ”
241 3939 394 4010 defectus,
418 3958 481 4014 res,
507 3948 540 3999 ut
563 3939 679 4000 Plinius
704 3938 765 4008 ait,
797 3938 825 3998 in
850 3947 916 3998 tota
941 3947 1065 3997 naturae
1089 3939 1344 4016 contemplatione
1369 3941 1500 4002 maxime
1525 3943 1604 4004 mira

240 4038 273 4089 et
295 4035 414 4088 ostento
438 4028 554 4090 similis.
594 4025 693 4098 Quam
716 4027 764 4107 qui
789 4026 949 4105 diligenter
963 4023 1155 4104 perpenderit
1179 4024 1327 4099 inveniet,
1352 4029 1491 4091 sisacris
1515 4031 1603 4093 tibris

240 4117 328 4178 fidem
352 4117 495 4178 adhibere
521 4116 664 4188 noluerit,
697 4123 728 4175 et
751 4115 846 4176 Deum
871 4134 938 4174 esse
963 4123 1087 4174 naturae
1113 4114 1206 4174 totius
1230 4118 1417 4178 conditorem
1442 4129 1476 4180 et
1498 4119 1602 4182 honri·

240 4224 310 4266 num
335 4205 500 4267 futurorum
524 4206 552 4265 in
578 4206 645 4284 ipsa
660 4203 880 4265 machinatione
904 4221 1004 4263 curam
1027 4199 1179 4274 habuisse,
1204 4205 1247 4265 sic
1263 4206 1403 4266 ordinato
1428 4207 1486 4270 hoc
1510 4227 1601 4272 mun·

242 4293 321 4354 dano
346 4293 480 4365 theatro,
516 4303 550 4353 ut
580 4294 747 4353 existerent
771 4294 799 4353 in
825 4312 859 4351 eo
884 4292 970 4369 signa
1001 4290 1122 4361 idonea,
1155 4293 1261 4370 quibus
1295 4295 1447 4356 hominum
1471 4311 1603 4370 mentes,

245 4380 301 4441 Dei
328 4381 523 4452 simulachra,
549 4399 605 4440 non
630 4388 747 4440 tantum
773 4381 971 4441 invitarentur
994 4379 1032 4438 ad
1048 4382 1280 4459 contemplanda
1304 4383 1408 4445 divina
1431 4405 1537 4466 opera,
1563 4405 1602 4447 ex

243 4468 349 4549 quibus
373 4469 539 4529 conditoris
565 4469 730 4528 bonitatem
754 4469 962 4540 aestimarent,
987 4467 1040 4526 sed
1065 4469 1157 4528 etiam
1182 4470 1397 4548 adjuvarentur
1415 4477 1455 4536 ad
1479 4477 1604 4557 penitus

239 4556 484 4636 pervestiganda.

331 4645 466 4708 Obsecro
493 4645 571 4706 enim
595 4664 671 4725 quac
695 4655 871 4716 causaest,
898 4644 923 4704 si
948 4642 1022 4704 haec
1047 4664 1104 4705 non
1129 4654 1192 4720 cst,
1224 4650 1302 4727 quod
1328 4660 1438 4713 natura
1462 4652 1491 4713 in
1517 4653 1603 4718 Solis

240 4745 272 4796 et
295 4738 399 4796 Lunae
424 4734 598 4815 corporibus
624 4733 702 4795 tales
726 4741 844 4794 exercet
869 4733 971 4793 lusus?
1005 4734 1111 4812 quibus
1145 4755 1201 4796 non
1229 4747 1345 4799 tantum
1379 4740 1535 4808 homines.
1570 4755 1604 4806 ut

243 4822 387 4883 historiae
412 4831 580 4895 testantur,
617 4823 644 4882 in
679 4821 905 4882 admirationem
930 4832 961 4881 et
985 4833 1137 4899 stuporem
1166 4838 1324 4890 verruntur
1349 4831 1492 4907 quamdiu
1525 4852 1601 4894 cau·

241 4929 293 4970 aas
331 4909 490 4988 ignorant,
528 4911 582 4970 sed
620 4909 704 4988 ipsae
742 4910 833 4969 etiam
872 4911 1095 4991 quadrupedes,
1134 4913 1231 4977 Plinio
1266 4927 1360 4992 teste,
1400 4923 1605 4984 communiter

240 4996 428 5078 parescunt?
