3692 5842
349 570 413 639 704
826 579 866 629 De
885 577 963 630 Stella
979 576 1052 630 Nora
1070 576 1218 644 Serpenttrii

349 751 457 813 stellas
488 754 565 814 enim
596 771 769 832 perennare.
816 754 877 816 Eos
900 754 990 818 Joau.
1016 753 1165 836 Georgius
1193 756 1381 834 Breuggerus
1409 754 1532 834 pulchre
1568 751 1699 831 primum

348 840 562 920 grammaticen
587 843 683 903 docet.
700 839 741 916 ¹⁶)
789 843 929 907 Cometes
953 845 1031 906 enirn
1054 864 1106 906 seu
1130 841 1236 906 crinita
1258 863 1278 905 s
1299 844 1377 906 crine
1400 861 1506 905 nornen
1530 840 1641 912 habet,
1669 851 1703 900 ut

348 929 375 990 si
398 930 489 993 crinis
513 931 619 995 stellae
644 941 805 1012 superstat,
830 944 970 1009 cometes,
996 934 1041 996 siu
1061 933 1140 995 infra
1157 941 1212 1004 est,
1236 932 1389 1013 pogonias,
1414 933 1442 993 si
1460 930 1553 993 crinis
1578 928 1703 991 acumi-

349 1028 438 1081 natus
463 1029 524 1092 est,
549 1020 683 1098 xiphias,
713 1021 758 1082 sin
783 1041 889 1084 etrrvus
914 1031 945 1084 et
968 1023 1168 1094 acuminatus,
1190 1023 1335 1092 ceratias,
1362 1021 1408 1083 sin
1433 1039 1504 1082 vero
1528 1037 1648 1080 currus
1673 1029 1704 1076 et

347 1108 517 1187 explicatus
548 1109 623 1184 late,
655 1109 780 1189 hippeus
812 1109 975 1183 dicitur.*)
1020 1114 1069 1174 Ita
1098 1119 1228 1173 cometes
1257 1111 1364 1189 speciei
1394 1128 1504 1171 nomeu
1528 1117 1580 1168 est
1605 1107 1706 1166 etad

348 1197 473 1276 liguram
502 1205 640 1275 spectat,
671 1219 727 1260 nou
753 1200 790 1260 ad
815 1200 1025 1262 substantiam.
1072 1197 1152 1270 Quin
1175 1219 1275 1261 omnes
1307 1199 1375 1260 illac
1406 1197 1529 1278 speeies
1554 1217 1574 1257 a
1600 1195 1705 1274 scrip-

349 1284 465 1346 toribus
486 1285 594 1346 stellae
614 1287 729 1349 nomine
744 1289 875 1350 veniunt.
912 1289 954 1351 Et
969 1288 1085 1370 quoties
1105 1297 1238 1350 cornetae
1257 1288 1399 1350 vocabulo
1418 1295 1557 1358 utuntur,
1579 1286 1708 1346 stellam

347 1373 586 1454 subintelligunt,
610 1384 644 1437 ut
667 1385 800 1438 cometae
825 1396 881 1438 vox
906 1377 1057 1458 adjectiva
1080 1377 1129 1441 sit.
1167 1377 1264 1456 Saepe
1286 1377 1376 1439 etiam
1395 1377 1542 1457 jungunt,
1568 1385 1607 1434 ut
1631 1372 1709 1449 ‹igrp

347 1485 483 1541 κομητης,
504 1464 594 1525 stella
609 1465 725 1540 crinita,
746 1468 836 1528 stella
851 1468 981 1542 cadens3
998 1467 1047 1528 ubi
1062 1465 1155 1541 vides,
1170 1467 1279 1528 nullum
1294 1467 1331 1526 ab
1346 1466 1381 1526 iis
1396 1465 1502 1528 haberi
1524 1477 1708 1543 respectum

347 1552 538 1613 substantiae
552 1554 717 1616 ¹evanidae.

433 1640 510 1702 Esto
534 1660 604 1704 vero
629 1636 666 1704 ut
684 1643 794 1724 speciei
813 1663 881 1717 vox,
905 1652 1031 1717 cometa,
1057 1643 1194 1720 ingenus
1218 1641 1370 1704 transierit
1391 1651 1421 1702 et
1440 1659 1550 1702 ornnes
1567 1660 1590 1700 a
1607 1640 1709 1702 Plinio

347 1729 398 1791 lib.
425 1731 464 1798 Il,
490 1750 555 1810 cap.
581 1729 631 1794 25.
662 1741 910 1794 connuemoratae
941 1734 1052 1794 formae
1085 1739 1220 1792 cometae
1250 1731 1450 1813 appellentur:
1485 1749 1586 1809 quarn
1616 1729 1711 1806 igitur

347 1818 385 1879 ad
410 1818 540 1899 speciem
564 1821 695 1882 referent
717 1822 794 1882 lrarrc
817 1830 952 1883 nostram
974 1820 1117 1883 stellam?
1140 1820 1231 1882 Nulla
1244 1820 1389 1881 dictarum
1412 1819 1569 1896 congruit.
1611 1819 1710 1879 Lam-

346 1907 479 1987 padiada
503 1927 573 1970 vero
597 1910 622 1968 si
647 1909 761 1985 dicent,
795 1911 949 1990 relegandi
979 1918 1049 1971 sunt
1077 1909 1115 1969 ad
1145 1917 1234 1988 caput
1255 1909 1372 1970 XVlll.
1400 1909 1436 1968 de
1465 1908 1712 1969 scintillatione.

345 1996 542 2077 Nequaquam
566 1998 642 2059 enim
666 1999 764 2060 crines
789 2000 868 2060 luere
893 2000 946 2061 illa
969 1997 1142 2061 scintillatio
1166 1997 1271 2059 stellae
1295 1996 1496 2075 rapidissima,
1523 1996 1586 2056 sed
1610 1997 1714 2076 fulgor

346 2085 422 2147 lucis
445 2085 624 2164 reciprocus.
662 2088 728 2151 lt'isi
747 2089 824 2149 torte
844 2088 935 2150 etiam
950 2087 1063 2150 Oaneru
1082 2087 1221 2166 majorem
1236 2095 1409 2165 ceterasque
1424 2085 1539 2145 stellas
1568 2099 1714 2148 conrates

346 2174 476 2247 facient,
501 2193 535 2235 eo
560 2177 638 2254 quod
661 2177 905 2238 scintillationem
929 2197 1014 2238 suain
1037 2195 1103 2238 cum
1126 2176 1182 2237 hac
1205 2175 1294 2237 stella
1311 2193 1497 2236 communem
1526 2175 1714 2236 habuerint.

344 2263 452 2343 Itaque
477 2264 599 2325 concedi
630 2275 733 2345 potest
756 2267 822 2327 huic
846 2266 937 2328 sideri
966 2285 1071 2327 nomeu
1100 2264 1282 2345 lampadias;
1314 2265 1367 2325 sed
1396 2264 1439 2323 ita
1463 2273 1499 2322 ut
1525 2264 1716 2344 larnpadiac

344 2372 402 2414 non
427 2352 488 2413 sint
512 2353 628 2431 species
652 2355 836 2416 crinitarum.
884 2354 1054 2434 Sequuntur
1086 2354 1207 2415 ultimae
1229 2351 1317 2414 Plinii
1349 2351 1484 2432 species,
1516 2352 1716 2424 disceorum,

345 2441 394 2521 qui
418 2441 519 2515 discis,
545 2442 709 2504 rarissimis
732 2444 842 2505 circum
863 2444 1002 2519 crinibus,
1027 2451 1059 2504 et
1081 2443 1232 2515 hirtorum,
1256 2441 1304 2522 qui
1328 2441 1463 2502 villorum
1490 2440 1622 2503 habent
1647 2443 1719 2504 etli-

344 2529 443 2609 giem:
469 2549 542 2609 quos
567 2539 672 2594 auctor
691 2532 782 2612 jubas
806 2534 887 2606 dicit,
913 2532 1094 2594 recentiores
1121 2531 1274 2612 appellant
1296 2549 1395 2602 rosas,
1426 2547 1587 2608 quorsum
1615 2533 1719 2594 refero

343 2627 375 2679 et
397 2617 486 2680 Soles
517 2629 678 2682 nocturnos
701 2621 738 2683 ab
770 2621 985 2702 antiquioribus
1018 2617 1257 2692 celebratos.**)
1303 2621 1346 2680 At
1368 2637 1423 2679 nec
1457 2618 1506 2679 his
1544 2621 1722 2700 speciebus

345 2708 532 2769 accensenda
556 2722 603 2771 est
626 2719 730 2772 nostra
753 2711 849 2791 magis
873 2730 963 2792 quam
986 2709 1078 2772 Canis
1093 2707 1198 2780 Sirius,
1223 2727 1256 2769 eo
1272 2707 1347 2787 qnod
1367 2727 1425 2768 non
1445 2707 1548 2786 jubas
1578 2710 1720 2772 eircum-

345 2796 426 2858 circa
449 2815 571 2876 sparsas
595 2799 735 2874 emiserit,
762 2801 814 2862 sed
838 2808 954 2861 tanturn
983 2798 1199 2861 scintillarerit.
1244 2797 1331 2857 Adde
1355 2796 1432 2875 quod
1458 2796 1509 2856 bis
1534 2799 1647 2876 jubae
1674 2801 1723 2862 rel

338 2885 420 2946 disci
445 2887 561 2966 species
586 2887 614 2947 in
630 2888 748 2949 hastam
772 2897 912 2961 mutatur,
938 2889 1015 2968 quod
1034 2888 1125 2948 semel
1146 2887 1254 2947 lactum
1271 2884 1381 2946 Plinius
1404 2885 1576 2961 celebrat:
1606 2889 1724 2952 iterum

345 2974 456 3036 accidit
479 2995 556 3036 anno
576 2974 688 3038 Christi
704 2975 777 3051 837,
803 2978 856 3039 sub
877 2977 1029 3038 Ludovico
1050 2976 1123 3050 Pio;
1149 2975 1270 3053 denique
1294 2974 1382 3034 etiam
1407 2986 1521 3034 nostra
1550 2980 1723 3042 memoria

345 3064 538 3125 observatore
563 3066 703 3145 Tychoue
728 3068 837 3135 Brahe.
861 3087 938 3126 anno
965 3063 1048 3128 1580
1069 3074 1096 3126 et
1121 3061 1213 3128 1585.
1242 3069 1323 3137 (Prog.
1341 3070 1361 3128 1·
1380 3084 1404 3132 t>-
1426 3067 1507 3130 6411)
1534 3067 1619 3127 Fuit
1642 3070 1725 3130 cuim

344 3153 440 3214 tribus
466 3154 509 3214 his
541 3154 655 3215 vicibus
680 3154 732 3216 Sol
758 3157 785 3216 in
811 3156 947 3234 opposito
978 3165 1177 3215 cometarum:
1208 3153 1306 3232 itaque
1339 3150 1423 3211 initio
1457 3171 1579 3216 corruis
1608 3179 1686 3218 t‘tttn
1711 3181 1728 3218 a

345 3241 417 3303 Sole
446 3252 477 3303 et
500 3263 518 3302 a
542 3252 645 3304 nostro
678 3244 742 3304 risu
774 3253 959 3316 averterent,
994 3243 1094 3321 capita
1118 3243 1144 3303 in
1177 3243 1270 3302 medio
1299 3259 1449 3301 comarum
1483 3255 1728 3321 ostentarunt:

342 3339 451 3411 postea
474 3332 594 3393 deserto
618 3331 698 3394 Solis
723 3333 860 3413 opposito
885 3334 950 3394 loco
974 3351 1089 3394 comam
1113 3330 1254 3410 paulatim
1277 3330 1314 3390 ab
1338 3349 1374 3388 ea
1397 3338 1489 3406 parm
1521 3338 1729 3413 explicuere.

344 3420 421 3480 unde
446 3421 660 3483 discedebant:
689 3422 776 3484 simul
802 3432 900 3483 autem
929 3422 1043 3501 priores
1067 3421 1124 3481 duo
1148 3419 1236 3479 etiam
1263 3416 1430 3495 retrogradi
1463 3419 1605 3485 lirerunt
1635 3430 1726 3506 plain.

344 3515 375 3569 ut
398 3509 538 3586 planetae
572 3529 700 3590 quoque,
736 3532 800 3572 cum
830 3511 892 3573 Soli
924 3520 1130 3590 opponuntur:
1162 3508 1244 3586 cujus
1273 3507 1315 3567 rei
1348 3526 1474 3566 causam
1519 3510 1731 3592 Caperpjpp.

342 3596 537 3677 pulcherrime
562 3598 589 3659 in
615 3610 727 3661 :notum
751 3600 879 3662 Telluris
912 3601 1037 3660 cont'ert.
1084 3599 1198 3660 Nostra
1230 3596 1318 3674 igitur
1344 3614 1411 3654 cum
1437 3613 1499 3658 nec
1537 3601 1641 3666 initio
1680 3629 1731 3668 ruer

342 3687 397 3745 tine
423 3688 551 3764 speciem
577 3688 668 3748 ullam
692 3690 860 3750 exhibuerit
883 3708 1042 3761 comarum,
1067 3695 1184 3748 cometa
1204 3685 1258 3746 dici
1283 3702 1473 3763 nequaquam
1506 3690 1646 3758 debuit.
1692 3703 1732 3758 ,11

343 3783 447 3835 contra
472 3794 527 3836 uon
549 3778 703 3851 absonum,
729 3779 836 3838 stellae
857 3796 959 3838 vocem
975 3799 993 3837 a
1008 3778 1111 3852 galders
1134 3773 1320 3841 descendere,
1345 3773 1425 3850 quod
1443 3785 1499 3836 est
1518 3781 1732 3847 scintillare:

342 3864 420 3942 quod
444 3883 508 3924 cum
533 3874 565 3925 et
588 3876 709 3926 nostrae
734 3868 901 3939 conveniat,
927 3866 996 3945 quid
1019 3864 1144 3945 impedit
1166 3863 1282 3924 stellam
1306 3861 1432 3921 dicere?

430 3951 510 4021 Quid
533 3953 558 4014 si
583 3973 663 4028 roro,
688 3956 830 4035 inquiunt,
856 3956 981 4017 caudam
1005 3955 1123 4016 omnino
1147 3954 1272 4032 aliquam
1296 3950 1491 4012 obtinuerit?
1523 3955 1620 4021 Narin
1651 3965 1734 4024 sisu.-

341 4038 380 4100 ad
414 4059 479 4101 earn
505 4061 562 4102 non
595 4043 720 4122 pertigit
751 4045 835 4115 ideo,
870 4044 940 4124 quia
968 4053 1033 4104 tota
1060 4051 1130 4121 post
1159 4049 1248 4121 caput
1277 4039 1363 4100 latuit
1393 4048 1460 4100 tam
1495 4043 1530 4104 in
1569 4055 1735 4127 quadram

341 4147 428 4207 quam
452 4128 480 4187 in
505 4131 643 4208 opposito
669 4131 759 4195 Solis.
801 4135 911 4195 lisdem
937 4133 1013 4194 euim
1043 4131 1224 4210 argumentis
1248 4129 1276 4189 id
1300 4127 1418 4188 adstrui
1445 4145 1586 4207 potest,
1619 4145 1734 4220 quibus

341 4218 440 4295 capite
464 4219 536 4281 XV.
572 4221 681 4281 stellae
714 4243 812 4283 annua
845 4222 1008 4302 parallaxis
1037 4220 1092 4282 fuit
1120 4221 1248 4280 ademta.
1293 4216 1426 4292 Respice
1460 4219 1531 4282 lrac
1563 4227 1610 4288 de
1640 4252 1736 4292 causa

342 4306 379 4364 ad
414 4306 534 4367 schema
559 4305 604 4383 4.,
635 4310 684 4370 ubi
714 4313 804 4372 stella
832 4314 907 4373 hanc
937 4313 1034 4388 ipsam
1067 4310 1104 4370 ob
1145 4306 1314 4369 instantiam
1347 4305 1434 4383 picta
1471 4323 1533 4371 cst
1577 4323 1734 4382 eandam.

339 4392 486 4455 Nimirum
513 4396 577 4471 CO,
604 4399 754 4477 elongatio
779 4401 906 4463 Telluris
932 4401 958 4462 Ο
984 4421 1001 4460 a
1025 4399 1094 4459 Sole
1115 4395 1150 4469 C,
1175 4413 1356 4474 nequaquam
1381 4403 1480 4456 tanta
1511 4403 1589 4466 lieri
1621 4413 1734 4488 praeuia,

340 4491 372 4540 ut
397 4483 471 4543 hanc
498 4487 605 4546 stellae.
631 4488 658 4548 iu
684 4489 712 4548 D
737 4490 860 4550 caudam
886 4515 904 4551 a
929 4492 1022 4551 latere
1048 4486 1132 4547 nobis
1165 4486 1332 4562 detegeret,
1362 4482 1401 4542 ub
1428 4484 1580 4555 niurianr
1622 4502 1730 4560 stellae

340 4568 528 4632 distantiam.
577 4575 662 4645 Quae
693 4579 866 4657 conjectura
894 4602 913 4640 a
936 4576 1100 4640 hlaestlino
1133 4591 1246 4654 quoque
1277 4572 1410 4631 tolerata
1447 4575 1517 4638 suit
1561 4585 1607 4644 de
1645 4592 1732 4652 stella

340 4660 408 4719 anni
441 4659 531 4734 1572,
557 4664 657 4724 libello
683 4666 718 4725 de
744 4667 871 4728 Cerrrreta
896 4669 964 4729 anni
994 4661 1086 4730 1580.

431 4825 457 4888 ⁸)
483 4832 523 4881 lta
546 4833 609 4884 milri
634 4835 776 4889 Plinianee
799 4839 903 4907 species
926 4836 1134 4906 distinguendae
1155 4831 1286 4884 rident-ur.
1315 4827 1420 4880 Verum
1445 4837 1602 4894 Achilles
1631 4851 1713 4902 alie«.-

341 4901 375 4952 01
393 4919 447 4986 petr·
462 4899 511 4956 οὖν
531 4923 603 4958 uarro
618 4927 648 4958 ro
663 4929 722 4977 ([ως
736 4910 855 4978 ἔχοντες,
875 4932 918 4963 και
934 4932 979 4970 ηις
992 4924 1177 4981 pappopvyor
1190 4921 1259 4956 καῐω
1273 4916 1400 4960 reteldus.
1419 4911 1582 4970 taleme
1600 4940 1716 4988 xouqra

340 4973 460 5034 (Aclrrlles
480 4979 566 5027 Tutius
585 4983 609 5030 iu
630 4983 827 5049 ,Prolegornenis
845 4991 871 5036 in
889 4991 960 5039 Arati
979 4983 1177 5038 phaenomena*
1198 4979 1256 5042 Pap.
1276 4975 1333 5036 at.)
1641 4979 1647 4992 ⁸

427 5047 468 5110 ⁰)
490 5053 613 5106 helrilles
635 5067 738 5122 contra,
760 5069 788 5114 ct
810 5061 892 5116 aliter
914 5079 994 5133 quarn
1011 5058 1131 5114 Plinius:
1153 5055 1182 5110 ol
1204 5049 1260 5108 rin
1279 5071 1311 5106 w
1330 5071 1393 5124 W
1421 5075 1585 5134 νενευκος
1606 5074 1716 5146 ἔχοντες.

340 5121 469 5173 samareae
490 5127 653 5192 Aapenader.
