3692 5842
748 491 831 558 Caput
847 491 891 544 xt
1434 489 1499 561 347

229 668 438 749 Appendix.
484 666 756 749 Comparantur
778 668 873 732 modi
898 669 963 732 alii
992 670 1165 734 diametri
1188 672 1311 735 Lunae
1340 672 1499 736 metien-

138 758 206 820 dae
229 775 308 820 cum
329 756 559 838 praemissis
604 758 674 820 Etsi
698 758 829 823 omnium
853 758 1024 821 certissima
1048 768 1079 821 et
1102 761 1256 823 tutissima
1278 780 1419 825 mensura
1439 781 1498 843 po-

138 854 208 910 stea
221 865 277 927 per
291 846 520 910 observationes
535 848 692 928 eclipsium
707 848 858 911 Solarium
874 848 992 911 demum
1007 850 1194 929 expedietur,
1213 850 1261 912 hic
1275 858 1377 913 tamen
1393 851 1500 932 reliqui

142 936 225 998 modi
246 935 305 998 sub
330 944 488 1017 aspectum
511 937 689 1017 subjiciendi
713 947 783 999 suut
805 937 936 1000 iuterim.
982 938 1025 999 Et
1046 939 1214 1019 Hipparchi
1237 939 1356 1020 quidem
1379 940 1500 1022 dioptra

139 1043 177 1086 ex
199 1023 380 1088 Ptolemaeo
403 1032 477 1088 nota
508 1034 571 1101 est,
607 1044 666 1106 qua
698 1033 729 1087 et
758 1027 823 1106 ipse
846 1027 1039 1089 Ptolemaeus
1071 1047 1142 1089 usus
1176 1028 1353 1109 desperavit
1384 1036 1497 1106 tamen,

138 1114 343 1195 quantitatem
366 1122 480 1177 certam
504 1134 542 1177 ex
565 1134 603 1177 ea
625 1115 742 1178 elicere.
788 1114 893 1177 Solum
920 1116 977 1178 boc
1006 1116 1136 1190 invenit,
1169 1117 1286 1180 Lunam
1310 1116 1339 1178 in
1363 1136 1499 1198 apogaeo

139 1202 298 1283 aequalem
321 1199 422 1266 Solari
455 1204 634 1267 diametrum
666 1204 840 1279 ostendere,
873 1204 902 1264 iu
926 1205 1068 1285 perigaeo
1099 1223 1209 1285 augere
1233 1206 1330 1282 illam,
1364 1208 1445 1288 quod
1467 1215 1501 1270 et

138 1290 334 1373 Hipparchus
358 1291 486 1355 dixerat

228 1381 321 1444 Auno
355 1378 452 1446 1598.
485 1378 539 1445 29.
570 1381 676 1443 Martii
713 1383 762 1444 vel
794 1374 825 1445 8.
851 1382 966 1462 Aprilis
997 1382 1117 1460 vesperi
1149 1382 1224 1444 hora
1246 1380 1278 1447 8.
1304 1382 1406 1447 Gratii
1438 1384 1500 1448 vidi

140 1470 259 1532 Lunam
287 1470 424 1551 junctam
453 1470 690 1533 occidentalibus
722 1471 753 1533 iu
787 1471 992 1552 quadrilatero
1015 1470 1189 1547 Pleiadum,
1223 1470 1267 1533 sic
1291 1479 1407 1536 utnon
1430 1475 1499 1554 plus

141 1566 231 1621 sextu
254 1559 386 1622 Lunaris
415 1560 554 1622 diametri
585 1566 672 1640 parte
703 1579 807 1639 margo
831 1581 850 1621 a
873 1561 1010 1640 proxima
1032 1561 1198 1624 recederet.
1244 1561 1392 1624 Extremo
1415 1583 1498 1626 mar-

140 1647 208 1728 gine
231 1654 351 1710 tautum
374 1668 394 1710 a
415 1649 535 1711 lucente
559 1648 669 1710 tertiae
692 1649 908 1729 magnitudinis
933 1649 1054 1725 distitit‚
1080 1658 1194 1729 quanta
1218 1649 1274 1711 fuit
1297 1650 1363 1730 ejus
1388 1651 1499 1732 ampli-

139 1737 213 1799 tudo
241 1736 386 1818 corporis.
433 1737 479 1800 lbi
511 1737 604 1818 igitur
636 1739 712 1801 duae
744 1738 774 1799 in
807 1737 987 1800 occidentali
1020 1738 1116 1800 latere
1150 1738 1347 1818 quadrilateri
1380 1741 1499 1821 lougius

140 1824 316 1901 distabant,
341 1844 431 1907 quam
453 1832 487 1888 ut
511 1834 668 1909 utramque
692 1826 780 1888 simul
803 1829 891 1891 Luna
914 1835 1018 1905 tegere
1041 1827 1205 1905 potuisset,
1239 1827 1386 1908 siquidem
1409 1849 1500 1910 super

139 1915 208 1977 illas
233 1913 343 1978 fuisset
366 1916 514 1995 ingressa.
562 1916 649 1977 Luna
671 1917 812 1979 triduana
836 1917 901 1991 fuit,
927 1923 1072 1994 superata
1096 1916 1281 1997 longitudine
1305 1919 1406 1981 media
1428 1927 1498 1981 teu-

141 2004 216 2066 dens
240 2004 281 2067 ad
304 2022 490 2084 apogaeum3
523 2013 554 2067 et
576 2006 714 2085 proxima
737 2005 891 2068 latitudini
915 2003 1063 2067 maximae
1087 2006 1317 2088 septentrionali
1340 2007 1500 2071 videbatur

140 2099 206 2155 toto
231 2111 356 2174 corpore
379 2093 556 2157 clarissime.

229 2181 377 2264 Sequenti
403 2180 453 2244 17.
477 2180 530 2245 27.
555 2182 638 2244 Junii
668 2202 755 2244 mane
786 2181 866 2243 iuter
896 2182 1001 2244 horam
1026 2178 1056 2244 2.
1081 2189 1114 2244 et
1137 2179 1167 2245 3.
1191 2185 1279 2245 Luna
1311 2203 1429 2246 rursum
1460 2184 1500 2248 ad

141 2287 312 2354 apogaeum
336 2272 503 2334 ascendens
527 2272 613 2352 eique
636 2272 758 2352 propior
781 2277 813 2332 et
831 2271 911 2332 circa
935 2271 1059 2334 limitem
1083 2272 1206 2334 boreum
1229 2272 1335 2334 stabat
1355 2274 1394 2335 ad
1413 2274 1499 2336 Plei-

141 2360 216 2422 adas
239 2361 393 2423 ccnversia
417 2360 567 2435 cornibus,
593 2361 637 2422 sic
660 2369 694 2423 ut
717 2359 958 2440 perpendiculari
982 2359 1126 2422 sectionis
1151 2380 1188 2422 ex
1209 2362 1268 2423 imo
1292 2381 1383 2424 cornu
1407 2364 1500 2426 ducta

141 2448 307 2530 stringeret
330 2449 473 2511 Pleiadas
497 2449 643 2530 superius.
692 2450 870 2511 Transierat
893 2449 1037 2511 Pleiadas
1065 2460 1096 2511 et
1119 2472 1138 2511 a
1161 2449 1331 2513 clarissima
1363 2452 1500 2515 distabat

143 2537 212 2618 plus
236 2557 326 2619 quam
349 2539 515 2601 Palilitium
539 2560 558 2600 a
581 2539 680 2601 vicina
703 2538 881 2600 Sucularum
903 2558 1009 2601 versus
1033 2559 1122 2601 nares
1146 2539 1250 2615 Tauri,
1284 2540 1382 2602 miuus
1410 2559 1499 2622 quam

140 2628 214 2689 haec
240 2628 279 2690 ab
302 2628 363 2689 ima
385 2628 415 2690 in
438 2629 571 2690 naribus.
600 2629 757 2691 Diametro
780 2628 872 2707 igitur
896 2647 1025 2708 aequare
1050 2628 1209 2691 videbatur
1232 2629 1409 2691 distantiam
1433 2631 1499 2693 cla·

141 2736 242 2779 rarum
267 2717 391 2779 duarum
423 2725 665 2780 transversatum
694 2718 724 2778 iu
747 2717 933 2780 Pleiadibus.
979 2716 1159 2796 Hujusmodi
1189 2718 1432 2798 comparationes
1460 2719 1499 2781 ad

141 2807 219 2867 lixas
241 2806 425 2888 propinquas
448 2806 576 2869 invicem
599 2815 684 2869 tauto
709 2806 820 2868 debent
843 2806 958 2886 exquiri
983 2807 1109 2881 aridius,
1136 2809 1214 2888 quod
1233 2807 1412 2870 universalis
1431 2826 1498 2871 om-

141 2894 230 2958 nibus
253 2895 423 2958 bominibus
446 2902 478 2957 et
500 2906 646 2975 perpetua
668 2896 743 2957 haec
767 2914 907 2957 mensura
931 2903 988 2957 est.

231 2984 334 3046 idem
357 2986 498 3047 tentari
523 2992 650 3064 potest
673 3004 735 3047 seu
758 3004 821 3064 per
843 2984 959 3061 fixas,
992 3005 1057 3048 seu
1080 3004 1144 3065 per
1167 2984 1322 3059 radium,
1350 3004 1413 3046 seu
1436 3004 1501 3066 per

142 3074 345 3154 dioptram‚
378 3093 455 3136 cum
484 3075 602 3137 later-a
634 3074 781 3136 umbrae
814 3074 952 3136 Terrae
989 3075 1236 3155 perambulat,
1274 3074 1405 3137 rubore
1437 3093 1500 3137 suo

143 3163 262 3226 adbuc
286 3164 402 3226 clara.
441 3164 486 3225 At
509 3164 538 3225 iu
564 3164 692 3226 medium
715 3163 836 3225 umbrae
860 3164 1010 3240 immersa,
1034 3173 1069 3226 ut
1091 3183 1140 3226 au.
1169 3160 1270 3232 1588.
1287 3164 1408 3238 Martio,
1433 3184 1499 3227 ma·

141 3253 223 3333 ligne
248 3252 379 3315 cernitur
400 3252 550 3334 infidaque
574 3260 623 3314 est
646 3253 829 3314 observatio.

232 3341 401 3403 Videamus
420 3361 501 3417 vero,
523 3342 615 3404 etiam
634 3361 711 3405 cum
736 3340 963 3422 simpliciter
981 3342 1094 3421 plena
1117 3340 1249 3403 lumine
1274 3341 1502 3405 observatur

143 3430 426 3507 instrumentis,
466 3431 543 3492 sive
576 3431 614 3493 id
654 3430 757 3492 radio
796 3432 885 3503 fiat,
918 3448 979 3490 seu
1020 3430 1245 3509 marginibus
1279 3430 1323 3492 ad
1364 3430 1500 3493 stellas

144 3520 406 3600 oppositarum
442 3520 638 3601 plagarum
675 3519 921 3600 comparatis,
960 3537 1021 3581 seu
1058 3519 1260 3582 altitudine
1297 3518 1499 3600 utriusque

143 3608 329 3689 marginis
351 3628 415 3689 per
438 3611 662 3692 quadrantes
686 3609 886 3689 exquisita.

233 3698 324 3761 Anno
360 3695 454 3763 1592.
491 3696 540 3762 14.
564 3698 647 3761 Junii
680 3698 813 3761 instante
846 3697 965 3777 eclipsi,
999 3694 1150 3759 Braheaui
1183 3696 1362 3759 diametrum
1394 3697 1499 3759 Lunae

144 3787 228 3850 radio
253 3789 454 3850 astronomico
478 3789 641 3851 secundum
665 3787 811 3851 Gemmas
842 3787 1010 3848 doctrinam
1043 3785 1170 3848 dimensi
1197 3786 1355 3867 prodidere
1381 3783 1424 3849 32
1447 3793 1501 3849 aut

147 3870 231 3960 31¹!²
260 3876 449 3939 minutorum.
497 3877 573 3939 Erat
597 3879 684 3939 Luna
708 3878 737 3938 in
761 3895 907 3957 apogaec.
945 3876 1056 3938 Modus
1079 3882 1111 3937 et
1133 3874 1266 3938 incertus
1289 3884 1339 3938 est
1361 3884 1393 3938 et
1415 3894 1499 3939 sem-

144 3984 196 4046 per
218 3966 289 4046 plus
309 3966 393 4045 justo
417 3967 517 4029 dicere
540 3967 751 4047 praesumitur.

230 4054 348 4118 Eodem
372 4075 450 4119 anno
476 4054 527 4120 12.
551 4056 719 4130 Februarii,
743 4057 831 4117 Luna
852 4072 912 4117 nou
935 4053 1110 4123 humillima,
1134 4053 1332 4135 prodiderunt
1355 4051 1420 4117 351

232 4145 324 4207 Anno
351 4142 446 4209 1587.
472 4142 501 4209 6.
524 4146 664 4208 Jauuarii
686 4147 791 4207 Lunae
815 4144 923 4207 summi
948 4152 980 4205 et
1002 4144 1054 4206 imi
1078 4144 1222 4223 marginis
1248 4144 1377 4206 elevatio
1408 4162 1500 4224 supra

145 4233 331 4296 horizontem
355 4235 392 4296 de
416 4236 464 4298 die
487 4236 667 4313 observata,
702 4255 768 4297 cum
799 4234 910 4296 certior
934 4240 982 4294 est
1008 4233 1109 4296 Lunae
1132 4232 1208 4294 visio
1242 4232 1428 4307 (eratenim
1451 4233 1500 4294 bi-

146 4331 231 4385 secta
254 4323 284 4384 in
309 4325 456 4403 quadrato
480 4325 577 4398 Solis)
611 4325 745 4386 ostendit
776 4325 954 4386 diametrum
978 4320 1041 4386 301
1088 4324 1165 4385 Erat
1186 4322 1275 4384 Luna
1298 4322 1329 4384 in
1353 4339 1499 4401 apogaec.

231 4413 323 4475 Anno
350 4410 444 4477 1588.
469 4411 499 4477 2.
524 4413 639 4490 Martii,
664 4421 736 4476 aute
759 4412 886 4495 eclipsin
909 4412 1029 4492 vesperi
1052 4431 1106 4491 per
1130 4410 1264 4473 armillas
1288 4411 1500 4474 declinationis

145 4500 314 4583 marginum
337 4502 509 4565 differentia
532 4503 589 4564 fuit
612 4504 732 4583 saepius
755 4503 875 4576 iterata,
901 4498 975 4574 33',
1001 4502 1123 4563 dimidio
1147 4500 1214 4580 plus
1238 4501 1286 4562 vel
1310 4501 1416 4562 miuus.
1463 4501 1498 4563 Iu

145 4591 312 4654 meridiano
344 4592 514 4655 altitudinis
538 4593 703 4673 marginum
727 4592 898 4656 differentia
926 4588 993 4666 31¹,
1020 4584 1133 4671 32¹1,ss
1158 4585 1266 4671 3⁰³ir‘·
1312 4588 1428 4652 Eadem
1452 4589 1499 4652 die

147 4681 349 4761 praecedente
374 4678 437 4744 331
486 4681 612 4744 Scilicet
633 4681 682 4744 hic
705 4683 811 4745 modus
834 4682 924 4763 paulo
949 4689 997 4743 est
1020 4680 1172 4742 incertior.
1206 4682 1293 4742 Luna
1316 4699 1335 4740 a
1358 4680 1499 4759 perigaeo

147 4770 314 4833 ascendens
339 4771 599 4852 appropinquabat
623 4772 800 4850 longitudini
824 4770 953 4834 mediae.

232 4860 302 4922 Hoc
325 4860 413 4922 modo
436 4880 514 4923 auno
542 4858 638 4926 1591.
664 4858 718 4924 22.
742 4859 898 4924 Februarii
927 4860 957 4922 in
991 4856 1175 4938 longitudine
1207 4856 1307 4919 media
1338 4857 1501 4918 observata

146 4946 192 5010 bis
215 4945 282 5026 31⁴,
307 4949 407 5011 sexies
431 4945 495 5023 321
519 4950 633 5031 septies
658 4947 721 5026 331
746 4951 845 5013 sexies
870 4947 924 5013 34‘
948 4947 1098 5029 apparuit.
1146 4944 1232 5017 Quae
1259 4947 1394 5009 varietas
1425 4964 1499 5026 paru

147 5038 200 5101 tim
231 5038 350 5102 ratione
382 5039 566 5102 diversorum
602 5041 767 5116 oculorum,
804 5039 915 5120 partim
947 5039 1064 5103 ratione
1099 5035 1351 5117 pinnacidicrum‚
1390 5035 1500 5118 partim
