3692 5842
241 466 306 534 586
663 471 764 525 Literae
782 472 883 539 Kepleri
903 470 1053 540 aliommcue
1071 479 1174 526 mutuae

240 647 288 709 hic
312 648 340 708 in
365 647 466 708 Terris
490 647 712 725 animadvertit,
737 650 767 712 iu
791 650 898 712 ultima
920 649 1051 729 sphaera
1073 650 1158 712 sidus
1180 648 1338 712 incendit?
1373 647 1527 720 Quidnam
1548 663 1589 716 eet

241 736 306 809 hoc,
333 736 415 814 enjus
440 755 546 798 sensus
569 747 618 799 est
640 740 669 799 in
694 740 797 813 Terra,
820 740 958 819 potentia
981 747 1044 799 tam
1068 739 1209 800 absoluta
1230 739 1261 800 in
1284 757 1428 818 supremo
1451 742 1589 803 aethere?

328 824 549 888 Branggerns,
578 826 643 876 lecto
661 828 763 891 Kepleri
781 826 841 877 libro
861 828 892 876 de
909 840 975 875 nova
1001 827 1098 885 anna..
1118 827 1183 878 haec
1204 827 1274 878 dedit
1290 825 1405 892 Kepleve
1422 829 1588 886 exurunt·

241 894 294 945 cai.
315 893 383 958 Sept.
405 892 502 956 teeti:
521 897 567 946 Vir
585 896 732 949 Clarissima.
753 899 838 947 Amice
856 898 1010 948 honorande.

330 964 401 1026 Quod
419 967 448 1015 iis
468 966 580 1017 accidere
599 969 676 1026 solet,
704 971 745 1034 qui
764 975 838 1019 nocte
860 971 991 1034 ingruente
1020 970 1096 1034 quieti
1114 982 1141 1018 se
1159 969 1276 1024 tradunt,
1295 975 1324 1018 ut
1342 969 1442 1032 quidem
1460 971 1546 1034 torpidi
1561 986 1585 1020 ac

240 1038 332 1086 inertes
352 1039 453 1085 mortuis
467 1053 515 1088 nou
535 1039 663 1088 dissimiles
679 1043 784 1102 jaceant
802 1054 831 1089 ac
845 1054 920 1088 mane
938 1039 1103 1090 illucescentis
1127 1039 1176 1090 diei
1194 1039 1311 1090 claritate
1329 1041 1433 1090 excitati
1454 1043 1587 1092 reviviscant

241 1114 267 1156 et
286 1108 318 1156 ad
336 1110 422 1156 munia
435 1122 482 1156 sua
494 1111 651 1174 exsequenda
669 1113 774 1161 redeant
793 1110 942 1160 alacriores:
961 1110 1026 1160 idem
1038 1110 1098 1160 mihi
1111 1111 1162 1160 iera
1180 1111 1294 1176 contigit,
1313 1119 1446 1175 pettam
1463 1111 1525 1162 libes
1540 1123 1586 1162 tuus

241 1179 271 1228 de
289 1178 313 1229 N
322 1193 378 1227 ora
398 1179 504 1229 Stella
522 1181 555 1230 ad
573 1196 643 1231 meas
655 1196 744 1232 manns
762 1184 880 1246 pervenit
905 1181 987 1244 Hujus
999 1182 1089 1246 quippe
1106 1180 1216 1238 lumen
1234 1183 1272 1232 ita
1287 1181 1385 1232 amisit
1401 1197 1476 1232 meaa
1492 1183 1585 1234 madai

241 1264 344 1313 eamque
363 1250 470 1298 biennali
490 1266 574 1301 somno
593 1268 733 1317 oppressam
753 1256 847 1315 etjam
865 1253 916 1302 iere
936 1261 1073 1302 emortuam
1090 1268 1134 1303 sno
1153 1253 1282 1318 splendore
1299 1255 1435 1315 exciumt,
1451 1263 1482 1304 ut
1497 1255 1585 1306 tanda

241 1320 333 1378 oeulos,
353 1322 463 1385 quamvis
483 1322 564 1371 adhuc
583 1331 692 1388 torpeus,
712 1326 806 1388 aperire
826 1330 851 1373 et
870 1323 1000 1389 rerigilare
1020 1325 1137 1389 eoeperit,
1157 1339 1221 1388 qnae
1240 1324 1303 1374 alias
1321 1327 1429 1374 lottasm
1447 1325 1587 1376 dormivinet

240 1406 352 1441 somnum
373 1393 568 1455 Epimenidenm.

329 1463 459 1512 Habebam
478 1465 503 1511 in
523 1466 613 1524 animo,
632 1467 665 1513 mi
684 1465 801 1530 Keplere,
819 1469 871 1528 jam
890 1465 983 1514 dudum
1001 1470 1057 1528 post
1075 1471 1192 1528 acceptes
1211 1469 1270 1514 ante
1288 1464 1418 1514 biennium
1437 1479 1454 1515 a
1471 1473 1498 1516 te
1515 1467 1586 1516 literas

242 1535 327 1583 statim
347 1535 390 1583 tibi
409 1535 551 1584 rescribere.
577 1536 612 1586 Ut
631 1544 714 1586 antem
733 1537 834 1586 solidius
847 1536 880 1586 ad
893 1543 918 1588 te
931 1538 1056 1585 mitterem
1073 1549 1215 1599 responsum
1234 1533 1368 1599 (siquidem
1380 1543 1456 1586 erant
1473 1538 1587 1594 nonnula,

241 1607 265 1654 iu
286 1607 372 1669 quihus
391 1618 408 1652 a
425 1611 450 1653 te
469 1605 659 1667 dissentiebam,
688 1608 794 1657 necdum
813 1615 879 1657 totus
897 1610 921 1656 in
946 1616 1017 1657 tuam
1034 1609 1070 1656 ire
1094 1608 1244 1656 sententiam
1270 1605 1398 1672 possum),
1427 1623 1587 1672 proposueram

243 1677 311 1732 mihi,
330 1678 397 1739 prins
416 1675 605 1740 Paralipomena
624 1686 668 1728 tua
682 1677 771 1742 Optica
791 1679 870 1729 denno
891 1680 1010 1728 attentius
1029 1677 1164 1743 perlegere.
1197 1676 1248 1728 Sed
1265 1676 1324 1728 dnm
1343 1678 1423 1726 edum
1442 1679 1484 1728 isti
1502 1679 1587 1728 iectioai

242 1747 395 1796 commodum
416 1754 542 1810 exspecto,
563 1749 727 1806 factumest,
753 1758 781 1798 nt
799 1765 895 1814 semper
913 1749 945 1799 ad
965 1749 1016 1798 alia
1041 1748 1189 1799 distrmerer
1213 1749 1321 1814 mihique
1348 1749 1457 1798 subinde
1474 1753 1587 1816 negotim

240 1833 316 1867 unum
331 1833 360 1867 es
379 1819 456 1866 altere
476 1827 624 1874 nemeretur,
643 1821 730 1885 quibus
749 1820 870 1870 hactenus
888 1821 1020 1884 impeditus
1033 1819 1141 1868 studium
1158 1819 1370 1877 mathematicum,
1390 1833 1462 1870 meas
1474 1821 1585 1884 eumden

241 1890 351 1945 delicias,
370 1890 444 1952 plane
462 1889 574 1941 deterere
593 1899 695 1941 coactus
713 1893 755 1948 ini,
769 1907 816 1941 nec
828 1894 923 1948 librum,
942 1892 1006 1955 quod
1018 1892 1078 1941 mihi
1090 1903 1272 1955 proposueram,
1290 1890 1404 1940 revidere
1422 1893 1502 1954 potui
1526 1889 1587 1942 llaec

241 1963 317 2009 unica
336 1974 413 2009 causa
431 1967 476 2018 est,
496 1976 560 2026 quae
578 1978 618 2012 me
632 1963 748 2019 cohibuit,
767 1979 814 2028 qno
826 1966 906 2012 minus
925 1963 969 2012 tihi
985 1963 1152 2028 responderim
1164 1963 1231 2013 sicat
1247 1964 1427 2014 contdtneram
1444 1973 1473 2014 et
1490 1963 1588 2012 sruie'eia

242 2039 327 2081 uestra
345 2032 520 2095 postulaverat.

329 2101 421 2151 Restat
439 2105 514 2168 igitur
531 2111 560 2153 ut
576 2111 602 2154 te
622 2119 732 2160 exorem,
752 2120 783 2155 ne
801 2119 894 2153 moram
913 2106 987 2154 istam
1007 2110 1032 2155 et
1049 2104 1174 2155 silentium
1192 2105 1289 2152 sinistre
1308 2105 1494 2168 interpreteris,
1511 2103 1554 2152 sed
1567 2113 1588 2152 ut

242 2173 354 2223 tarditati
372 2187 453 2229 meae,
472 2177 520 2224 imo
538 2177 637 2239 torpori,
655 2177 753 2224 veniam
772 2176 823 2225 dea.
853 2176 882 2225 ld
895 2177 914 2224 si
931 2177 1101 2240 impetravero,
1120 2175 1232 2232 studebo,
1250 2181 1279 2223 nt
1293 2175 1320 2223 in
1338 2183 1468 2238 posterum
1486 2174 1589 2225 delictum

242 2245 308 2294 istud
325 2246 458 2295 sedulitate
477 2255 503 2295 et
520 2247 660 2312 frequentia
677 2247 802 2296 literarum
821 2249 951 2312 corrigam.

333 2317 465 2382 Postquam
484 2332 550 2367 anno
567 2320 675 2381 proximo
694 2333 723 2367 es
737 2319 915 2368 autumnalium
934 2317 1100 2368 nundinamm
1118 2316 1232 2382 catalogo
1251 2317 1363 2381 cognom,
1382 2316 1474 2366 librum
1492 2330 1511 2368 a
1526 2327 1550 2366 te
1565 2316 1590 2366 de

243 2386 315 2437 Nova
334 2387 413 2437 Stella
431 2390 524 2438 editum
543 2404 607 2446 essa,
635 2389 736 2439 mirifica
763 2390 872 2439 laetatus
891 2405 963 2446 snm;
990 2390 1100 2441 sciebam
1126 2389 1204 2444 enim,
1225 2400 1240 2437 a
1258 2395 1283 2436 te
1302 2389 1403 2437 noanbi
1426 2387 1589 2452 praeclaruit

242 2459 386 2524 singularia,
404 2459 530 2524 vulgarem
549 2461 725 2524 philosophiam
744 2461 880 2510 nonnullibi
899 2461 1051 2523 superantia,
1070 2459 1190 2524 proticisci
1207 2459 1293 2508 solere.
1324 2459 1360 2506 At
1378 2461 1466 2508 neseio
1484 2475 1532 2526 qno
1549 2461 1589 2508 lats

243 2530 301 2579 mihi
320 2546 368 2579 non
387 2533 498 2596 contigit,
518 2531 605 2580 libmm
624 2539 683 2581 ante
702 2533 808 2581 medium
828 2533 920 2582 mensis
940 2531 1002 2593 hlaji
1019 2545 1098 2595 nuper
1116 2531 1193 2594 elapsi
1217 2529 1314 2584 videre,
1334 2533 1407 2592 cnjus
1425 2529 1535 2581 lectione
1551 2543 1589 2580 sta

243 2610 341 2652 tantum
360 2615 514 2666 summopere
533 2604 692 2660 delectatum,
711 2604 755 2653 sed
773 2604 840 2654 haud
859 2618 946 2667 pamm
964 2604 1096 2666 proiecisse
1113 2617 1154 2651 me
1171 2602 1259 2650 lubens
1275 2602 1366 2650 lateor.

331 2672 406 2732 iiam,
426 2681 454 2722 ut
472 2683 557 2723 cetera
575 2675 670 2732 sileam,
697 2677 902 2740 trigonorum
928 2671 1171 2736 naturam(oep.11.
1186 2669 1592 2736 lll.V1-l'll1.)etaspertuust

243 2745 364 2794 rationem
383 2742 520 2807 (capili.)
540 2754 592 2795 tam
611 2746 747 2810 eleganter,
767 2754 818 2795 tam
838 2746 910 2795 docte
924 2759 954 2795 ac
972 2745 1131 2808 probabiliter
1148 2744 1265 2808 explicas,
1284 2745 1388 2794 resectis
1409 2749 1487 2808 utque
1504 2747 1592 2806 relectis

244 2815 345 2864 infinitis
363 2818 413 2863 lere
433 2815 609 2880 asuologorum
628 2819 725 2880 ineptiis
745 2825 771 2866 ct
788 2816 1008 2880 superstitionibus,
1028 2823 1057 2864 nt
1069 2831 1118 2864 nen
1137 2817 1227 2879 possim
1245 2829 1293 2864 non
1313 2816 1422 2864 maxime
1441 2816 1487 2864 tibi
1505 2813 1591 2880 quid·

243 2889 336 2951 gratiae
356 2900 430 2948 agere
449 2900 491 2948 pro
510 2888 671 2947 institutione,
691 2888 749 2937 mihi
767 2903 824 2936 sero
843 2888 971 2953 grntmari,
990 2887 1056 2950 qnod
1073 2888 1123 2935 ista
1141 2901 1172 2936 ex
1188 2895 1215 2935 te
1233 2885 1369 2934 didicerim.
1400 2885 1501 2936 Videris
1518 2893 1592 2934 tamn

243 2956 302 3006 mihi
330 2959 422 3020 passim
440 2959 466 3005 in
485 2957 532 3005 hoc
558 2959 634 3014 libro,
662 2961 806 3022 praesertim
832 2973 889 3007 sere
909 2958 970 3021 Cap.
989 2957 1059 3007 viti.
1080 2966 1106 3007 et
1123 2957 1154 3006 X.
1181 2969 1260 3007 novae
1288 2957 1420 3018 cujusdam
1440 2966 1477 3007 -et
1503 2959 1595 3020 purim

245 3028 393 3092 astrologiae
413 3029 576 3077 fundamenta
594 3039 739 3086 monstrare,
758 3034 859 3093 ejusque
878 3030 1025 3094 dignitatem
1043 3029 1161 3078 attidem
1180 3029 1212 3078 ab
1230 3029 1325 3090 injuriis
1343 3035 1369 3077 et
1389 3029 1593 3078 criminationibus

244 3099 437 3147 adversariorum
457 3102 492 3147 ita
511 3101 644 3160 vindicare,
663 3110 691 3149 ut
709 3117 747 3149 me
764 3101 848 3163 judice
874 3101 1011 3164 astrologos
1030 3116 1079 3148 nou
1099 3099 1243 3158 offenderis,
1264 3099 1307 3146 sed
1326 3099 1433 3148 multum
1452 3101 1498 3148 tihi
1518 3101 1594 3148 derin-

243 3172 315 3218 xeris.
363 3168 442 3218 l'alee
470 3171 528 3220 mihi
559 3173 649 3220 arridet
677 3181 721 3221 tua
748 3174 871 3220 sententia
901 3172 931 3219 de
965 3171 1079 3220 eihcacin
1111 3172 1379 3233 conjunctionum
1415 3185 1594 3236 magnarum

243 3238 317 3303 (Cap.
331 3238 423 3299 Vilis),
442 3243 506 3305 quod
526 3257 609 3292 earum
629 3244 762 3291 essentiam
782 3258 830 3291 non
849 3245 873 3289 in
893 3242 1038 3292 collectione
1056 3242 1182 3296 luminum,
1202 3242 1282 3290 sedin
1301 3241 1355 3303 ipso
1373 3243 1425 3288 situ
1444 3241 1547 3289 duomm
1563 3239 1595 3287 vel

243 3314 346 3374 plurium
374 3313 530 3375 planetarum
559 3316 672 3377 reponis,
701 3323 726 3362 et
751 3315 815 3362 lmne
842 3315 915 3361 situm
941 3328 985 3363 seu
1013 3313 1203 3376 applicationem
1221 3327 1238 3361 a
1255 3312 1334 3360 Terra
1359 3314 1453 3375 percipi
1474 3323 1502 3361 et
1518 3313 1596 3360 sanun

243 3385 328 3432 scribis
343 3385 375 3433 ad
388 3399 443 3432 eunt
458 3386 564 3438 moduni,
578 3401 624 3449 qno
643 3401 729 3434 sensus
748 3387 852 3450 percipit
870 3400 941 3434 suurn
960 3386 1092 3446 objectum.
1115 3383 1169 3434 Hoc
1183 3385 1287 3432 sonasse
1305 3383 1454 3447 quibusdam
1474 3384 1596 3432 abacum

243 3456 346 3508 ridetur,
366 3456 423 3503 mihi
444 3472 493 3504 non
512 3459 579 3512 item,
600 3459 640 3519 qni
660 3458 797 3519 exemplum
817 3458 940 3518 niagneiis
953 3457 1012 3504 mihi
1030 3469 1144 3518 propono.
1173 3455 1207 3504 t't
1225 3457 1290 3504 euim
1309 3469 1416 3518 magnes
1435 3469 1487 3504 non
1505 3465 1596 3504 tantun

243 3529 318 3574 sentit
337 3529 503 3589 praesentiam
523 3530 646 3591 magnetis
666 3528 765 3576 alterius
780 3537 804 3576 et
818 3528 850 3575 ad
863 3527 931 3576 illam
945 3527 1019 3575 ueluti
1033 3526 1148 3580 exsultat,
1168 3526 1211 3573 sed
1224 3528 1277 3587 ejus
1289 3527 1362 3572 situm
1382 3541 1480 3588 quoqne
1500 3527 1596 3590 percipit

243 3607 269 3645 et
287 3613 329 3660 pro
349 3599 444 3646 diversa
469 3602 521 3659 ejus
550 3601 715 3662 applicatione
743 3600 877 3647 secundum
901 3599 969 3660 polos
988 3597 1025 3645 rel
1044 3604 1203 3660 aequatotem
1221 3597 1259 3644 vel
1279 3595 1411 3657 parallelos
1440 3597 1597 3646 diversimode

243 3668 357 3723 allicitur,
371 3671 406 3716 ita
419 3671 476 3716 milri
496 3671 640 3731 persuadeo,
660 3671 729 3717 simili
744 3671 780 3719 rel
794 3670 882 3718 saltem
902 3669 1010 3732 analoga
1029 3669 1149 3716 facultate
1162 3669 1262 3716 Terram
1280 3667 1372 3716 sentire
1392 3671 1491 3730 positus
1506 3681 1531 3716 et
1544 3683 1596 3716 cen·

240 3742 380 3800 junctiones
398 3741 503 3788 siderum
524 3749 548 3788 et
562 3743 593 3789 ab
607 3742 636 3787 iis
655 3741 814 3789 diversimode
835 3743 908 3789 allici.
935 3739 1021 3802 Neque
1035 3739 1148 3801 displicet
1166 3749 1310 3801 aspectuum
1330 3753 1449 3786 numerus
1462 3743 1598 3788 octonarius

243 3819 302 3857 ate
320 3825 405 3859 reeens
424 3814 551 3866 ius-entus,
575 3827 646 3874 quem
667 3815 801 3874 antiquitus
825 3813 942 3875 astrologi
968 3812 1079 3874 quinario
1102 3809 1348 3872 comprehenderant
1388 3807 1456 3858 Nam
1476 3811 1598 3873 praeclare

243 3886 269 3928 et
288 3896 343 3928 vero
362 3883 454 3936 scribis,
474 3885 625 3945 geometriae
645 3886 748 3946 vestigia
761 3885 785 3931 in
799 3884 890 3932 mundo
903 3897 958 3932 esse
972 3894 1095 3944 expressa,
1115 3894 1146 3928 ac
1157 3881 1213 3930 ideo
1231 3889 1347 3928 naturam
1364 3881 1392 3928 in
1405 3883 1598 3943 proportionib·

241 3951 286 3998 sibi
300 3952 466 4010 iamiliaribns,
488 3955 645 4014 agnoscendo
664 3971 733 4003 suum
747 3956 916 4017 archetypum,
937 3954 1064 4002 delectari.
1092 3950 1178 4000 Voluit
1194 3952 1260 4000 idem
1276 3951 1382 4000 lonasse
1400 3953 1531 4002 insinuare
1542 3951 1599 4000 lites

243 4021 396 4084 Sapientiae,
416 4039 471 4085 cap.
490 4024 532 4072 Xl.
554 4026 654 4081 docens,
675 4025 755 4074 Deum
775 4028 858 4076 omnia
875 4038 1006 4080 mensura,
1026 4037 1127 4072 rrumero
1146 4031 1172 4071 et
1189 4023 1297 4086 pondere
1315 4021 1477 4085 disposuisse.
1517 4021 1598 4085 mque

241 4093 356 4142 credibile
375 4103 425 4152 est,
452 4105 566 4143 naturam
591 4113 640 4144 mm
666 4107 764 4146 tautum
793 4113 878 4147 vocum
897 4104 922 4145 et
941 4110 1068 4148 sonorum,
1095 4093 1185 4143 sedet
1210 4093 1313 4142 aliarum
1340 4107 1424 4142 return
1443 4105 1470 4143 at
1493 4095 1598 4158 lapsine

242 4175 389 4227 aspectuum
407 4168 548 4214 coelestium
568 4175 703 4216 concentus
722 4170 839 4217 similibus
859 4166 1052 4230 proportionibus
1071 4165 1200 4227 complecti
1221 4173 1246 4213 et
1258 4163 1380 4212 involvere
1401 4164 1520 4220 soluisse,
1538 4177 1598 4228 quaa

242 4251 297 4285 cum
317 4239 342 4284 in
359 4238 458 4285 vocibus
477 4237 692 4300 deprehendantur
710 4239 857 4301 octuplices,
878 4253 921 4287 eas
940 4240 965 4286 in
984 4236 1126 4298 aspectibus
1144 4249 1223 4298 aeque
1248 4234 1397 4297 multiplices
1423 4245 1509 4286 acum
1527 4237 1597 4284 aesn'·

240 4309 321 4360 maho,
341 4309 419 4356 donec
448 4309 514 4357 alind
542 4312 694 4371 experientia
712 4321 737 4358 et
761 4314 856 4359 ratione
882 4310 983 4358 edoctus
1006 4309 1084 4356 inere.
1122 4305 1238 4370 Suspicor
1256 4321 1312 4370 ego,
1331 4320 1362 4354 es
1381 4305 1429 4354 hoc
1448 4309 1519 4356 tonte
1537 4321 1595 4366 sstu-

241 4379 339 4440 pathias
359 4392 383 4428 et
403 4380 555 4442 antipathian
574 4397 653 4428 remm
672 4382 821 4430 naturalium
841 4395 996 4444 premanere.
1028 4378 1121 4426 Verum
1139 4377 1241 4440 nequid
1260 4377 1413 4425 dissimulem
1432 4381 1466 4426 mi
1486 4377 1597 4442 Kepietc.

241 4449 265 4496 id
285 4460 384 4512 praeter
401 4454 521 4500 rationem
536 4466 551 4500 a
564 4461 589 4499 te
609 4453 700 4501 iactum
715 4463 782 4514 puto,
803 4453 866 4516 quod
886 4454 910 4499 in
924 4451 1088 4514 explicatione
1107 4449 1323 4497 consonantiarum
1337 4463 1386 4495 non
1403 4447 1475 4512 bigas
1495 4457 1595 4498 menn.

239 4520 282 4568 sed
302 4524 379 4586 trigas
399 4537 483 4570 cocum
503 4524 615 4586 proponis
636 4524 836 4580 considerandas,
856 4539 911 4572 cnm
930 4533 1014 4570 tamen
1033 4535 1112 4570 sermo
1131 4521 1164 4567 sit
1176 4520 1207 4566 de
1225 4520 1412 4582 simplicissimis
1431 4519 1596 4568 contenarius.

241 4595 281 4654 qui
301 4594 325 4640 in
346 4594 449 4641 duamm
469 4609 555 4642 secum
575 4594 705 4642 collatione
725 4597 867 4642 consistunt.
908 4593 953 4641 l'is
971 4592 1110 4646 ostendere,
1128 4591 1193 4654 quod
1211 4592 1236 4638 in
1256 4605 1304 4638 uno
1324 4589 1447 4652 diapason
1466 4597 1594 4651 scammate

240 4665 394 4724 reperiantur
413 4673 468 4712 octo
487 4679 580 4728 genera
599 4673 772 4718 concentuum,
793 4681 841 4714 uon
861 4665 931 4728 plura
949 4679 996 4713 nec
1019 4665 1154 4727 pauciora,
1180 4671 1205 4709 et
1224 4661 1314 4709 deinde
1333 4669 1435 4723 praeter
1462 4663 1593 4710 instatutu·

240 4734 287 4780 illis
314 4735 458 4797 superaddis
487 4749 529 4784 tes
548 4737 611 4793 alia,
639 4739 746 4799 quaein
765 4737 892 4800 praedicto
916 4745 1051 4798 systemate
1069 4749 1119 4783 non
1138 4735 1304 4782 continentur.
1323 4731 1368 4780 sed
1388 4731 1450 4780 iliud
1469 4733 1591 4782 excedam

240 4819 285 4853 nec
314 4809 444 4870 quicquam
471 4806 503 4856 ad
528 4809 706 4870 propositarum
734 4817 789 4857 octo
816 4809 962 4871 simplicium
988 4807 1204 4855 consonantiarum
1231 4807 1434 4852 consututionem
1463 4804 1590 4852 conterunt

240 4888 262 4922 v.
282 4891 304 4924 c.
324 4877 401 4928 ditoni
420 4877 591 4938 comensalis,
611 4891 685 4944 quam
704 4881 803 4928 tertiam
823 4879 909 4928 duram
926 4887 1026 4928 vocant.
1046 4877 1159 4927 consistit
1172 4875 1197 4922 in
1216 4875 1311 4923 duabus
1331 4875 1432 4921 vocibus
1445 4873 1492 4922 sub
1505 4875 1586 4922 rasim

239 4947 411 5012 fletquleuarta
428 4947 562 5014 dupositis.
601 4949 673 5000 lieet
693 4952 726 5000 ad
744 4953 782 4999 snl
800 4951 969 5015 integritatem
996 4949 1063 4998 nulla
1083 4948 1133 4996 aliu
1150 4959 1211 4994 rece
1230 4946 1342 5010 indiget:
1368 4945 1427 5008 quid
1447 4947 1522 5008 igitm
1537 4953 1585 5004 spus

239 5013 287 5064 Μ
304 5017 329 5068 d
345 5019 512 5086 111ΙὴΙὶ
529 5019 641 5072 tiltsuma
665 5033 739 5088 super
767 5019 947 5086 disdiapason?
978 5019 1044 5085 Ergo
1067 5021 1122 5081 ejus
1149 5017 1315 5068 consideratio
1339 5028 1525 5079 supervacanea
1546 5021 1580 5058 ess
