3692 5842
853 483 935 551 cauus
951 486 994 537 xr
1257 453 1259 458 ’
1361 469 1366 488 “
1532 483 1597 554 655

245 665 471 731 barbaricarum
502 663 635 745 gentium
671 663 789 727 illuvies
825 665 895 727 luxu
936 662 1139 727 effeminatam
1176 673 1207 727 et
1242 666 1383 729 libertate
1416 666 1596 730 dissolutam

243 773 398 853 Europam
428 771 637 846 inundaverit,
669 771 806 834 omnibus
838 779 870 834 et
905 770 1020 832 artibus
1058 780 1089 833 et
1123 772 1299 853 prodigiosa
1336 772 1477 835 librorum
1511 774 1598 855 copia

244 880 381 943 funditus
404 877 598 958 exstirpatis:

512 1002 608 1067 Qualis
628 1001 676 1057 obi
696 1004 731 1057 ad
752 1010 851 1066 terras,
873 1003 992 1072 abrupto
1014 1002 1111 1066 sidere,
1133 1003 1248 1068 nimbus,

510 1085 537 1139 It
556 1100 631 1137 mare
651 1100 701 1153 per
720 1083 851 1137 medium:
873 1082 978 1137 miseris
999 1084 1054 1137 heu
1074 1084 1203 1152 praescia
1223 1084 1307 1156 longe

510 1166 682 1219 Horrescunt
701 1165 783 1217 corda
804 1162 942 1234 agricolis,
964 1163 1042 1216 dabit
1062 1163 1109 1215 ille
1131 1163 1224 1217 ruinas

511 1244 663 1299 Arboribus
684 1250 860 1315 stragemque
882 1242 960 1306 satis,
981 1249 1044 1296 ruet
1065 1243 1156 1296 omnia
1174 1244 1242 1297 late.

483 1374 487 1384 ,
510 1325 680 1379 Antevolant
700 1324 871 1394 sonitumque
892 1324 985 1376 ferunt
1005 1324 1039 1376 ad
1060 1323 1160 1376 littora
1178 1324 1262 1378 venti.

528 1397 530 1403 ’
561 1406 599 1458 Et
615 1403 675 1473 jam
695 1404 847 1476 aggeribus
868 1403 957 1472 ruptis
979 1419 1107 1472 spumeus
1128 1404 1215 1457 amnis

511 1485 590 1541 Exiit
609 1484 805 1555 oppositasque
826 1484 909 1537 evicit
928 1483 1043 1555 gurgite
1064 1484 1169 1546 moles:

509 1567 608 1621 Fertur
627 1564 656 1617 in
676 1580 745 1619 arva
765 1565 858 1617 strreus
879 1564 986 1617 cumulo
1008 1580 1173 1635 camposque
1194 1581 1244 1635 per
1264 1582 1357 1618 omnes

512 1647 579 1700 Cum
600 1645 719 1699 stabulis
741 1652 867 1699 armenta
886 1644 983 1698 trabit.

334 1760 396 1822 Sed
420 1760 494 1821 baec
518 1758 634 1839 superis
657 1778 746 1820 curae
769 1766 868 1819 sunto.
915 1757 1002 1819 Nunc
1021 1757 1085 1836 jam
1115 1767 1233 1837 tempus
1257 1766 1304 1818 est
1327 1757 1444 1836 videre,
1479 1758 1598 1837 qualem

242 1851 327 1913 Dens
351 1848 423 1928 Opt.
448 1850 531 1910 Max.
556 1848 622 1927 ipse
652 1848 768 1909 clavum
791 1846 890 1908 fixerit
919 1848 957 1906 ad
981 1846 1078 1909 locum
1103 1855 1134 1909 et
1158 1848 1235 1909 diem
1264 1847 1351 1924 hujus
1376 1846 1498 1906 ultimae
1522 1866 1596 1908 con·

238 1939 424 2020 junctionis:
456 1946 488 2000 et
511 1937 591 2018 quali
622 1944 810 1997 monumento
842 1936 924 1997 illam
950 1937 988 1996 ad
1018 1937 1209 2016 posteritatis
1241 1936 1413 1998 memoriam
1444 1953 1597 1996 commen-

242 2028 382 2092 daverit:
407 2027 484 2106 qnod
508 2026 563 2088 sub
586 2026 764 2106 principium
788 2025 875 2105 hujus
899 2024 993 2086 libelli
1017 2026 1076 2087 dici
1099 2035 1246 2107 coeptum,
1271 2043 1348 2085 nnnc
1373 2025 1471 2104 quoad
1495 2031 1596 2085 astro-

246 2118 379 2180 nomiam
404 2116 576 2197 diligentius
599 2116 777 2177 excutietur.

804 2662 923 2762 Caput
950 2662 1036 2736 XII.

603 2842 838 2905 Observationes
860 2842 954 2928 bajus
976 2841 1086 2905 Novae
1109 2839 1235 2905 Stellae.

338 3001 533 3066 Memorabile
557 3009 605 3063 est
627 3010 658 3064 et
680 3000 882 3082 superioribus
906 3002 1141 3082 adjungendum,
1167 3003 1303 3064 omnibus
1322 3004 1407 3081 locis,
1432 3005 1598 3087 exquibus

247 3095 287 3155 ad
312 3114 359 3155 mc
383 3093 463 3154 faura
486 3091 554 3156 novi
588 3092 695 3153 sideris
727 3092 880 3170 pervenit,
912 3092 1027 3153 coelum
1050 3111 1104 3172 per
1127 3092 1203 3153 banc
1226 3091 1311 3153 Jovis
1336 3102 1368 3154 et
1390 3094 1501 3156 Martis
1524 3114 1598 3156 cou-

242 3183 429 3266 junctionem
459 3182 613 3262 ipsumque
645 3181 751 3242 sideris
783 3188 918 3241 exortum
951 3182 1041 3242 luisse
1069 3180 1201 3260 pluvium
1234 3182 1455 3245 continentibus
1486 3184 1600 3264 aliquot

249 3274 366 3335 diebus.
413 3271 470 3333 Die
504 3263 590 3350 7117.
615 3267 757 3331 Octobris
790 3268 955 3330 serenitate
987 3270 1130 3332 restituta
1163 3270 1237 3330 haec
1267 3271 1427 3334 observavi
1458 3283 1598 3335 sextante

247 3364 356 3435 ferreo,
381 3360 430 3443 qni
453 3357 647 3440 sequentibus
671 3358 775 3419 diebus
799 3357 952 3419 abundare
977 3359 1180 3438 deprehensus
1205 3359 1261 3420 fuit
1283 3360 1399 3440 aliquot
1421 3361 1552 3423 minutis.

338 3450 455 3513 Occaso
485 3446 575 3518 Sole,
607 3447 689 3508 clara
720 3447 816 3508 adbuc
849 3446 915 3521 die,
948 3447 1074 3510 vidimus
1106 3447 1182 3508 setis
1215 3449 1325 3523 altum,
1360 3458 1521 3531 antequam
1551 3452 1599 3512 vel

247 3540 370 3621 Jupiter
392 3540 441 3600 vel
463 3539 526 3600 ulla
548 3537 639 3598 stella
662 3536 743 3597 cerni
765 3544 879 3615 posset.

651 3654 747 3707 Jovem
773 3692 975 3708 .....
1037 3649 1070 3705 3⁰
1092 3650 1176 3719 28¹ss

653 3735 772 3788 Martem
821 3775 828 3788 .
870 3777 876 3788 .
919 3775 974 3789 ..
1036 3732 1063 3787 8.
1088 3731 1134 3786 31.

399 3818 474 3871 luter
493 3816 598 3871 Noram
652 3815 826 3869 Saturnum.
869 3854 875 3867 .
919 3858 925 3871 .
967 3857 973 3870 .
1037 3810 1336 3868 e.12.velo⁰14‘.

484 3903 515 3950 et
651 3896 801 3949 Humerum
820 3894 910 3966 Sagit.
969 3934 975 3949 .
1017 3893 1063 3949 20.
1108 3894 1135 3948 0.

652 3976 789 4031 Dextrum
809 3992 883 4047 genu
906 3976 975 4046 Opb.
1039 3975 1065 4029 7.
1089 3973 1135 4027 39.
1158 3968 1289 4042 (difficilis
1310 3970 1493 4042 observatio.)

339 4160 424 4224 Haec
447 4181 466 4223 a
489 4168 641 4243 tempore,
666 4180 722 4243 quo
745 4162 849 4237 Nova,
872 4160 1010 4240 Jupiter,
1038 4159 1122 4221 Mars
1152 4159 1319 4221 habuerunt
1351 4160 1537 4222 altitudinem
1562 4157 1601 4224 9⁰

248 4271 343 4333 usque
376 4252 444 4313 dnm
474 4251 549 4313 baec
582 4251 715 4313 decrevit
747 4252 786 4312 ed
819 4250 1008 4312 altitudinem
1032 4244 1080 4312 4⁰.
1127 4248 1293 4323 Saturnus,
1310 4249 1409 4310 ·Nova
1440 4258 1471 4310 et
1501 4251 1598 4311 lemur

249 4341 423 4403 formabant
446 4341 596 4402 scalenum
621 4341 844 4420 acutangulum.
882 4339 979 4401 Erant
1001 4338 1095 4418 primo
1109 4338 1196 4400 Nova
1214 4349 1244 4399 et
1263 4339 1347 4398 Mars
1369 4337 1399 4398 in
1425 4338 1598 4418 aequilibrio

250 4429 425 4502 horizontis,
449 4430 538 4509 paulo
562 4438 633 4510 post
655 4430 743 4491 Nova
767 4437 798 4491 et
819 4427 947 4507 Jupiter.
985 4427 1083 4489 Erant
1106 4428 1134 4487 in
1158 4428 1263 4487 eadem
1286 4434 1370 4488 recta
1392 4427 1489 4502 Nova,
1513 4428 1598 4489 Mars

249 4530 284 4582 et
305 4519 506 4600 posterioria
538 4519 672 4599 trapezio
696 4517 866 4596 Sagittarii,
891 4517 967 4579 Jove
990 4517 1137 4590 inferiori,
1170 4516 1218 4595 qui
1251 4524 1352 4576 tamen
1377 4524 1440 4577 erat
1473 4526 1597 4597 septen-

249 4609 390 4672 trionalis
409 4609 523 4690 aliquot
541 4609 671 4670 minutis.
709 4609 815 4688 Itaque
839 4608 1020 4685 arguebatur
1043 4605 1126 4666 sidus
1141 4605 1178 4666 ab
1198 4603 1336 4685 ecliptica
1352 4606 1596 4684 septentrionale.

754 4715 810 4778 Die
834 4709 918 4791 alls.
945 4711 1094 4773 Octobris.

495 4807 590 4859 Jorem
613 4846 813 4862 .....
876 4803 909 4857 3⁰
931 4805 980 4858 40‘
1001 4803 1053 4857 bis.

251 4887 448 4943 luterNoram
496 4887 644 4940 Humerum
664 4886 755 4957 Segit.
811 4925 818 4938 .
860 4884 906 4938 20.
955 4884 989 4947 1.‚
1021 4883 1074 4936 20⁰
1096 4882 1160 4951 2¹l2‘
1181 4881 1233 4935 bis.
1519 4938 1522 4944 ,

330 4975 362 5022 et
495 4967 632 5021 Dextrum
653 4983 728 5038 genu
750 4964 821 5035 Opb.
882 4962 910 5017 7.
935 4962 981 5018 31.
1022 4962 1150 5017 Difficilis
1186 4962 1343 5018 observatio
1374 4964 1408 5017 ob
1438 4964 1538 5018 stellae
1568 4972 1598 5020 et

884 5043 911 5099 7.
934 5043 980 5100 32.
1080 5043 1253 5098 instrumenti
1274 5043 1343 5098 situs
1362 5043 1551 5102 incommodos.
