3692 5842
605 1325 1110 1433 ruoouuluut

795 1612 805 1617 -
816 1613 818 1617 .
829 1613 926 1621 ·.-——

270 1760 533 1882 Astrouomia,
568 1825 644 1889 quac
669 1808 858 1871 desiderum
884 1810 1013 1871 motibus
1038 1811 1115 1888 agit,
1149 1810 1225 1871 duas
1249 1808 1408 1891 praecipue
1433 1817 1536 1890 partes

178 1892 293 1966 habet,
316 1897 414 1958 altera
438 1897 466 1958 in
493 1896 667 1975 inquirenda
692 1910 722 1961 et
746 1900 955 1977 cognoscenda
980 1900 1075 1961 forma
1098 1908 1230 1960 motuum
1254 1898 1408 1974 consistit,
1433 1899 1534 1978 philo·

176 1981 329 2061 sophicae
354 1986 597 2065 contemplationi
613 1986 802 2064 potissimum
818 1988 963 2061 serviens,
988 1990 1086 2049 altera
1102 1988 1206 2049 exilia
1226 1994 1294 2047 orta
1314 1988 1381 2048 loca
1395 1988 1535 2058 ,siderum

126 2137 128 2142 ,
176 2071 220 2131 ad
245 2074 373 2151 quodvis
407 2084 588 2135 momentum
620 2075 785 2157 investigat
809 2078 899 2137 etad
934 2069 1040 2155 praxin
1070 2097 1137 2138 sese
1162 2076 1536 2161 accommodatprognosi

177 2159 377 2224 fundamenta
395 2164 525 2242 jaciens.
573 2163 668 2225 Biuae
691 2166 748 2227 hae
772 2174 877 2246 partes
891 2167 1018 2244 geminis
1034 2166 1118 2245 quasi
1144 2166 1210 2238 alis,
1236 2164 1314 2244 quod
1331 2165 1419 2225 Plato
1435 2164 1535 2225 dicere

176 2249 288 2310 solitus
304 2261 368 2327 est,
393 2253 538 2314 subnixae
555 2253 582 2314 in
600 2253 714 2316 coelum
730 2255 864 2329 evolant,
890 2255 1094 2333 geometria
1118 2263 1149 2315 ct
1173 2253 1428 2325 arithmetica,
1456 2272 1533 2333 qua-

176 2355 244 2399 rum
269 2347 397 2421 utraque
422 2342 540 2422 quidem
564 2342 680 2422 utrique
705 2345 852 2423 dictarum
876 2343 1022 2422 partium,
1048 2344 1144 2423 magis
1160 2352 1261 2403 tamen
1278 2342 1445 2421 geometria
1459 2360 1533 2402 con·

176 2427 379 2507 templatrici,
405 2430 595 2492 arithmetica
618 2431 770 2510 practicae
784 2433 864 2510 parti
890 2433 1061 2495 fanrulatur.
1109 2432 1250 2494 Summus
1275 2431 1375 2509 itaque
1391 2439 1534 2492 astrono-

176 2515 257 2576 miae
282 2536 360 2596 apex
384 2519 413 2580 in
436 2527 555 2598 partem
581 2520 690 2581 desiuit
714 2521 1009 2596 arithmeticam,
1043 2541 1118 2603 quae
1144 2520 1297 2582 tabulas
1321 2529 1478 2581 motuum
1502 2526 1535 2579 et

176 2603 249 2665 inde
273 2607 428 2668 derivatas
452 2608 670 2687 Ephemeridas
695 2611 912 2690 complectitur.

270 2694 348 2756 Pars
382 2697 565 2776 geometrica
598 2699 709 2760 multas
733 2701 788 2761 snb
813 2719 845 2760 se
871 2699 962 2759 habet
986 2697 1063 2758 alias
1093 2716 1147 2778 pro
1172 2696 1350 2757 diversitate
1375 2694 1531 2769 materiae,

176 2801 268 2861 quam
292 2784 322 2844 in
347 2785 532 2847 astronomia
555 2788 740 2865 geometrica
763 2788 922 2850 sinceritas
948 2787 1053 2848 induit.
1092 2785 1167 2848 Cum
1183 2785 1270 2859 cuim,
1291 2793 1327 2847 ut
1341 2785 1378 2845 ab
1401 2803 1457 2844 ovo
1471 2803 1534 2846 rem

176 2872 348 2947 deducam,
384 2874 413 2935 in
437 2875 743 2938 demonstrationibus
768 2876 978 2952 astronomicis
1009 2876 1066 2936 duo
1091 2875 1151 2936 sint
1174 2874 1385 2955 principiorum
1408 2892 1530 2952 genera,

175 2958 307 3022 alterum
332 2963 640 3038 observationes,
675 2967 800 3027 alterum
835 2966 1025 3026 axiomata
1058 2964 1215 3046 physica
1248 2982 1309 3023 seu
1339 2962 1531 3043 metaphy-

174 3048 274 3122 sica,
308 3051 389 3112 cirea
413 3053 641 3115 observationes
666 3055 783 3134 quidem
809 3063 870 3116 tres
895 3062 999 3132 partes
1024 3054 1225 3114 astronomiae
1249 3053 1402 3124 oriuntur,
1435 3050 1533 3131 prima

143 3133 146 3140 '
174 3138 408 3215 mechanica,
443 3142 645 3203 instrumenta
673 3144 796 3205 tradens
828 3141 1026 3204 observandis
1060 3142 1191 3203 motibus
1220 3141 1401 3203 coelestibus
1426 3140 1534 3201 idonea

173 3227 358 3308 modumque
382 3231 506 3291 utendi:
532 3250 618 3310 quam
642 3232 770 3309 phoenix
795 3232 845 3293 ille
862 3240 1116 3304 astronomorum,
1147 3230 1268 3313 Tycho
1292 3229 1422 3290 Brahe
1446 3248 1475 3309 p.
1492 3248 1531 3291 ιιι.

172 3325 247 3376 aute
273 3317 506 3399 quinquennium
530 3320 625 3381 edidit
649 3325 992 3393 (Gomp.V01.Lp.19⁰):
1026 3321 1125 3381 altera
1147 3319 1347 3388 historica,
1383 3318 1531 3379 observa·

174 3405 276 3466 tiones
300 3405 385 3487 ipsas
409 3409 585 3488 complexa:
620 3410 786 3488 cujusmodi
817 3409 1119 3489 exquisitissimarum
1143 3407 1405 3479 observationum,
1437 3425 1532 3467 annos

172 3496 391 3574 propemodum
414 3493 458 3560 40
482 3498 662 3577 praeteritos
686 3499 963 3578 complectentium,
988 3497 1081 3559 libros
1096 3493 1139 3559 24
1155 3498 1249 3558 lector
1264 3496 1343 3558 sciat
1357 3515 1376 3555 a
1390 3494 1531 3574 Tychone

172 3583 298 3644 relictos
333 3604 419 3659 esse,
454 3605 527 3665 quos
561 3596 727 3666 opportuno
762 3597 895 3668 tempore
931 3588 959 3648 in
990 3588 1086 3648 lucem
1118 3585 1290 3664 prodituros
1324 3601 1411 3663 spero
1439 3592 1531 3656 (comp.

174 3679 231 3730 vol.
250 3680 270 3730 1.
293 3696 318 3745 p.
341 3678 413 3744 19²).
460 3673 541 3745 Quia
562 3693 633 3736 vero
657 3676 752 3737 omnis
783 3676 956 3738 observatio
981 3674 1123 3738 coelestis
1147 3674 1181 3735 tit
1208 3673 1359 3734 mediante
1395 3672 1459 3733 luce
1484 3672 1533 3734 vel

173 3760 293 3834 umbra,
329 3762 485 3844 mediaque
518 3764 625 3825 stellas
649 3764 727 3827 inter
757 3772 789 3826 ct
816 3766 932 3826 oculum
965 3765 1126 3826 distinctas
1155 3763 1268 3824 habent
1301 3761 1476 3822 affectiones
1500 3768 1533 3824 ct

173 3850 304 3928 quaein
339 3852 423 3912 coelo
456 3853 650 3914 observamus
673 3853 722 3914 vei
747 3860 846 3915 motus
879 3862 963 3929 sunt,
998 3872 1122 3933 qnorum
1154 3851 1272 3933 species
1295 3848 1530 3930 retrogradatio,

174 3938 270 3999 statio
286 3948 345 4000 etc.
363 3940 410 4000 vel
425 3960 522 4016 arcus,
548 3940 604 4003 hoc
628 3949 684 4016 est,
710 3943 811 4022 auguli
835 3943 873 4004 ad
898 3943 1004 4018 visum,
1029 3943 1077 4003 vel
1093 3959 1219 4020 corpora
1242 3940 1351 4009 lucida,
1376 3939 1532 4019 omniaque

173 4027 238 4088 ista
269 4029 300 4090 iu
334 4027 435 4108 optica
465 4029 594 4091 scientia
626 4032 869 4101 considerautur,
903 4031 971 4093 hinc
995 4031 1090 4093 oritur
1118 4031 1210 4092 tertia
1232 4048 1305 4109 pars
1329 4029 1532 4089 astronomiae

172 4118 322 4195 optica,
357 4137 444 4197 quam
470 4118 498 4179 iu
529 4137 674 4198 praesens
703 4120 836 4195 tradam,
870 4121 1008 4199 repetitis
1039 4119 1172 4181 breviter
1204 4126 1236 4179 et
1269 4118 1354 4198 quasi
1384 4116 1413 4177 in
1446 4117 1531 4195 priu-

172 4207 320 4285 cipiorum
350 4214 457 4294 pqrte,
490 4226 567 4287 quae
592 4208 709 4269 dehac
740 4229 771 4270 re
801 4211 849 4271 vel
874 4217 979 4271 vetera
1002 4209 1131 4271 Vitellio
1155 4226 1193 4269 ex
1215 4207 1353 4288 professo
1376 4205 1425 4265 vel
1454 4221 1533 4265 nova

172 4296 276 4378 Tycho
301 4295 402 4358 Brahe
427 4297 556 4375 sparsim
580 4297 743 4359 tradidere.

261 4385 403 4446 Altemm
427 4404 522 4464 genus
546 4386 758 4465 principiorum
783 4386 811 4448 in
836 4384 1146 4448 demonstrationibus
1171 4381 1397 4454 astronomicis,
1423 4378 1529 4462 physi-

171 4493 239 4536 cum
263 4492 370 4552 nempe
395 4493 448 4535 seu
473 4474 722 4556 metaphysicum,
742 4495 886 4537 unacum
910 4476 977 4553 ipso
1002 4473 1204 4536 astronomiae
1220 4472 1364 4550 subjecto,
1391 4470 1469 4548 quod
1484 4476 1532 4530 est

170 4562 335 4642 praecipue
360 4571 460 4624 motus
485 4564 630 4638 siderum,
665 4584 712 4626 res
737 4565 873 4646 physica,
900 4572 1065 4644 quartam
1099 4562 1352 4623 astronomiae
1384 4567 1531 4638 partem

170 4652 367 4734 physicam
391 4651 509 4713 scilicet
532 4652 705 4726 coustituit,
730 4654 759 4714 iu
784 4674 842 4734 qua
866 4654 967 4734 agitur
991 4654 1027 4712 de
1047 4651 1148 4712 causis
1172 4658 1303 4710 motuum
1328 4645 1530 4708 efficientibus

170 4742 237 4802 sive
263 4740 439 4815 motoribus,
466 4741 621 4802 decausis
647 4743 821 4826 formalibus
846 4762 898 4803 seu
921 4742 1035 4821 figuris,
1060 4759 1135 4821 quas
1159 4747 1290 4799 ruotores
1315 4737 1469 4807 affectant,
1493 4736 1530 4796 de

170 4830 273 4892 causis
298 4829 508 4891 materialibus
533 4849 585 4891 seu
610 4830 730 4892 orbibus
755 4840 787 4892 ct
806 4839 936 4892 motuum
951 4829 1118 4891 intentione
1133 4828 1180 4888 vel
1196 4827 1372 4889 remissione
1386 4824 1530 4905 physica;

170 4938 261 4999 quam
283 4927 418 4999 partem,
454 4918 479 4980 si
503 4920 585 4981 Deus
609 4919 704 4981 vitam
734 4920 932 4994 concesserit,
967 4917 1256 4980 Commentariis
1288 4917 1331 4978 de
1363 4912 1530 4976 motibus

169 5009 318 5072 Martis
342 5011 396 5084 (ex
419 5007 680 5071 observationibus
704 5007 885 5090 Tychouicis
909 5015 942 5069 et
965 5027 1054 5090 super
1078 5006 1302 5070 fundamentum
1326 5002 1531 5066 astronomiae
1559 5051 1561 5056 ,
