3692 5842
353 493 420 561 340
845 496 1020 545 Astronormas
1038 492 1099 543 Pan
1118 494 1217 559 Optlea.

353 676 449 737 induit,
466 673 506 726 ita
520 675 616 726 eadem
631 688 717 742 opera
731 679 865 727 cometam
880 674 960 744 qnasi
975 674 1160 742 quiescentem
1180 672 1339 726 circumiens
1361 666 1439 739 (nam
1453 670 1514 741 ipse
1528 671 1590 725 fera
1605 676 1718 724 tantum

353 756 490 809 inlatum
511 753 601 806 tendit
621 753 674 806 hac
694 752 896 823 suppositione)
918 757 1034 807 eandem
1055 753 1096 806 illi
1118 753 1237 823 speciem
1263 752 1405 806 circularis
1426 758 1518 805 motus
1544 751 1718 804 conciliabit.

352 837 397 890 lta
417 834 466 888 ille
486 833 701 904 Regiomontani
723 841 842 887 cometes
865 833 891 886 in
912 834 988 888 linea
1007 841 1085 887 recta
1105 851 1121 885 e
1143 832 1352 901 profundissimo
1373 832 1489 886 aethere
1509 838 1630 902 propter
1649 832 1718 884 Ter·

351 930 412 971 ram
440 914 527 977 latus,
560 913 691 983 illamque
721 915 865 967 admodum
897 914 1049 984 propinque
1078 912 1266 982 praeteriens,
1296 912 1510 981 pulcherrimam
1540 912 1717 965 occasionem

351 994 474 1049 inveniet
494 1011 548 1048 uno
574 994 617 1046 die
640 994 667 1045 in
696 995 784 1046 medio
810 994 993 1062 apparitionis
1016 995 1052 1047 to
1074 994 1178 1063 gradus
1204 992 1299 1046 circuli
1319 992 1415 1063 magni
1443 990 1622 1055 conficiendi,
1650 1000 1717 1046 ante

352 1082 382 1127 et
402 1080 466 1145 post
486 1072 687 1144 perexiguum:
717 1073 763 1127 ubi
784 1080 814 1126 et
835 1090 920 1127 causa
942 1074 1065 1143 patebit,
1094 1089 1142 1125 cur
1163 1074 1252 1125 cauda
1273 1072 1321 1126 illo
1347 1072 1480 1141 temporis
1501 1072 1639 1134 articulo,
1663 1090 1717 1143 quo

351 1161 410 1209 tam
431 1154 515 1207 velox
537 1161 645 1206 cometa
667 1152 734 1217 fuit,
757 1154 810 1207 50⁰
832 1154 859 1206 in
880 1153 1052 1226 longitudine
1074 1152 1245 1223 aequaverit.
1283 1153 1337 1206 Per
1358 1150 1405 1206 22.
1429 1152 1522 1222 quarti
1544 1152 1717 1207 Vitellianis.

432 1235 492 1288 Hoc
512 1233 556 1286 usi
576 1233 741 1287 adminiculo
769 1232 878 1301 quidam
899 1236 933 1285 de
955 1233 1040 1286 stella
1061 1232 1126 1285 anni
1151 1232 1234 1285 1572.
1260 1232 1447 1294 affirmarunt,
1470 1238 1546 1286 motu
1568 1232 1716 1286 rectilineo

351 1314 380 1367 in
400 1315 563 1384 profundum
584 1313 706 1366 aetheris
728 1322 877 1381 receptam,
901 1320 1065 1383 argumento
1086 1312 1130 1365 usi
1157 1311 1341 1365 decrescentis
1369 1310 1583 1382 magnitudinis,
1615 1313 1716 1381 quibus

352 1394 460 1464 quidem
481 1395 508 1446 4.
531 1401 561 1445 et
584 1392 648 1445 132.
671 1393 762 1464 quarti
784 1393 944 1445 Vitellionis
966 1393 1114 1446 serviebat.
1151 1394 1252 1445 Verum
1274 1391 1365 1461 optioe
1387 1391 1495 1461 quidem
1516 1398 1594 1446 recte
1618 1392 1670 1454 illi,
1693 1393 1715 1444 si

352 1481 477 1527 assumta
490 1474 544 1526 illis
560 1490 612 1526 sua
626 1473 811 1526 concesseris:
834 1481 955 1525 ceterum
970 1489 1040 1542 quae
1056 1480 1153 1526 contra
1166 1472 1262 1541 'lycho
1275 1472 1370 1524 Brahe
1385 1470 1456 1524 libro
1472 1472 1492 1524 l.
1521 1472 1715 1543 Progymnas-

351 1560 455 1607 matum
470 1554 656 1623 disputaverit
669 1572 705 1607 ex
720 1553 782 1606 aliis
804 1552 925 1606 scientiis
940 1553 1027 1605 solido
1042 1560 1072 1606 et
1085 1568 1188 1622 magno
1205 1551 1319 1620 judicio,
1342 1567 1377 1605 ea
1391 1550 1453 1604 ride
1468 1553 1544 1621 apud
1560 1561 1715 1607 auctorem.

908 1822 1149 1833 *—

917 2089 1038 2188 Caput
1064 2088 1132 2162 XI.

470 2270 527 2332 De
557 2269 732 2350 artificioso
759 2268 972 2329 obser-actione
1003 2267 1232 2329 diametrorum
1255 2265 1344 2328 Solis
1366 2276 1396 2331 et
1418 2268 1535 2329 Lanae
1562 2275 1592 2330 et

821 2355 1034 2436 deligatorum
1061 2357 1232 2437 atriuaqrre.

438 2517 632 2579 Problema
652 2518 677 2578 Ι.
722 2516 1007 2577 lustramentum
1031 2515 1241 2595 eclipticum
1264 2524 1492 2578 construere.
1532 2512 1640 2577 Scena
1658 2515 1713 2576 sub

349 2606 398 2670 dio
417 2606 552 2686 erigatur
570 2606 679 2687 pannis
698 2604 792 2684 nigris
813 2603 1018 2684 totuplicibus,
1041 2623 1078 2666 ne
1098 2604 1168 2684 quid
1190 2605 1264 2667 lucis
1283 2605 1437 2684 irmmpat
1472 2603 1507 2667 Si
1528 2603 1606 2666 baec
1626 2603 1713 2665 deest

346 2695 554 2767 commoditas,
569 2695 711 2757 conclave
728 2692 858 2773 eligatur
872 2692 1032 2754 obversum
1046 2693 1074 2753 in
1089 2694 1220 2773 plagam,
1237 2694 1315 2756 unde
1331 2692 1412 2755 Solis
1427 2694 1567 2756 defectus
1582 2700 1712 2773 specta·

346 2785 447 2849 bitur:
472 2785 513 2847 sit
536 2785 603 2847 huic
627 2782 764 2846 conclavi
787 2782 887 2861 paries
910 2802 968 2845 noa
993 2801 1125 2851 crassus,
1151 2783 1199 2861 qui
1216 2784 1378 2844 fenestram
1398 2784 1566 2863 praebeat:
1592 2781 1712 2862 possit·

349 2893 406 2956 que
431 2874 597 2936 cumbaec
621 2874 842 2935 fenestratum
866 2889 968 2932 omues
993 2872 1086 2933 rimae
1115 2871 1249 2933 obturari
1282 2880 1389 2934 eontra
1419 2873 1495 2934 lucis
1528 2872 1709 2949 ingressum.

347 2963 465 3025 Deinde
489 2962 593 3044 regula
617 2962 758 3024 fabrcfiat
781 2969 912 3040 quantae
936 2960 998 3021 fieri
1022 2969 1125 3040 potest
1148 2961 1351 3037 longitudinis,
1376 2961 1464 3039 cujus
1488 2961 1587 3021 lineae
1608 2980 1711 3022 omnes

347 3063 449 3116 rectae
473 3053 544 3125 sint,
570 3052 726 3113 crassities
751 3057 893 3130 quantam
918 3068 1003 3110 asser
1027 3049 1186 3110 dedolatus
1210 3050 1352 3128 praebet,
1378 3050 1508 3112 latitudo
1533 3048 1709 3128 semipedis.

345 3141 393 3203 Ea
416 3142 459 3203 sic
484 3148 620 3222 aptetur,
653 3150 687 3201 ut
718 3140 789 3219 quia
818 3138 918 3199 flexile
946 3147 994 3197 est
1018 3138 1147 3216 lignum,
1181 3139 1209 3198 in
1234 3139 1355 3200 dorsum
1381 3138 1550 3212 incumbat,
1576 3149 1610 3199 et
1635 3139 1712 3200 inter

347 3231 449 3311 capita
473 3232 538 3292 loco
562 3229 751 3299 intermedio,
775 3246 832 3305 quo
855 3226 951 3287 minus
975 3227 1125 3289 flectatur.
1172 3229 1217 3289 At
1240 3247 1335 3307 neque
1359 3228 1390 3288 in
1415 3229 1513 3290 medio
1538 3228 1711 3289 latitudinis

346 3321 531 3401 perforetur,
564 3339 601 3379 ue
626 3317 804 3379 imbecillius
829 3316 941 3376 factum
975 3315 1131 3393 frangatur
1160 3335 1214 3377 suo
1246 3317 1389 3395 pondere.
1438 3317 1518 3387 Quin
1543 3318 1648 3396 potius
1672 3317 1711 3377 ad

347 3410 456 3472 lineam
481 3410 577 3483 dorsi,
611 3408 656 3468 cui
691 3405 888 3468 incubiturum
912 3411 974 3474 est,
1004 3414 1160 3466 coassetur
1192 3406 1363 3476 trabecula,
1394 3417 1428 3468 ut
1451 3407 1480 3468 in
1504 3408 1711 3469 coassationia

347 3499 427 3561 linea
455 3505 591 3560 centrum
625 3495 779 3557 foraminis
808 3513 861 3555 seu
894 3492 1069 3553 matriculae
1101 3493 1243 3554 constitui
1272 3495 1378 3573 possit.
1428 3498 1615 3559 Matriculae
1640 3516 1711 3558 sous

349 3588 484 3650 axiculos
508 3587 558 3648 sit.
606 3582 1156 3646 Deindefiatcolumellaversatilis
1181 3602 1365 3661 superare,
1400 3586 1428 3646 in
1458 3606 1577 3649 summo
1610 3589 1710 3662 bifida,

348 3687 381 3739 ut
403 3678 513 3740 fissura
535 3675 705 3737 crassitiem
729 3673 850 3749 regulae
875 3672 1023 3748 excipere,
1048 3671 1211 3748 perforata,
1237 3680 1270 3733 ut
1294 3675 1399 3735 eodem
1423 3696 1489 3737 cum
1513 3677 1622 3757 regula
1642 3681 1710 3740 axi-

347 3766 415 3827 culo
438 3765 538 3845 trajici
561 3763 669 3843 possit.
713 3759 891 3829 Trabecula,
913 3760 941 3818 in
958 3778 1017 3837 qua
1031 3759 1189 3821 matricula
1212 3763 1403 3825 columellam
1427 3766 1593 3844 excipiens,
1620 3770 1712 3847 tignis

352 3855 528 3935 aequalibus
551 3852 621 3913 hinc
645 3851 713 3911 iude
738 3848 934 3909 transversim
952 3848 1143 3927 surgentibus
1163 3850 1353 3912 columellam
1377 3852 1406 3914 ia
1431 3856 1476 3916 sui
1501 3858 1710 3928 (trabeculae)

346 3942 559 4023 perpendiculo
584 3946 736 4006 statuant,
766 3956 840 3998 cavo
865 3937 1019 4015 complexu
1044 3937 1231 3998 columellam
1255 3948 1385 4002 teretem
1410 3943 1439 4004 in
1463 3945 1587 4008 sublimi
1612 3948 1710 4008 inclu-

348 4030 456 4092 dentes
477 4036 546 4100 (ric).
587 4027 665 4088 Iluic
680 4026 852 4087 trabeculae
868 4034 930 4087 tros
946 4025 1023 4085 aliae
1039 4026 1199 4100 socientur,
1220 4036 1254 4088 ut
1268 4048 1305 4089 ex
1321 4031 1458 4093 omuibus
1473 4034 1527 4095 fiat
1541 4037 1708 4114 parallelo·

348 4138 510 4196 graminum
544 4116 770 4194 rectaugulum‚
804 4113 869 4174 loco
893 4114 995 4175 circuli
1019 4114 1219 4176 azimuthalis.
1267 4115 1370 4197 Capiti
1395 4139 1466 4182 vero
1491 4124 1712 4198 columnam

348 4228 405 4287 quo
430 4207 496 4267 axis
520 4206 549 4265 in
575 4203 760 4266 trabeculam
789 4203 864 4275 enit,
899 4202 1103 4263 committatur
1126 4213 1157 4265 et
1180 4216 1338 4268 coassetur
1362 4217 1529 4273 transtrum
1553 4214 1584 4275 io
1609 4233 1710 4277 earnm

346 4295 539 4375 planitierum
562 4293 737 4354 columellae
758 4291 865 4363 altera,
891 4311 966 4369 quae
982 4291 1116 4352 fissuram
1136 4292 1230 4354 habet
1253 4314 1354 4375 supra,
1380 4309 1412 4359 et
1430 4302 1633 4366 confibuletur
1656 4304 1711 4365 boc

350 4402 466 4463 quoque
490 4389 655 4443 transtrum
684 4380 860 4441 columellae
888 4380 1101 4452 transversali,
1136 4390 1169 4442 ut
1193 4392 1276 4444 recto
1301 4389 1412 4464 angulo
1436 4389 1599 4453 columella
1624 4403 1710 4454 tm.

347 4481 412 4532 stro
436 4470 611 4530 cohaereat:
637 4477 669 4529 et
692 4476 858 4528 transtrum
881 4469 1162 4546 parallelogrammo
1186 4471 1360 4535 incumbens
1381 4477 1408 4538 si
1428 4489 1599 4555 moveatur,
1625 4482 1708 4544 colu-

347 4558 468 4618 mellam
493 4565 662 4618 convertat.
709 4556 885 4615 Transtmm
915 4555 1099 4630 longitudine
1124 4559 1164 4619 sit
1186 4560 1312 4636 idonea,
1339 4564 1368 4626 in
1393 4566 1491 4629 medio
1517 4578 1657 4645 exemto,
1680 4579 1711 4630 ot

348 4644 518 4706 crassitiem
543 4645 665 4722 regulae
688 4645 746 4704 hac
777 4644 884 4704 fissura
912 4645 1014 4721 capiat
1046 4646 1207 4727 regulaque
1241 4669 1307 4710 cum
1332 4662 1469 4717 transtro
1494 4664 1527 4719 et
1550 4659 1711 4723 columella

349 4732 590 4794 circumferatur:
622 4732 767 4811 simulque
791 4730 894 4808 regula
919 4749 1022 4791 versus
1046 4734 1190 4796 verticem
1215 4739 1289 4817 erigi
1314 4751 1367 4803 aut
1392 4764 1499 4807 versus
1524 4747 1710 4811 horizontem

349 4820 466 4881 demitti
497 4819 609 4898 possit,
643 4827 783 4897 quantum
809 4816 889 4878 Solis
923 4818 1051 4881 altitudo
1085 4823 1139 4884 sub
1168 4826 1347 4906 principium
1380 4841 1412 4893 et
1439 4834 1530 4897 tinem
1560 4838 1709 4919 eclipseos

348 4909 492 4985 postulat.
541 4907 706 4986 Propterea
729 4915 761 4967 et
784 4906 972 4968 columellam
995 4919 1059 4970 tam
1082 4913 1175 4973 altam
1199 4934 1267 4976 esse
1291 4922 1452 4993 convenit,
1486 4934 1520 4986 ut
1544 4928 1709 5007 parallelo-

347 5011 513 5072 graminum
543 4995 677 5074 regulam
705 4991 841 5072 nuspiam
872 4994 1030 5075 impediat,
1063 5006 1096 5060 et
1122 5009 1288 5067 mansuum
1316 5016 1381 5072 tam
1403 5010 1529 5091 longum
1553 5016 1708 5096 ipsamque
