3692 5842
855 506 939 576 Caput
955 509 988 563 V.

821 832 942 931 Caput
975 830 1020 905 V.

239 1013 298 1080 An
318 1014 450 1080 nondno
475 1015 640 1096 agnetam
667 1015 732 1078 sint
754 1013 945 1084 arbitrario,
974 1029 1016 1071 aa
1042 1030 1114 1073 vero
1140 1010 1309 1077 naturalia
1330 1020 1360 1076 et
1381 1013 1601 1096 significativo.

335 1171 445 1236 Dicam
468 1172 559 1251 igitur
581 1173 713 1235 secundo
737 1172 802 1235 loco
826 1172 863 1232 de
887 1170 1001 1249 origine
1025 1169 1185 1244 nominum,
1210 1171 1315 1252 quibus
1338 1172 1439 1234 sidera
1461 1180 1532 1235 sunt
1554 1172 1603 1234 in-

243 1259 371 1342 signita.
417 1261 460 1323 Et
482 1268 553 1323 sunt
576 1261 695 1341 quidem
718 1260 819 1340 magni
843 1259 912 1334 viri,
938 1259 986 1338 qui
1006 1257 1191 1334 existimant,
1216 1260 1354 1322 desumta
1376 1280 1444 1322 esso
1468 1262 1603 1324 constel-

241 1349 391 1414 lationum
414 1349 535 1411 uomina
557 1350 596 1411 ab
620 1350 738 1412 occulta
760 1348 956 1429 proprietate,
982 1366 1040 1428 qua
1063 1348 1199 1426 polleant
1222 1349 1297 1411 haec
1317 1349 1419 1412 sidera
1434 1369 1507 1430 prae
1523 1349 1602 1426 aliis,

242 1455 381 1520 quaeque
417 1437 625 1518 periclitandis
657 1438 807 1499 hominum
830 1435 991 1514 genesibus
1015 1436 1077 1496 sint
1099 1436 1250 1498 inventae.
1298 1435 1357 1508 Qui
1390 1438 1434 1500 sio
1457 1438 1602 1513 sentiunt,

242 1525 268 1592 ii
293 1526 469 1612 adsciscant
488 1527 581 1588 etiam
604 1528 643 1588 ad
668 1527 807 1589 tuendam
830 1526 907 1587 banc
931 1524 1113 1587 sententiam
1127 1524 1346 1600 illaIndorum,
1371 1525 1605 1599 Chaldaeorum,

240 1615 466 1697 Aegyptiorum
489 1615 617 1695 plurima
640 1634 783 1676 annorum
807 1614 915 1686 millia,
939 1625 973 1675 ut
996 1613 1072 1676 satis
1095 1614 1239 1693 temporis
1263 1614 1429 1695 largiantur
1452 1615 1604 1678 veteribus

243 1703 285 1768 ad
309 1703 385 1766 baec
408 1704 630 1784 investiganda.
677 1701 855 1784 Quanquam
879 1722 934 1782 ego
959 1703 1080 1765 diversa
1099 1702 1213 1765 ratione
1229 1723 1318 1784 quam
1332 1704 1422 1766 Picus
1440 1705 1497 1767 hoc
1512 1722 1604 1784 argu-

245 1802 382 1856 mentum
412 1811 536 1872 usurpo,
569 1812 627 1854 uon
660 1793 835 1854 ademtnrus
868 1812 902 1853 eo
936 1791 1098 1870 astrologis
1130 1811 1247 1853 omnem
1277 1793 1406 1854 omnium
1431 1794 1605 1873 dogmatum

244 1880 484 1962 experientiam,
519 1881 596 1961 qued
627 1880 678 1943 ille
702 1882 790 1950 facit,
824 1882 877 1943 sed
901 1889 1091 1955 ostensurus,
1125 1881 1200 1942 haec
1223 1880 1253 1942 in
1277 1881 1377 1960 specie
1401 1881 1523 1945 nomina
1544 1900 1604 1944 nen

242 1967 368 2044 reabse
392 1970 491 2031 stellis
515 1970 553 2031 ab
577 1969 778 2050 experientia,
810 1968 868 2031 nisi
891 1979 1025 2043 constet,
1061 1970 1166 2031 eadem
1190 1969 1264 2031 duce
1292 1969 1492 2050 experientia,
1518 1969 1605 2032 utin

244 2057 359 2122 ceteris
383 2058 499 2120 artibus
523 2058 626 2138 aliqua
648 2058 739 2120 etiam
764 2077 904 2120 successu
929 2058 1096 2120 seculomm
1116 2058 1276 2120 emendata
1300 2066 1332 2120 et
1352 2059 1381 2120 in
1397 2059 1504 2121 melius
1520 2077 1606 2120 com·

242 2154 367 2210 mutma
394 2147 499 2209 fuisse.
546 2144 631 2208 Satis
665 2155 787 2209 constat
818 2167 856 2208 ex
889 2146 1051 2218 Cicerone,
1079 2146 1270 2221 Ptolemaeo,
1299 2146 1441 2222 Manilio,
1464 2146 1605 2223 Firmino,

243 2253 306 2298 non
330 2234 450 2298 demum
474 2234 528 2298 sub
552 2236 692 2314 Augusto
716 2244 748 2297 et
771 2235 890 2297 Tiberio
915 2234 1099 2298 Caesaribus
1123 2235 1151 2296 in
1174 2234 1344 2297 Romanum
1366 2235 1524 2315 imperium
1546 2236 1605 2297 im·

242 2332 410 2406 portatam,
435 2323 489 2385 sed
512 2322 678 2405 antiquitus
701 2334 855 2405 receptam
878 2344 945 2387 cum
969 2344 1043 2386 sana
1067 2323 1194 2386 scientia
1217 2324 1295 2386 bano
1318 2324 1411 2386 etiam
1429 2324 1605 2387 nomencla-

242 2419 348 2476 turam
371 2411 532 2491 signorum.
575 2410 661 2474 Satis
684 2413 775 2475 etiam
797 2413 911 2476 clarum
935 2423 984 2476 est
1006 2433 1044 2475 ex
1061 2412 1156 2474 Esaia
1170 2411 1333 2493 Propheta,
1358 2414 1412 2475 snb
1435 2413 1606 2476 monarchis

242 2499 460 2583 Babylonicis,
490 2501 608 2582 quando
640 2510 803 2582 coeperunt
834 2503 963 2583 eclipses
997 2501 1182 2579 consignari,
1216 2503 1255 2563 ad
1287 2501 1438 2581 publicum
1469 2502 1606 2567 delirium

244 2607 341 2672 usque
353 2589 445 2651 luisse
456 2589 620 2652 exercitam
633 2591 828 2669 astrologiam
843 2600 1026 2672 matremque
1042 2589 1197 2652 exstitisse
1212 2592 1390 2671 praecipuae
1405 2590 1604 2667 idololatriae,

245 2677 319 2740 dum
342 2678 498 2759 spiritibus
520 2680 710 2758 planetarum
732 2678 846 2741 fictitiis
861 2679 915 2741 sub
931 2679 1108 2741 electionum
1122 2687 1283 2759 praetextu
1297 2680 1446 2742 servirent
1459 2679 1604 2743 homines.

246 2763 330 2838 Quid
354 2766 391 2828 de
410 2767 498 2830 Mose
522 2766 633 2842 dicam,
659 2786 746 2847 quem
769 2767 899 2848 quidam,
924 2768 1060 2847 legentes
1084 2766 1113 2829 in
1138 2769 1218 2831 omni
1241 2768 1370 2831 scientia
1387 2768 1607 2852 Aegyptiorum
1719 2840 1725 2850 ⁸

245 2853 398 2917 eruditum
422 2854 525 2931 fuisse,
550 2855 579 2916 in
600 2856 766 2934 astrologia
780 2857 865 2936 ajunt
880 2856 1074 2918 excelluisse:
1100 2858 1178 2937 quod
1197 2877 1235 2919 ex
1249 2858 1383 2920 Luciane
1402 2858 1604 2920 confirmatur.

243 2945 351 3024 Atque
374 2943 400 3005 is
424 2940 490 3007 800
514 2944 601 3005 annis
624 2963 682 3005 non
711 2946 778 3024 plus
810 2965 829 3005 a
858 2945 969 3006 diluvio
995 2944 1101 3007 abfuit.
1150 2946 1243 3028 Atqui
1275 2947 1367 3009 etiain
1399 2947 1490 3027 paulo
1523 2955 1604 3021 ante,

245 3041 384 3112 tempere
409 3030 443 3095 S.
466 3030 548 3107 Jebi,
572 3034 806 3111 percrebuerunt
828 3035 1012 3115 quorundam
1035 3035 1166 3097 siderum
1189 3035 1318 3098 nomina.
1361 3036 1465 3117 ltaque
1485 3044 1605 3114 tempus

244 3119 287 3184 ad
310 3121 554 3184 constituendam
577 3121 654 3183 hano
677 3122 829 3201 signorum
852 3124 977 3184 effeetus
1001 3122 1158 3185 scientiam
1182 3124 1308 3205 indeque
1332 3123 1512 3187 derivandae
1529 3142 1603 3187 con-

246 3209 457 3273 stellationum
480 3212 591 3289 figuras
615 3211 775 3272 admodum
798 3212 908 3286 breve,
934 3218 1040 3273 contra
1062 3229 1134 3274 vere
1158 3219 1286 3292 tempus,
1311 3233 1369 3293 quo
1388 3214 1513 3295 antiqua
1528 3213 1606 3275 ratio

245 3298 440 3379 nuncupandi
463 3298 566 3361 sidera
588 3298 646 3360 huc
673 3318 765 3379 usqne
789 3300 866 3361 citra
898 3319 1015 3362 omnem
1048 3300 1246 3362 mutationem
1279 3301 1414 3375 duravit,
1448 3301 1608 3384 admodum

245 3385 371 3468 longum
394 3387 533 3449 efficitur.
582 3384 663 3457 Quid
685 3388 755 3449 novi
778 3408 905 3468 namque
930 3388 1045 3450 invexit
1064 3388 1200 3450 Arabum
1224 3388 1253 3448 iu
1277 3388 1334 3450 bac
1358 3397 1424 3450 arte
1448 3389 1606 3464 sedulitas,

245 3475 327 3558 quod
351 3476 389 3537 ad
414 3475 541 3556 antiqua
563 3495 601 3537 ex
624 3477 798 3538 Ptolemaeo
822 3485 854 3538 et
875 3477 1002 3539 Manilio
1035 3488 1108 3539 uota
1139 3476 1286 3556 principia
1318 3476 1418 3539 reduci
1451 3496 1546 3557 exque
1569 3477 1607 3539 iis

245 3563 380 3628 derivari
403 3584 462 3627 non
486 3564 606 3645 possit?
646 3565 689 3627 Ut
712 3566 757 3626 ita
779 3565 987 3627 ratiocinando
1012 3585 1050 3626 ex
1074 3564 1226 3626 veteribus
1245 3563 1399 3645 principiis
1418 3565 1609 3645 siderumque

243 3652 428 3727 nominibus,
451 3673 511 3716 non
536 3653 800 3733 experimentando
824 3674 911 3729 nova,
937 3654 1126 3735 disciplinam
1149 3653 1297 3716 auxerint.

337 3740 401 3805 Sed
433 3742 588 3805 audiamus
620 3743 677 3803 hae
710 3741 748 3805 de
781 3761 813 3804 re
846 3763 884 3804 ex
910 3741 962 3804 illo
989 3743 1125 3806 Arabum
1157 3743 1259 3804 seculo
1289 3742 1452 3816 hominem,
1485 3741 1608 3805 vixdum

243 3837 358 3894 renata
380 3850 419 3894 ex
440 3830 582 3895 Arabicis
606 3830 759 3893 codicibus
782 3832 966 3894 astronomia
988 3831 1142 3894 imbutum.

338 3920 481 3982 Humana
500 3919 618 3999 quidem
635 3920 801 3999 persuasio,
827 3920 924 4002 inquit
946 3921 967 3983 J
974 3940 1114 3984 oannes
1139 3920 1185 3983 de
1209 3918 1324 3983 Sacro
1347 3920 1484 3996 Bosco,
1509 3919 1608 3981 stollis

244 4025 388 4070 numeros
413 4007 765 4071 etnominafeeitnon
790 4010 898 4071 exsui
926 4018 1048 4083 natura,
1082 4010 1137 4072 sed
1170 4009 1389 4091 significatione
1422 4008 1610 4074 distinctioni

225 4096 489 4172 ·aocommodata,
515 4095 593 4159 unde
615 4095 808 4160 Bernhardus
832 4096 998 4180 Sylvestris
1022 4098 1109 4161 dicit:
1125 4095 1151 4173 ⁶)

571 4212 711 4267 Communi
731 4233 766 4268 ne
787 4232 853 4269 voce
875 4216 916 4269 rei
936 4215 1077 4288 generalis
1099 4218 1238 4281 oberrent,

623 4293 702 4356 Quae
722 4297 801 4349 modo
822 4302 887 4349 sunt
907 4296 997 4350 stellis
1018 4296 1136 4362 nomina,
1158 4297 1225 4350 fecit
1245 4296 1334 4350 homo.

339 4387 417 4450 Item
440 4384 588 4466 Virgilius
611 4388 663 4451 lib.
688 4391 712 4451 Ι.
738 4388 851 4470 Georg.

517 4494 623 4549 Navita
643 4498 706 4551 dum
726 4498 816 4552 stellis
837 4514 964 4553 numeros
985 4505 1016 4552 et
1035 4500 1147 4554 nomina
1166 4499 1254 4553 feeit>

570 4574 707 4642 Pleiades,
728 4579 850 4649 Hyades,
872 4579 1032 4650 claramque
1051 4580 1189 4651 Lycaonis
1209 4583 1322 4634 Arcton.

341 4680 406 4741 Iino
429 4697 501 4741 vero
524 4680 655 4760 ipsorum
676 4682 766 4744 etiarn
780 4683 915 4744 Arabum
935 4683 1071 4745 saniores
1091 4684 1262 4757 audiamus,
1288 4683 1448 4763 praecipue
1463 4680 1608 4743 Abraha-

250 4787 332 4832 mnm
340 4768 511 4845 Abenezra,
528 4769 611 4848 cujus
626 4772 719 4834 verba
730 4772 787 4833 hoc
804 4771 901 4851 ipsum
916 4772 1048 4835 dicentia
1062 4771 1131 4833 vide
1147 4772 1333 4852 apudPicum
1345 4772 1397 4833 lib.
1406 4770 1438 4835 8.
1446 4788 1512 4849 cap.
1523 4764 1608 4842 15.⁸)

341 4855 472 4920 Omnino
496 4855 675 4921 credendum
699 4867 756 4933 est,
780 4862 837 4922 dno
861 4861 955 4923 fuisse
971 4880 1083 4941 genera
1101 4861 1260 4934 hominurn,
1288 4861 1338 4940 qui
1361 4859 1468 4922 stellas
1491 4858 1521 4919 in
1545 4857 1608 4918 lor-

254 4962 321 5008 mas
344 4946 490 5027 quasdam
513 4946 703 5026 redegerunt,
729 4949 878 5028 agricolas
902 4957 935 5011 et
956 4958 1077 5012 nautas.
1124 4949 1171 5013 De
1186 4947 1335 5029 agricolis,
1361 4947 1410 5029 qui
1425 4944 1609 5028 antiquiores

258 5031 413 5111 ridentur,
437 5034 500 5098 dixi
523 5053 625 5116 supra.
673 5035 828 5108 Quomodo
861 5039 941 5102 eninr
973 5038 1140 5120 intelligere
1172 5045 1311 5119 possent,
1345 5034 1446 5100 Solem
1470 5033 1610 5096 absoluta
