3692 5842
244 465 311 534 430
667 467 768 520 nean
782 467 888 534 sapor
906 466 1177 534 mamm

245 646 435 728 sphaericam
467 666 557 709 unam
590 647 777 727 superficiem
812 646 885 708 iecit
917 647 1045 709 alteram
1075 646 1198 725 planam
1226 645 1332 725 (quam
1362 644 1488 727 insuper
1507 646 1585 710 aaa

246 736 388 797 excavari
411 755 519 814 magno
542 737 679 817 prosectu
702 755 793 815 posse
816 754 884 797 mea
906 736 1061 816 Dioptrice
1084 736 1204 808 docet),
1227 753 1288 796 non
1310 743 1397 797 carto
1420 753 1478 797 nec
1499 735 1584 798 desti·

245 834 317 886 nato
340 844 413 886 arcu
436 826 529 887 totius
552 827 716 909 sphaerae3
740 825 795 885 sed
809 843 863 885 nec
883 824 948 903 ipse
967 825 1086 905 quidem
1109 823 1296 885 subtilitates
1318 824 1585 887 mearan'dernos·

245 912 425 975 strationum
450 914 600 993 applicare
631 915 713 988 scio,
747 922 782 974 ut
810 913 947 992 praecise
977 914 1016 974 ad
1051 912 1220 993 quaesitum
1249 912 1391 975 effectum
1412 913 1585 994 pertingant.

244 1003 348 1082 Atque
372 1012 403 1063 ιιι
436 1004 526 1082 plane
559 1004 668 1064 artifex
696 1002 817 1081 egregio
845 1002 1076 1081 epiphonemate
1107 1001 1279 1063 concludis.
1314 1002 1404 1081 plura
1433 1020 1587 1104 proponere

244 1092 516 1169 contemplantem,
540 1112 628 1172 qnam
653 1100 834 1170 exsequatur
857 1110 947 1170 opere
969 1092 1014 1165 is,
1048 1090 1095 1151 cui
1117 1090 1292 1169 imperatur.
1339 1087 1404 1154 Gur
1435 1090 1587 1171 igiturne

243 1188 377 1241 mutuum
401 1180 530 1255 habeas)
554 1191 586 1242 tn
609 1182 700 1260 panio
724 1199 815 1258 supra
838 1199 895 1241 non
919 1180 1047 1259 potuisti
1069 1180 1211 1254 credere,
1244 1196 1292 1240 mc
1319 1179 1423 1240 animo
1432 1179 1586 1283 praecepti

244 1277 277 1330 et
300 1269 379 1329 serio
404 1268 577 1331 exhibuisse
601 1290 697 1330 meam
721 1268 890 1329 fabricam?
927 1266 1043 1331 Scribis
1067 1267 1154 1342 enirn,
1178 1267 1331 1328 manullo
1355 1269 1459 1349 operia
1477 1268 1586 1351 experi-

244 1365 347 1419 mento
370 1357 436 1431 niti,
461 1358 514 1418 sed
538 1378 620 1420 mera
643 1357 861 1439 speculatione,
886 1366 919 1417 ιιι
942 1357 1100 1437 profitetur
1121 1354 1318 1418 Dissertatio.

335 1444 423 1516 Quod
447 1465 553 1507 cavum
577 1447 689 1508 attinet
711 1445 876 1525 specillum,
901 1465 980 1507 nova
1003 1445 1074 1507 milri
1098 1447 1225 1507 verbera
1247 1445 1401 1520 intentas,
1425 1444 1481 1506 sed
1503 1443 1585 1507 inita

244 1533 410 1617 Specillum
433 1554 538 1595 cavum
563 1537 666 1596 eodem
690 1535 850 1596 intervallo
874 1555 892 1594 a
915 1553 1051 1596 convexo
1074 1534 1248 1596 distmctnm
1271 1533 1299 1596 si
1321 1533 1368 1596 sic
1385 1533 1585 1606 adhaerescat,

244 1634 278 1684 ιιι
300 1623 366 1684 loco
391 1625 502 1685 moveri
527 1643 584 1684 non
607 1624 715 1702 possit,
739 1641 927 1703 nequaquam
948 1623 1045 1685 servit
1068 1623 1198 1684 omnium
1221 1622 1335 1696 oculis,
1360 1622 1418 1684 aed
1441 1639 1517 1701 opus
1536 1623 1585 1684 erit

245 1714 284 1773 ad
308 1713 444 1773 canalem
467 1713 511 1773 sic
535 1713 743 1773 invariabilem
766 1713 987 1791 permutatione
1009 1730 1152 1773 cavarum
1181 1711 1315 1772 lentium.
1361 1712 1409 1773 At
1440 1709 1585 1773 mistas

246 1801 423 1879 compendio
447 1801 589 1862 subvenit
612 1800 735 1862 licentia
754 1800 890 1861 variandi
908 1801 986 1861 hanc
1000 1800 1176 1861 distantiam
1195 1800 1269 1861 tubo
1292 1800 1429 1862 exemtili
1451 1808 1485 1860 et
1497 1807 1585 1862 ausa

243 1890 314 1963 tili;
339 1889 382 1952 sic
405 1891 484 1951 enim
509 1889 572 1950 lens
596 1891 701 1951 eadem
724 1908 801 1951 cava
824 1889 907 1949 vario
937 1889 998 1949 situ
1026 1890 1122 1951 sicem
1145 1889 1225 1968 gerit
1255 1890 1418 1951 multarum
1440 1888 1544 1950 eod·
1561 1897 1586 1949 et

245 1998 306 2040 uno
329 1978 400 2039 situ.
446 1978 675 2039 Demonstratio
699 1979 728 2039 in
752 1977 926 2056 Dioptricis.

335 2066 482 2146 Superest
520 2068 615 2145 ligura
653 2066 797 2127 caritatis
830 2067 859 2125 in
900 2067 981 2127 lente
1021 2065 1171 2144 propiore.
1230 2065 1300 2127 Non
1336 2073 1412 2145 puto
1447 2064 1535 2126 sliam
1561 2073 1585 2126 tr

247 2156 362 2217 vidisse
395 2175 483 2235 quam
516 2156 715 2235 sphaericam.
772 2155 851 2215 liam
884 2154 1109 2236 hyperbolicam
1141 2161 1319 2215 constanter
1349 2163 1467 2234 negant
1497 2172 1586 2216 omncs

244 2251 400 2306 nostrates
424 2246 539 2305 tornari
561 2264 669 2325 posse;
693 2244 793 2305 sulcos
809 2243 886 2303 enim
902 2243 987 2303 reddi
1010 2243 1182 2314 circulares,
1207 2243 1277 2303 dum
1291 2242 1418 2304 intimus
1443 2242 1586 2305 formaut'n

245 2334 394 2413 sphaerae
418 2334 630 2413 hyperbolicae
654 2333 742 2395 umbo
765 2351 841 2412 pene
863 2332 936 2393 nihil
959 2332 1058 2404 radit,
1091 2332 1200 2410 quippe
1223 2332 1291 2392 axis
1313 2332 1431 2393 tornati
1454 2331 1584 2406 conoidia

245 2422 399 2484 exteriora
422 2422 579 2501 plurimum
603 2421 731 2489 radunt,
756 2440 810 2482 nec
835 2421 906 2482 lieet
929 2421 997 2482 huic
1019 2420 1062 2481 rei
1085 2420 1245 2481 subvenire
1276 2420 1429 2481 varietata
1461 2421 1584 2501 applica·

244 2510 369 2573 tionum.
415 2511 494 2573 Nam
518 2511 615 2589 portio
639 2511 785 2589 sphaerae
809 2517 913 2589 potest
936 2510 1044 2588 ubique
1067 2508 1212 2588 applicari
1235 2508 1275 2569 ad
1289 2508 1456 2570 cavitatem
1470 2509 1585 2592 patellas

245 2600 352 2661 eadem
376 2600 535 2678 sphaerica
558 2601 714 2682 superficie
737 2608 922 2671 excavatae,
956 2609 1020 2660 tam
1052 2599 1082 2660 in
1115 2599 1180 2677 ejus
1211 2608 1315 2659 centro
1339 2599 1390 2660 val
1415 2616 1489 2671 ue,
1512 2615 1585 2679 quan

244 2688 325 2767 apud
349 2690 470 2750 limbum
495 2689 638 2750 extimum
663 2698 694 2749 et
717 2687 861 2749 vicissim.
907 2688 976 2750 Non
1006 2688 1050 2748 sio
1080 2687 1227 2750 conoides
1257 2686 1377 2765 vulgari
1405 2686 1437 2747 in
1468 2686 1586 2759 labdcat

244 2777 335 2838 umbo
370 2778 450 2838 enim
482 2778 598 2838 nonnisi
628 2778 740 2839 vertice
769 2777 856 2838 sedet
886 2776 914 2836 in
945 2776 1088 2838 caritatis
1118 2784 1251 2837 centrum
1275 2794 1329 2836 seu
1353 2776 1490 2838 laudm
1532 2775 1586 2837 lta·

245 2884 302 2945 qne
335 2873 408 2944 puto
441 2866 510 2927 vitri
544 2868 708 2928 cavitatem
740 2866 832 2926 fnisse
863 2864 1063 2945 sphaericam.
1118 2864 1198 2926 Nam
1231 2872 1264 2925 et
1294 2863 1353 2926 hoc
1385 2873 1480 2937 noto,
1509 2864 1586 2926 etin

245 2952 398 3015 Galilacio
423 2954 620 3016 instrumento
645 2954 823 3033 distorqueri
847 2953 979 3014 visibilia
1002 2963 1034 3015 et
1055 2954 1140 3015 reddi
1168 2952 1321 3014 exteriora
1352 2955 1472 3033 majora
1493 2962 1525 3015 et
1543 2969 1586 3033 ιιι

245 3042 403 3121 quadratis
437 3043 544 3104 aurita
593 3044 709 3105 l'itium
743 3050 791 3103 est
821 3043 851 3102 in
883 3061 938 3116 eo,
971 3042 1041 3120 quia
1067 3061 1175 3103 cavum
1202 3061 1260 3102 non
1292 3049 1342 3102 est
1364 3041 1585 3124 hyperbolicam

244 3129 348 3192 Causa
371 3150 423 3192 cur
449 3131 478 3192 in
502 3151 578 3192 cavo
602 3133 743 3194 conoides
767 3132 862 3209 figura
884 3150 941 3191 non
965 3132 1064 3209 possit
1086 3131 1152 3192 sine
1175 3130 1365 3191 incommodo
1385 3131 1511 3211 negligi,
1532 3147 1586 3190 cun

244 3219 273 3279 in
297 3237 431 3279 convexo
456 3222 572 3299 possit,
607 3230 655 3282 est
686 3221 748 3280 ista
775 3219 844 3299 quia
872 3238 978 3279 cavum
1002 3229 1050 3280 est
1073 3220 1246 3281 necessario
1269 3238 1382 3299 magna
1405 3220 1506 3300 portio
1527 3236 1586 3281 soa

243 3308 390 3386 sphaerae
414 3309 462 3369 vel
488 3310 583 3389 quasi,
608 3328 773 3374 convexum
798 3327 855 3368 non
879 3310 962 3369 item.
1010 3307 1072 3369 Sed
1101 3328 1160 3369 non
1190 3308 1313 3370 difficile
1343 3309 1438 3370 fuerit
1461 3308 1586 3371 Galilaea

242 3396 425 3458 comminisci
471 3418 579 3460 novum
626 3416 720 3476 genus
763 3397 935 3468 machinae,
983 3417 1042 3477 qna
1083 3398 1173 3458 etiarn
1219 3396 1328 3458 landus
1365 3399 1436 3460 cavi
1479 3398 1588 3460 radatur

242 3485 447 3547 vehementius
471 3505 560 3565 quam
588 3486 766 3587 vulgariter,
797 3505 816 3545 a
843 3486 982 3564 partibus
1010 3487 1091 3547 circa
1118 3496 1217 3547 motus
1240 3504 1329 3546 axem
1353 3487 1419 3547 lere
1443 3488 1587 3586 quiescen-

242 3574 332 3635 tibus.
380 3575 483 3634 Talem
510 3575 670 3635 modum
657 3594 723 3653 Jam
755 3574 819 3652 ipse
844 3593 960 3653 qnoque
984 3575 1013 3634 in
1043 3584 1162 3653 promtu
1193 3575 1309 3635 habeo
1340 3584 1375 3636 et
1406 3576 1549 3650 sortasse,
1568 3573 1588 3635 ι’

242 3663 443 3723 successerint
467 3663 621 3730 instituta,
644 3663 691 3722 vel
715 3682 784 3723 mea
806 3682 895 3723 mauu
920 3664 1081 3741 aggrediar
1105 3664 1259 3725 fabricam.

329 3750 441 3811 Dixi
433 3771 461 3811 ιιι
485 3752 709 3812 Dissertatione
742 3751 778 3810 de
812 3752 1061 3830 multiplicatione
1093 3771 1295 3813 converarum
1326 3752 1474 3825 lentium
1505 3751 1590 3814 verit·

241 3838 318 3898 sima
341 3839 531 3916 deprehendo
555 3840 647 3900 etiam
671 3841 874 3917 experientia,
908 3841 962 3900 sed
995 3859 1138 3902 successu
1167 3861 1224 3902 non
1248 3841 1315 3914 tali,
1346 3841 1472 3921 qualem
1493 3841 1523 3903 in
1543 3841 1590 3902 hoc

241 3944 350 4002 genere
374 3927 561 3988 instrumenti
586 3929 764 4007 quaerimus.
810 3928 893 3989 Situs
918 3929 995 3989 oculi
1020 3939 1092 3990 ante
1115 3941 1229 4009 puncta
1251 3948 1420 3991 concursus
1444 3940 1495 3992 est
1515 3928 1590 3992 sirni-

243 4014 311 4073 liter
335 4026 435 4074 certus
459 4025 490 4075 et
516 4016 606 4093 plane
638 4017 835 4078 necessarius.
882 4018 1039 4095 Dioptrice
1067 4038 1135 4079 mea
1167 4019 1261 4079 etiam
1294 4017 1425 4080 ulterius
1455 4017 1591 4100 procedit

240 4102 319 4162 Nam
343 4102 368 4161 si
393 4103 478 4162 oculo
508 4103 598 4165 liceat
630 4117 772 4183 punctum
803 4106 858 4165 hoc
891 4124 1055 4166 concursus
1086 4107 1319 4169 transscendere
1343 4116 1377 4167 et
1400 4107 1592 4189 multiplicare

240 4209 392 4250 convexas
416 4192 527 4262 lentes,
552 4215 659 4271 ιρισιις
683 4193 818 4254 oriuntur
842 4195 891 4254 vix
914 4194 1127 4274 explicabiles,
1158 4197 1216 4257 uisi
1241 4197 1309 4276 quis
1332 4215 1354 4256 a
1376 4198 1473 4276 priori
1494 4213 1593 4259 notat

242 4278 393 4356 inspiciat.
441 4279 597 4341 Successit
621 4282 668 4341 hic
692 4289 722 4341 et
746 4282 928 4344 mechanice.
967 4284 1074 4363 ltaque
1093 4284 1367 4365 docetDioptricc,
1393 4286 1490 4349 etiam
1512 4283 1593 4348 nera

240 4368 382 4428 convexis
407 4369 513 4428 eadem
536 4382 711 4447 praestare
741 4389 816 4448 quae
841 4390 973 4435 concavo
997 4383 1028 4433 et
1051 4391 1204 4446 conve103
1238 4374 1312 4436 item
1345 4374 1440 4436 situm
1472 4375 1538 4437 cari
1566 4381 1593 4432 el

240 4456 364 4515 convexi
389 4469 580 4534 pervertere:
604 4458 731 4535 denique
756 4460 837 4517 varie
861 4473 891 4520 et
910 4461 1042 4559 ¹jucunde
1066 4481 1137 4522 can:
1125 4481 1226 4523 arum
1251 4464 1416 4525 rimatores
1440 4465 1568 4526 eludare.

329 4543 374 4603 Tn
397 4563 468 4603 sero
492 4545 593 4622 quid'
586 4566 613 4604 ιιι
639 4542 810 4605 Galilaenrn
838 4549 982 4625 respicis,
1016 4562 1049 4609 ut
1081 4552 1315 4613 instrumentum
1345 4552 1421 4613 mihi
1454 4553 1592 4633 porrigat.

242 4649 319 4708 quo.
301 4631 366 4690 .tui
397 4630 486 4690 animi
520 4651 611 4691 sensa
643 4633 797 4731 p'ertidere
831 4637 967 4713 possim?
1013 4636 1110 4707 Quasi
1147 4639 1187 4700 ad
1225 4640 1304 4701 banc
1337 4659 1403 4702 rem
1436 4642 1510 4704 mibi
1540 4655 1590 4702 uo·

240 4718 358 4777 abunde
383 4731 460 4777 tua
451 4720 580 4779 ιιιιιιιι
604 4720 667 4798 epi
653 4721 741 4788 tela,
767 4726 929 4801 autquasi
954 4726 1110 4806 qnisquam
1134 4741 1165 4786 te
1190 4728 1373 4808 ipsopossit
1395 4748 1469 4791 esse
1492 4729 1574 4792 bae'
1565 4745 1590 4790 rt

241 4824 272 4864 re
297 4807 488 4882 ingeniosior
536 4811 669 4886 ,-ιιιιιιιι
661 4827 736 4885 ego,
771 4812 829 4871 etsi
864 4813 943 4873 haud
967 4816 1103 4894 equidem
1128 4816 1183 4875 tali
1207 4836 1256 4877 me
1279 4817 1389 4895 dignor
1413 4819 1540 4890 bonore,
1561 4825 1589 4877 ιι

242 4911 308 4950 eum
332 4894 477 4953 docere
463 4913 598 4972 s,perem
633 4896 681 4973 qui
706 4915 752 4956 me
776 4899 926 4960 ιιι-ιιι
907 4921 962 4982 pos
963 4904 1022 4974 sit,
1057 4905 1127 4983 quia
1159 4921 1261 4965 tamen
1284 4906 1500 4986 philosophiae
1521 4908 1587 4986 eju.

241 4996 317 5056 quae
345 4999 442 5042 rerum
466 4992 604 5043 naturam
628 4983 764 5062 inspicit,
799 4988 911 5050 hactus
945 5010 1004 5052 non
1036 4993 1157 5054 aliunde
1187 4994 1397 5072 praestantior
1423 4995 1587 5078 percipitur
