3692 5842
239 483 304 550 506
679 484 830 536 ommam
848 482 1149 538 munsterum

239 664 341 725 Lunas
365 662 654 723 circum-Martiales
673 669 706 723 et
719 662 1012 740 circum-Venerios,
1038 662 1065 722 si
1087 679 1164 743 ques
1178 660 1319 723 Galilaee
1333 661 1405 723 olim
1427 661 1593 742 deprehen-

239 770 326 813 surus
350 770 394 822 es,
418 751 560 812 facillime
586 752 764 812 locaturum.

327 840 439 901 Tecum
463 837 602 900 Galilaee
627 840 737 918 incepi,
762 848 861 900 tecum
883 840 973 900 linem
996 839 1116 900 faciem.
1162 837 1286 899 Miraris
1308 855 1368 899 non
1393 840 1523 910 frustra,
1546 859 1594 901 cur

239 936 325 990 tauto
353 928 521 989 discrimine
551 927 766 1008 magnitudinis
789 928 929 988 Medices
956 928 1059 989 sidera
1081 947 1153 988 snas
1181 934 1301 987 mutent
1323 927 1430 990 facies.
1479 925 1592 989 Causas

239 1037 314 1096 quas
338 1016 522 1079 comminisci
542 1019 607 1097 quis
626 1027 731 1097 posset
751 1025 813 1077 tres
832 1016 933 1095 rejicis
957 1025 1063 1096 argute
1083 1022 1116 1077 et
1134 1015 1359 1078 mathematice.
1398 1016 1494 1078 Ponis
1513 1035 1593 1077 unam

239 1106 394 1187 physicam
418 1114 451 1166 ut
478 1106 668 1185 possibilem,
701 1107 738 1167 de
772 1125 831 1184 qua
860 1115 980 1183 tempus
1012 1106 1143 1165 docebit.
1162 1100 1204 1176 ¹¹)
1250 1102 1392 1167 Occurrit
1422 1123 1496 1166 rero
1528 1104 1591 1166 mihi

239 1197 319 1257 ista:
344 1195 368 1255 si
389 1203 517 1274 quotuor
539 1196 569 1256 hi
588 1195 730 1274 planetae
754 1194 829 1254 disci
845 1193 942 1254 forma
963 1194 1054 1273 pleno
1068 1193 1107 1254 ad
1121 1193 1229 1254 Jorem
1242 1211 1391 1255 converso
1405 1192 1591 1268 circumeant,

238 1291 273 1345 ut
296 1284 334 1343 ad
358 1302 500 1343 excursus
524 1284 672 1344 maximos
699 1282 785 1343 nobis
809 1290 841 1343 et
864 1281 929 1343 Soli
953 1283 1135 1361 objiciantur
1158 1290 1192 1343 ut
1213 1281 1327 1356 lineae,
1351 1301 1446 1361 supra
1469 1292 1502 1342 et
1523 1281 1592 1344 inire

239 1372 421 1433 irradientur
443 1372 731 1450 perpendiculariter
752 1372 971 1451 videanturque
994 1372 1106 1450 magni,
1131 1379 1164 1432 et
1181 1372 1260 1432 forte
1283 1371 1519 1433 diversicolores
1540 1372 1591 1432 sint

239 1480 293 1539 pro
321 1460 498 1521 diversitate
526 1462 728 1540 planitierum.
774 1459 914 1521 Sufficiat
937 1460 1098 1521 monuisse.
1124 1492 1165 1503 -
1206 1457 1296 1529 Quod
1329 1469 1474 1540 superest
1505 1460 1589 1521 rehe-

240 1557 357 1611 menter
379 1549 434 1609 ebs
458 1557 489 1609 te
511 1561 583 1628 peto
608 1547 747 1609 Galilaee
772 1548 976 1622 celeberrime,
1001 1557 1036 1610 ut
1058 1548 1089 1609 in
1111 1548 1303 1610 observando
1330 1557 1455 1610 strenue
1479 1567 1588 1628 pergas,

240 1655 375 1719 quosque
399 1637 587 1698 observando
612 1639 703 1698 fueris
728 1645 899 1710 assecutus,
924 1637 1012 1698 nohis
1035 1637 1132 1716 primo
1156 1656 1272 1718 qnoque
1302 1645 1441 1717 tempore
1465 1657 1588 1699 commo·

240 1725 340 1800 nicee,
374 1725 500 1805 denique
533 1726 737 1809 prolixitatem
771 1727 848 1786 hsnc
881 1744 979 1787 meam
1010 1726 1188 1805 dicendique
1215 1727 1254 1787 de
1282 1733 1394 1788 nature
1428 1726 1589 1788 libertates

240 1814 309 1875 boui
333 1815 485 1876 consulas.
536 1816 623 1877 Vale.
671 1817 789 1894 Pragae
817 1810 866 1877 19.
892 1815 1008 1894 Aprilis
1035 1811 1130 1877 1610.

328 1903 582 1982 Postscripta.
629 1902 663 1964 Si
687 1923 776 1965 uuum
799 1903 896 1964 adhuc
924 1904 1004 1965 diem
1032 1912 1274 1984 exspectassem,
1300 1900 1446 1965 Galilseo
1469 1913 1587 1964 mutuum

240 1991 404 2071 rependere
428 1994 604 2071 potuissem.
642 1992 731 2054 liora
756 1994 844 2065 enirn,
870 2011 927 2052 uon
952 2002 986 2053 ut
1000 1990 1132 2054 Galilaei
1155 1991 1335 2071 probabilia,
1360 1992 1436 2053 llcet
1457 1993 1588 2061 incndite,

241 2081 294 2142 sed
319 2089 425 2142 contra
448 2082 536 2161 longe
565 2081 790 2154 absurdissime,
816 2081 887 2141 licet
909 2100 1001 2160 saepe
1021 2083 1152 2159 jactata,
1177 2080 1282 2142 retulit
1303 2080 1467 2159 catalogus
1493 2081 1587 2143 nundi·

240 2189 346 2231 narum
378 2170 698 2244 Francofordeusium,
739 2170 884 2230 Thoonem
922 2170 1070 2250 quendam
1104 2168 1420 2251 Gephyrendrum
1457 2170 1586 2231 circulnn

240 2259 418 2339 quadrasse.
465 2259 557 2319 Nulla
581 2259 629 2319 hic
649 2259 712 2338 jorn
735 2260 810 2321 fides
834 2259 939 2332 oculis,
965 2261 1043 2320 retio
1066 2278 1137 2320 vero
1161 2277 1251 2319 aures
1274 2258 1313 2318 sd
1336 2259 1467 2337 primam
1492 2260 1586 2320 tunm

240 2347 404 2409 obturavit.

330 2437 430 2508 Alius,
453 2435 656 2514 Wollgangus
685 2433 857 2496 Satlerus
888 2434 1085 2508 Basiliensis‚
1118 2435 1299 2497 Mercurium
1331 2436 1380 2508 (et
1412 2436 1510 2515 ipsum
1534 2437 1585 2515 jan

241 2525 311 2585 olim
335 2524 467 2585 Deorum
497 2524 635 2584 nuncium
663 2524 827 2597 creditum)
855 2524 986 2597 emittit,
1022 2524 1221 2604 significatum
1255 2524 1441 2604 astrologis,
1475 2525 1584 2604 trigints

240 2615 386 2693 graduum
409 2622 565 2692 aspectum
589 2613 742 2673 efficacem
766 2632 845 2674 esse.
893 2611 1040 2674 Gratulor
1067 2614 1125 2692 ipsi
1148 2615 1186 2673 de
1214 2613 1323 2692 agnita
1349 2614 1431 2674 domi
1459 2615 1581 2674 veritate.

239 2702 327 2764 Foris
358 2703 386 2763 in
419 2710 507 2781 parte
548 2701 644 2763 salsus
674 2713 722 2762 est
758 2702 903 2762 nuncius:
942 2710 1026 2763 errat
1057 2701 1087 2763 in
1125 2691 1221 2781 primo
1258 2703 1427 2764 inventore.
1483 2703 1583 2764 Monuit

240 2790 423 2852 Maestlinus
447 2790 596 2851 Thesibns
628 2790 692 2851 suis
715 2789 752 2850 de
782 2800 913 2850 motuum
947 2790 1097 2851 verietate
1121 2812 1149 2852 s.
1177 2785 1271 2852 1606.
1300 2792 1401 2853 editis.
1450 2789 1580 2871 Usmpari

241 2897 297 2958 ego
327 2879 405 2940 hunc
437 2887 593 2960 aspectum
627 2878 666 2938 ab
693 2898 721 2939 a.
751 2876 845 2941 ¹603.
893 2879 1043 2941 Videatur
1065 2888 1097 2941 et
1127 2897 1212 2941 meus
1234 2879 1356 2940 Tertius
1380 2880 1579 2948 interveniens.

240 2968 287 3028 his
307 2968 413 3030 iisdem
437 2968 576 3029 nundinis
599 2968 751 3045 prodiens.
798 2968 914 3030 Nomen
939 2967 1102 3030 semisexto
1126 2967 1206 3029 dedi.
1252 2967 1418 3030 Rationem
1442 2970 1505 3050 ejas
1525 2968 1579 3049 pnl-

242 3056 419 3118 cherrimam
443 3058 623 3136 pollicentur
645 3076 713 3118 mea
736 3057 931 3118 Harmonice.
950 3053 991 3129 ¹¹)
