3692 5842
347 455 413 523 224
813 455 1003 520 Pautpsmsns
1020 457 1046 505 vn
1065 455 1231 509 vtuuronen.

347 633 439 696 riales
476 632 613 693 obtinent
650 631 865 705 latitudinem),
899 641 1028 695 videlicet
1054 642 1167 696 interior
1188 649 1218 697 et
1243 643 1370 713 superior
1402 632 1466 705 (vel
1499 632 1646 696 australis
1676 641 1708 694 et

347 720 492 795 borealis)
528 748 546 784 a
575 731 639 785 Sole
673 721 755 799 (jam
794 720 964 793 occidente)
995 731 1152 801 aequaliter
1186 731 1428 797 illuminabantur,
1458 735 1593 787 merendo
1623 732 1708 787 etiam

346 811 476 866 circulum
507 810 661 865 latitudinis
692 828 833 881 quousque
863 810 947 864 etiam
974 813 1071 864 ambae
1092 817 1187 880 partes
1218 812 1371 882 superficiei
1402 812 1541 867 interioris
1572 812 1705 882 ejusden.

347 901 476 956 videlicet
495 903 596 955 dextra
616 915 648 952 ac
664 900 777 954 sinistra
799 891 866 961 (seu
891 888 1045 951 orientalis
1068 899 1099 950 et
1120 889 1331 963 occidentalis)
1353 902 1500 972 aequalem
1521 918 1540 955 a
1557 901 1625 956 Sole
1645 902 1707 956 iliu·

348 991 522 1045 minationem
544 996 719 1057 acceperant.
762 988 853 1049 Quare
882 988 904 1040 si
926 990 993 1043 radii
1016 989 1127 1043 Solares
1158 990 1301 1044 irrefracte
1322 992 1356 1044 ad
1382 989 1470 1045 risum
1496 981 1567 1052 (seu
1594 982 1707 1041 iriatrtr·

349 1070 495 1140 mentum)
527 1077 683 1131 venissent:
710 1076 828 1131 circulus
854 1077 1008 1131 latitudinis
1030 1068 1179 1140 (sectione
1203 1069 1248 1128 sui
1272 1068 1491 1147 eteciipticae)
1519 1080 1611 1134 locum
1637 1078 1708 1134 Solis

353 1157 418 1238 (qui
446 1157 528 1235 prius
553 1156 582 1216 in
605 1155 729 1217 meridie
754 1156 907 1229 inventus,
938 1165 970 1216 et
994 1157 1146 1218 additione
1170 1166 1268 1218 motus
1293 1157 1403 1219 horarii
1427 1158 1521 1219 debiti
1553 1166 1708 1220 correctus

349 1247 431 1318 eret)
456 1256 552 1325 utiquc
573 1256 748 1310 ostendisset.
791 1257 844 1311 Sed
865 1256 1046 1310 differentiam
1067 1257 1228 1316 notabilem¹
1242 1257 1342 1326 reperi.
1386 1246 1472 1319 (Alio
1496 1247 1564 1308 loco
1582 1245 1637 1308 Sol
1661 1247 1708 1308 in·

349 1334 525 1397 veniebatur
543 1353 581 1394 eu
605 1335 771 1396 meridiana
797 1334 1017 1407 observatione,
1043 1336 1102 1396 alio
1126 1336 1192 1397 loco
1218 1354 1254 1394 ex
1279 1335 1467 1415 vespertina)
1495 1353 1527 1399 et
1553 1346 1628 1401 banc
1648 1347 1707 1417 qai-

349 1437 410 1489 dem
433 1422 661 1495 (differentiam)
682 1433 839 1488 differenter
864 1426 936 1495 (non
953 1442 1071 1502 semper
1090 1424 1250 1495 eandem):
1270 1433 1402 1502 majorem
1417 1435 1525 1504 quidem
1539 1436 1605 1490 dum
1625 1435 1709 1489 deeli-

353 1515 430 1569 natio
451 1514 523 1568 Solis
545 1514 676 1567 modicum
698 1522 825 1567 creverat
846 1521 896 1567 aut
916 1515 1086 1579 decreverat,
1108 1514 1238 1568 minorem
1257 1531 1331 1578 vero,
1353 1531 1413 1567 cum
1434 1514 1600 1569 notabiliter
1620 1523 1709 1569 muta·

351 1598 445 1658 batur,
469 1601 501 1647 ut
522 1593 549 1646 in
570 1593 695 1647 solstitiis
717 1595 873 1658 maximam,
895 1594 922 1646 in
944 1594 1123 1663 aequinoctiis
1145 1611 1210 1647 vero
1232 1594 1384 1648 minimam:
1419 1595 1493 1667 (non
1518 1595 1599 1673 quod
1624 1603 1710 1655 tauta

351 1682 494 1746 fueritin
519 1681 594 1760 ipsis
618 1681 849 1742 retractionibus
874 1680 1018 1753 varietas,
1043 1683 1096 1743 sed
1117 1683 1186 1761 quia
1204 1683 1261 1743 etsi
1286 1681 1448 1743 declinatio
1463 1681 1546 1743 Solis
1571 1681 1710 1764 utrinque

351 1770 519 1853 aequaliter
566 1771 806 1832 adulteraretur:
831 1770 902 1849 quia
924 1777 1024 1830 tamen
1049 1789 1086 1830 ex
1110 1770 1311 1833 declinatione
1340 1769 1469 1832 habetur
1497 1770 1658 1849 longitudo
1680 1781 1712 1830 et

350 1880 388 1923 ex
415 1859 527 1922 vitiosa
560 1858 760 1920 declinatione
791 1860 901 1921 vitiosa
926 1859 1096 1936 longitudo,
1132 1860 1199 1938 plus
1229 1859 1322 1938 igitur
1351 1859 1426 1921 haec
1450 1859 1480 1920 in
1505 1859 1711 1922 declinatione

349 1949 503 2012 aberratio
528 1947 621 2021 fallit,
653 1948 703 2009 nbi
728 1948 774 2008 uni
805 1948 909 2027 gradui
945 1947 1139 2026 longitudinis
1169 1949 1285 2010 unicum
1316 1947 1529 2010 declinationis
1563 1949 1710 2010 minutum

351 2037 529 2118 respondet,
558 2036 637 2116 qnod
661 2036 695 2096 fit
719 2056 822 2098 versus
854 2036 1003 2108 solstitia,
1029 2055 1116 2115 quam
1141 2037 1189 2098 ubi
1218 2037 1267 2098 uni
1295 2037 1401 2116 gradui
1429 2035 1634 2116 longitudinis
1648 2035 1711 2118 ‘24‘

352 2124 563 2190 declinationis
587 2126 780 2204 respondent,
805 2134 839 2187 ut
859 2126 886 2186 in
912 2125 1137 2204 aequinoctiis.)
1171 2137 1238 2190 eum
1259 2153 1328 2207 ergo
1349 2136 1376 2190 in
1398 2152 1497 2190 occasu
1519 2135 1595 2191 Solis
1615 2135 1711 2190 ambos

350 2227 467 2282 circulos
484 2213 670 2293 (eclipticam
685 2222 715 2274 et
732 2213 914 2286 latitudinis)
936 2240 953 2278 a
974 2224 1055 2288 Sole,
1087 2233 1118 2278 ut
1144 2226 1315 2295 praedictum
1345 2235 1406 2290 est,
1438 2226 1610 2281 illuminator
1641 2225 1710 2279 ridi:

351 2321 527 2378 nequaquam
549 2303 621 2359 Solis
643 2322 731 2374 nequo
752 2323 788 2358 ex
810 2323 843 2358 eo
865 2304 980 2358 Veneris
1001 2305 1090 2359 locum
1112 2322 1204 2359 verum
1226 2306 1322 2361 habui.
1360 2305 1444 2378 (Jam
1477 2305 1556 2366 enim
1588 2304 1710 2372 dictum,

350 2398 377 2457 si
402 2397 457 2457 hoc
481 2395 575 2463 lieret,
600 2392 696 2453 visum
721 2412 789 2452 esse
813 2392 932 2454 differre
955 2411 1057 2454 verum
1085 2403 1116 2453 et
1134 2394 1211 2455 hunc
1231 2394 1463 2467 refractorium.)
1490 2403 1520 2458 Si
1542 2411 1640 2458 autem
1661 2403 1711 2457 cir·

350 2487 413 2542 culo
436 2483 590 2539 latitudinis
621 2497 705 2552 super
733 2484 792 2536 loco
814 2482 886 2537 Solis
913 2482 1017 2553 posito,
1048 2500 1098 2553 per
1129 2484 1349 2539 observationem
1380 2484 1560 2540 meridianam
1590 2491 1712 2554 remo,

353 2575 438 2638 atque
460 2582 522 2635 per,
538 2563 705 2617 additionem
726 2570 815 2616 motus
837 2562 897 2631 ejus
927 2564 1078 2617 intermedii
1107 2567 1232 2629 reducto,
1259 2565 1287 2618 in
1309 2583 1406 2620 occasu
1428 2565 1500 2620 Solis
1522 2565 1641 2619 eundem
1661 2564 1712 2618 eir·

350 2648 441 2704 cuium
462 2661 557 2699 versus
580 2643 671 2697 Solem
692 2643 815 2707 exhibui,
841 2643 911 2713 (troc
932 2651 988 2715 est,
1009 2642 1033 2701 si
1050 2661 1136 2721 quem
1155 2642 1252 2703 locum
1269 2642 1350 2705 Solis
1370 2644 1399 2706 in
1419 2642 1543 2706 meridie
1568 2641 1712 2704 methodo

351 2734 414 2798 alia
438 2741 470 2794 et
493 2740 577 2793 certa
601 2729 797 2809 reperiebam,
823 2738 853 2791 et
877 2730 1031 2791 additione
1055 2731 1211 2810 portionis,
1237 2751 1313 2811 quae
1337 2732 1463 2812 tempori
1487 2752 1507 2792 a
1524 2730 1651 2793 meridie
1673 2731 1712 2792 ad

352 2841 492 2886 occasum
517 2820 725 2899 competebat,
752 2839 957 2894 correxeram,
992 2820 1017 2879 si
1049 2818 1077 2879 ei
1109 2820 1230 2900 inquam
1265 2822 1329 2882 loco
1366 2820 1509 2883 circulum
1541 2818 1712 2884 latitudinis

352 2910 544 2993 applicarem,
570 2917 601 2968 ct
625 2908 668 2968 sic
692 2909 799 2969 affixos
823 2908 954 2970 invicem
978 2909 1016 2968 ad
1041 2907 1141 2969 Solem
1171 2909 1357 2970 occidentem
1387 2909 1597 2984 devolvercm)
1621 2919 1713 2994 quoad

351 3011 413 3081 ejus
432 2997 550 3071 (circuli
566 2996 750 3069 latitudinis)
770 3008 928 3077 superficies
943 3007 1056 3061 interior
1066 3009 1143 3061 modo
1153 3009 1296 3077 praedicto
1307 3008 1530 3072 illuminabaturr
1546 2997 1713 3079 (neglecte,

286 3110 288 3114 ’
353 3100 386 3151 ut
410 3089 489 3150 idem
508 3086 536 3147 in
559 3084 700 3164 ecliptica
718 3086 829 3160 fieret),
854 3097 966 3151 veritati
988 3096 1165 3166 propinquius
1188 3097 1308 3161 accessi,
1331 3086 1374 3159 (in
1399 3087 1637 3167 investigatione
1657 3087 1713 3148 loci

354 3174 551 3258 longitudinis
571 3173 663 3235 Solis.
702 3174 780 3235 Nam
806 3175 974 3236 latitudinis
999 3176 1126 3236 circulus
1150 3176 1326 3253 praesertim
1351 3176 1380 3237 in
1405 3175 1597 3255 aequinoctio
1621 3193 1714 3237 seruo

353 3265 427 3330 Sole
451 3264 607 3326 occidente
630 3282 712 3348 pene
731 3262 884 3324 incidebat
907 3265 936 3325 in
957 3264 1148 3324 verticalenr:
1174 3263 1274 3341 itaque
1299 3263 1450 3338 rct'ractio,
1476 3283 1554 3344 quae
1578 3263 1714 3326 soletin

354 3353 492 3424 verticali
517 3351 589 3424 tieri,
613 3370 689 3430 pene
714 3353 809 3413 omnis
834 3352 1019 3413 concedebat
1042 3352 1070 3411 in
1095 3351 1286 3413 latitudinem
1314 3371 1417 3432 parurn
1441 3353 1552 3414 vitiata
1577 3353 1714 3433 longitu-

354 3445 450 3517 dine).
493 3454 589 3524 Neque
615 3442 746 3513 (tamen)
768 3451 819 3504 illa
839 3452 885 3504 via
905 3450 1062 3504 sufficiebat
1087 3440 1179 3520 (quod
1191 3459 1249 3503 non
1264 3442 1354 3521 plane
1370 3441 1716 3504 coinciderentcirculus

353 3532 522 3597 latitudinis
556 3539 587 3592 et
620 3530 774 3592 verticalis
798 3549 850 3590 seu
875 3529 1094 3601 rct'ractorius).
1143 3540 1185 3593 Ob
1214 3557 1295 3609 quam
1322 3559 1379 3594 rem
1406 3560 1444 3596 ex
1474 3541 1612 3596 toramine
1641 3541 1715 3612 apud

353 3635 472 3696 oculum,
497 3620 590 3701 (quod
615 3617 867 3699 repraesentabat
891 3618 987 3679 locum
1012 3616 1093 3678 Solis
1127 3622 1296 3698 oppositum
1327 3639 1448 3694 verum,
1482 3621 1640 3682 inventum
1663 3637 1717 3701 per

354 3711 599 3776 observationem
625 3707 821 3769 meridianam
837 3716 868 3767 et
892 3707 1044 3767 reductum
1060 3707 1097 3766 ad
1118 3707 1221 3768 boram
1241 3707 1463 3770 observationis
1478 3708 1568 3788 hujus
1587 3727 1715 3790 vesper-

354 3804 451 3874 tinae)
481 3810 614 3880 piunulae
635 3808 755 3878 appendi
785 3807 1023 3876 perpendiculum,
1055 3805 1168 3874 speciali
1197 3806 1309 3876 ingenio
1338 3799 1432 3877 (quod
1466 3796 1716 3878 perpendiculum

354 3888 610 3969 repraesentabat
638 3885 811 3946 verticalem
836 3885 992 3956 circulum)
1016 3895 1226 3958 considerando,
1256 3896 1326 3964 quod
1354 3903 1498 3965 puuctum,
1526 3895 1607 3967 cnjus
1628 3897 1718 3952 rora·

355 3988 530 4057 refringitur,
556 3975 654 4053 (cujus
672 3975 767 4035 vicem
787 3974 843 4034 hoc
863 3974 928 4033 loco
946 3972 1025 4050 gerit
1040 3973 1135 4034 sectio
1155 3973 1257 4034 circuli
1282 3973 1451 4036 latitudinis
1469 3994 1537 4036 cum
1556 3975 1717 4056 ecliptica)

353 4087 476 4132 centrum
493 4075 576 4136 nisus,
596 4067 629 4133 (a
654 4062 733 4123 dicto
760 4062 900 4122 foramine
926 4064 1199 4141 repraesentatum)
1219 4081 1337 4141 punctus
1360 4062 1405 4134 (iu
1425 4064 1504 4126 aeris
1528 4064 1717 4143 superficie),

355 4174 374 4211 a
395 4174 448 4227 quo
469 4156 502 4209 tit
523 4152 661 4214 retractio,
683 4160 713 4205 et
733 4152 969 4222 perpendicularis
992 4169 1010 4205 a
1023 4158 1125 4221 puncto
1146 4151 1328 4214 retractionis,
1350 4153 1378 4206 in
1398 4169 1454 4208 uua
1473 4161 1540 4208 auat
1560 4154 1718 4225 superficie,

353 4243 459 4316 (quarn
474 4233 521 4293 bic
545 4229 741 4309 imaginamur
755 4230 876 4308 planum
896 4230 998 4290 circuli
1020 4229 1197 4302 verticalis).
1226 4242 1265 4295 Et
1290 4241 1432 4306 videbam,
1463 4244 1527 4298 dum
1552 4243 1718 4300 intonueris

355 4333 503 4404 eclipticas
525 4349 558 4385 ac
579 4330 671 4382 circuli
693 4329 848 4382 latitudinis
869 4326 985 4391 (verum
1007 4319 1102 4379 locum
1117 4317 1198 4379 Solis
1222 4323 1529 4397 repraesentarem
1557 4341 1719 4388 mutuetur

353 4422 503 4478 horizontis
533 4428 648 4474 venerat
674 4408 738 4487 (qui
770 4408 846 4468 situs
875 4408 1078 4487 respondebat
1100 4425 1171 4469 vero
1201 4409 1321 4469 occasui
1347 4407 1460 4485 Solis),
1490 4423 1564 4490 quod
1590 4421 1638 4477 sor
1668 4439 1720 4492 per

353 4514 476 4567 toramen
499 4510 614 4563 alterins
637 4509 767 4577 pinnulae
793 4499 913 4567 (versus
939 4495 1056 4569 Solem,
1083 4516 1139 4576 quo
1164 4494 1242 4557 alias
1266 4505 1383 4558 tantum
1407 4498 1436 4559 in
1466 4498 1568 4561 stellis
1592 4499 1718 4570 utebar)

352 4602 427 4657 titum
447 4597 635 4669 perpendiculi
658 4597 747 4649 mhuc
768 4595 942 4648 illuminavit.
988 4585 1080 4658 (Dedi
1104 4603 1245 4663 operam,
1276 4587 1341 4648 vult
1370 4585 1488 4660 dicere,
1514 4598 1548 4649 ut
1572 4585 1630 4652 Sel
1658 4607 1718 4650 aon

353 4679 495 4743 circulum
530 4675 716 4747 latitudinis,
749 4692 807 4734 uon
841 4673 1030 4750 eclipticam,
1064 4674 1117 4734 sed
1146 4673 1227 4734 tilurn
1260 4673 1466 4754 perpendiculi
1500 4694 1538 4737 ex
1569 4677 1718 4740 toramine

354 4769 439 4832 unius
463 4764 625 4846 pinnacidii
649 4781 826 4842 suspensum
851 4780 904 4839 per
929 4761 1060 4822 foramen
1086 4760 1216 4840 oppositi
1241 4780 1257 4820 e
1282 4763 1430 4825 diametro
1454 4763 1621 4842 pinnacidii
1645 4765 1718 4828 illn-

353 4858 483 4922 niinaret
498 4853 678 4934 aequaliter)
692 4873 698 4912 τ
724 4864 764 4915 ita
779 4863 849 4931 quod
872 4871 1056 4929 praenarrata
1071 4863 1097 4915 in
1113 4879 1169 4916 una
1182 4870 1264 4916 erant
1284 4862 1439 4932 superficie,
1461 4863 1571 4917 seilicet
1593 4873 1718 4920 ceum

353 4958 426 5012 Solis
448 4955 514 5014 reri.
537 4954 563 5006 id
585 4963 637 5014 ert,
660 4963 777 5021 punctus
799 4950 878 5018 cujus
902 4950 989 5003 torma
1011 4950 1191 5021 refrangitur,
1214 4957 1338 5006 centrum
1359 4951 1434 5004 virus
1452 4940 1525 5012 (hoe
1544 4942 1615 5004 leco
1633 4943 1717 5005 lora·
