3692 5842
357 1323 579 1398 Jonms
605 1324 864 1399 mamus
893 1326 928 1400 S.
958 1324 994 1398 (i.
1020 1325 1071 1399 Μ.
1098 1325 1495 1401 namucus

630 1498 767 1564 AMIOO
797 1499 984 1565 LECTORI
1011 1500 1223 1566 SALUTEM.

862 1728 995 1739 -νυ--ι-ι

339 1888 497 1970 Temporis
520 1889 583 1951 lilia
605 1889 736 1964 veritas;
763 1891 810 1953 cui
834 1910 881 1953 me
904 1890 1097 1954 obstetricati
1120 1910 1178 1955 non
1202 1891 1311 1973 pudet:
1339 1898 1373 1953 ut
1401 1889 1445 1953 sic
1468 1899 1501 1955 et
1522 1892 1604 1954 iudi-

246 1980 327 2044 cium
350 1979 428 2041 uteri
451 1999 470 2038 a
492 1997 539 2039 mc
563 1978 676 2040 lactum
700 1997 759 2039 non
783 1978 898 2042 irritum
921 1999 990 2040 esse
1015 1981 1204 2059 comprobem
1237 1987 1269 2040 et
1301 1987 1420 2041 ceteros
1450 1980 1605 2044 anxietate

246 2088 340 2152 super
354 2075 462 2130 eventu
478 2066 660 2145 gestationis
675 2067 809 2131 liberem.
834 2068 968 2130 Veritati
992 2068 1058 2148 quis
1072 2069 1166 2130 bonus
1186 2068 1388 2132 testimonium
1409 2069 1525 2148 neget?
1548 2069 1606 2130 Dei

248 2178 344 2240 opera
368 2156 434 2237 quis
457 2156 654 2235 philosophus
676 2156 833 2220 occultet?
865 2156 942 2228 Quis
961 2157 1126 2219 Pharaone
1144 2158 1293 2220 crudelior
1314 2157 1476 2236 imperabit
1498 2158 1604 2219 obste-

247 2247 386 2319 tricibus,
410 2253 444 2307 nt
468 2245 580 2306 foetum
604 2254 707 2306 uatum
732 2254 903 2326 exponant,
933 2246 1124 2325 opprimant,
1154 2247 1283 2309 necent?
1328 2246 1431 2326 Atque
1459 2246 1505 2309 ita
1535 2245 1606 2308 mihi

246 2336 396 2400 Dominus
418 2333 502 2396 Deus
526 2333 602 2395 bene
627 2334 731 2406 saciat,
754 2334 798 2395 ita
821 2336 892 2398 mihi
915 2336 1049 2415 meisque
1073 2336 1178 2397 domos
1201 2335 1351 2411 aedificet,
1375 2336 1418 2397 uti
1442 2354 1499 2415 ego
1523 2333 1605 2396 veri-

247 2425 325 2488 tatis
347 2424 404 2485 hoc
426 2422 631 2484 testimouium
655 2423 755 2485 verbis
779 2426 897 2487 omnino
920 2423 1022 2499 veris,
1046 2422 1185 2503 ingenuis
1209 2433 1241 2486 et
1264 2423 1448 2505 simplicibus
1472 2424 1604 2498 efferam,

248 2514 274 2576 si
298 2512 430 2597 paucula
452 2512 646 2591 praemisero.

337 2599 437 2663 Erunt
460 2600 551 2674 enim,
575 2600 625 2681 qui
649 2620 696 2662 me
722 2600 800 2661 felici
824 2601 922 2680 magis
953 2619 1042 2681 quam
1071 2599 1238 2661 excusabili
1267 2599 1440 2680 conjectura
1460 2599 1605 2681 judicium

247 2710 348 2755 meum
372 2690 409 2750 de
434 2687 565 2751 Galilaei
590 2688 852 2750 observationibus
875 2690 1043 2769 periculose
1067 2689 1287 2769 praecipitasse
1319 2688 1431 2750 dicent.
1487 2686 1606 2759 Quibus

247 2799 306 2844 non
336 2776 487 2841 sufficient
510 2777 644 2839 rationes
676 2777 705 2838 in
738 2775 881 2857 Epistola
916 2797 984 2839 mea
1012 2777 1051 2839 ad
1082 2776 1255 2840 Galilaeum
1288 2778 1420 2852 allatae3
1458 2796 1494 2839 co
1527 2777 1607 2857 quod

247 2868 411 2951 populares
436 2866 497 2927 sint
520 2874 552 2927 et
575 2865 727 2945 advulgo
759 2865 1006 2928 satisfaciendum
1040 2876 1249 2949 comparatam
1287 2874 1320 2929 ut
1353 2866 1460 2948 quibus
1492 2866 1606 2947 passim

249 2958 288 3019 ad
307 2954 453 3018 subsellia
463 2954 597 3034 judicum
622 2955 759 3034 quaestio
784 2955 856 3017 sacti
880 2965 1067 3019 exerceatur.
1113 2957 1251 3020 Audiant
1265 2954 1356 3036 igitur
1370 2956 1505 3016 rationes
1520 2975 1606 3017 meas

248 3044 440 3109 credulitatis
473 3043 671 3117 occultiores;
705 3044 785 3105 tales
813 3062 935 3124 nempe,
970 3063 1046 3125 quae
1070 3064 1135 3107 curu
1159 3046 1265 3108 statim
1297 3044 1382 3107 initio
1415 3044 1454 3109 ad
1476 3044 1606 3125 primam

248 3131 470 3198 observationis
496 3132 606 3193 samam
632 3131 730 3193 animo
753 3152 820 3194 meo
843 3133 926 3195 intus
953 3134 1128 3212 planissime
1152 3134 1375 3210 satisfecerint,
1408 3133 1481 3195 loris
1505 3142 1607 3195 tamen

248 3224 278 3287 in
302 3223 441 3302 vulgum,
466 3219 515 3301 qui
538 3220 693 3301 pendebat
715 3220 806 3283 animi
822 3222 938 3296 dubius,
959 3223 1073 3301 jactari
1096 3231 1129 3285 et
1151 3222 1212 3284 illis
1222 3222 1360 3304 juridicis
1375 3222 1521 3302 praeferri
1536 3231 1607 3285 ante

248 3312 337 3376 tidem
363 3318 470 3372 eventu
496 3310 609 3371 factam
632 3309 710 3372 citra
732 3310 893 3372 ludibrium
915 3330 974 3373 non
998 3317 1169 3392 potueruut.

336 3400 418 3463 Nam
442 3398 509 3479 quis
533 3416 645 3479 quaeso
669 3405 719 3461 est
740 3399 890 3462 rationum
914 3400 1185 3462 astronomicarum
1216 3397 1346 3489 peritus,
1375 3398 1443 3477 quis
1472 3396 1608 3459 infinitae

250 3489 405 3554 mixtionis
428 3497 561 3550 motuum
586 3487 762 3550 coelestium
786 3496 941 3568 expertus,
966 3487 1015 3569 qui
1039 3506 1097 3549 non
1113 3487 1218 3550 statim
1241 3484 1339 3567 prima
1362 3486 1459 3548 fronte
1482 3502 1608 3560 veraces

251 3579 306 3642 bas
331 3575 561 3640 observationes
577 3576 806 3656 deprehendat?
838 3577 918 3641 Nam
942 3576 968 3638 si
992 3577 1148 3639 consilium
1172 3575 1307 3657 cepisset
1330 3583 1444 3648 auctor,
1469 3573 1608 3637 ementiri

250 3684 347 3731 uovos
370 3666 528 3748 planetas,
562 3685 615 3728 cur
647 3685 758 3746 quaeso
786 3685 845 3728 non
869 3665 1002 3727 infinitos
1035 3667 1117 3728 circa
1139 3666 1215 3727 fixas
1238 3663 1370 3727 infinitas
1394 3662 1607 3726 commentitus

251 3767 307 3832 est,
331 3765 368 3818 ut
391 3751 546 3818 Cardinali
564 3752 697 3829 Cosano,
721 3761 755 3816 ut
772 3755 873 3817 Bruno
898 3755 1024 3836 aliisque
1049 3756 1266 3834 suffragaretur
1289 3771 1447 3832 eorumque
1471 3752 1608 3815 auctori-

250 3853 316 3908 tate
347 3842 523 3905 verisimilia
556 3842 693 3905 diceret?
739 3841 855 3914 Quodsi
889 3862 948 3906 non
977 3845 1156 3924 placuerunt
1177 3843 1270 3917 fixae,
1304 3860 1357 3904 cur
1385 3842 1466 3904 circa
1488 3839 1607 3916 Jovem,

250 3935 365 3997 omisso
388 3930 537 4007 Saturno,
562 3932 680 4008 Marte,
705 3930 846 3995 Venere?
892 3931 955 3995 Gur
977 3941 1106 4013 quatuor
1129 3932 1267 3994 tinxisset
1297 3938 1329 3993 et
1356 3949 1414 3992 non
1437 3931 1486 3992 vel
1510 3949 1608 4004 unum,

249 4025 293 4087 oti
318 4022 401 4083 circa
422 4021 574 4082 Tellurem
597 4029 646 4082 est
668 4040 727 4083 uua
749 4022 856 4096 Luna,
880 4023 930 4084 vel
954 4042 1027 4098 sex,
1051 4023 1095 4084 uti
1119 4022 1200 4102 circa
1223 4018 1327 4083 Solem
1351 4028 1422 4082 suut
1443 4018 1522 4081 sex?
1567 4018 1610 4081 Et
1640 4017 1647 4028 '

249 4113 322 4195 quia
334 4109 456 4189 Jupiter
479 4109 594 4171 electus
619 4118 677 4183 est,
702 4128 755 4171 cur
777 4129 835 4171 uon
860 4112 966 4190 longas
989 4112 1051 4172 illis
1075 4109 1215 4192 periodos
1238 4109 1341 4189 potius
1365 4107 1512 4181 attribuit,
1538 4107 1609 4187 quia

247 4212 280 4264 et
303 4198 395 4262 Jovis
419 4197 564 4261 circuitus
587 4200 694 4278 longus
719 4218 863 4261 annorum
886 4200 1060 4261 duodecim:
1085 4219 1137 4261 cur
1160 4199 1236 4259 adeo
1260 4198 1384 4272 breves,
1409 4206 1442 4258 ut
1465 4194 1607 4257 tardissi-

245 4309 318 4354 mus
354 4287 580 4369 quatuordecim
620 4288 726 4349 diebus
758 4288 887 4349 redeat?
932 4288 1012 4352 Nam
1036 4288 1076 4361 si,
1112 4295 1262 4368 quaeest
1297 4285 1451 4366 proportio
1493 4284 1609 4346 reditus

244 4377 358 4443 Lunae
383 4376 422 4438 ad
445 4376 574 4439 reditum
590 4376 728 4450 Telluris,
758 4396 846 4457 quam
870 4377 959 4439 Luna
982 4377 1076 4455 cingit
1099 4375 1255 4451 curriculo,
1281 4376 1387 4436 eadem
1411 4373 1520 4435 fuisset
1542 4380 1610 4434 sta·

244 4475 320 4531 tuta
342 4464 498 4548 proportio
522 4466 638 4528 reditus
661 4465 747 4527 unius
771 4485 810 4526 ex
831 4466 879 4526 his
901 4465 1071 4528 Jovialibus
1095 4464 1279 4527 satellitibus
1302 4464 1342 4525 ad
1365 4462 1494 4525 reditum
1511 4460 1610 4537 Jovis,

235 4558 287 4637 uad
313 4555 414 4618 miuus
438 4573 549 4616 annum
573 4574 660 4616 unum
684 4553 823 4615 Solarem
848 4555 974 4616 satelles
1003 4555 1054 4616 ille
1089 4554 1215 4617 sortitus
1245 4560 1338 4614 esset.
1384 4551 1520 4631 Denique
1544 4570 1610 4613 cum

243 4644 406 4709 satellites
429 4641 474 4705 illi
498 4643 621 4704 casdem
645 4651 790 4722 perpetuo
814 4651 918 4722 partes
948 4652 979 4705 et
1007 4643 1045 4705 ad
1074 4663 1129 4705 nos
1161 4649 1341 4704 convertant
1372 4650 1406 4702 et
1435 4642 1474 4701 ad
1497 4638 1610 4713 Solem,

243 4753 348 4817 eoque
373 4750 492 4812 semper
516 4732 607 4793 lucidi
636 4751 703 4793 esse
735 4731 909 4793 debuerint:
947 4732 1017 4813 quid
1052 4731 1178 4793 attinuit
1208 4729 1391 4792 comminisci
1420 4730 1611 4809 splendorem

241 4822 492 4895 inconstantem,
525 4829 560 4882 ut
592 4820 709 4882 obscuri
734 4829 838 4882 essent
862 4819 890 4880 in
915 4820 1092 4883 excursibus
1111 4820 1260 4892 maximis,
1286 4819 1360 4880 clari
1375 4836 1468 4899 prope
1481 4817 1610 4881 Jovem?

244 4910 315 4977 car
339 4928 454 4991 quaeso
477 4910 544 4990 quis
567 4929 629 4971 rem
654 4910 691 4970 de
715 4909 862 4970 industria
885 4908 1053 4971 involveret
1075 4910 1152 4971 talia
1166 4907 1348 4988 confingens,
1373 4927 1496 4989 quorum
1512 4907 1610 4968 ratio-

244 5016 305 5064 nes
329 4997 465 5062 invenire
489 4998 657 5080 desperet?
702 4998 808 5078 Neque
832 4997 902 5059 dnm
926 4996 1003 5060 enim
1028 4999 1107 5061 ullae
1130 4997 1203 5060 mihi
1232 4996 1426 5060 satisfaciunt
1455 4995 1544 5076 bajus
1567 4995 1610 5059 rei
