3692 5842
353 465 420 534 ²62
825 467 1061 533 rumpemus
1079 467 1245 521 mamam.

353 665 442 728 quam
465 646 729 708 intersectionem:
760 645 882 724 globum
911 661 985 705 vero
1007 662 1133 724 aqnem
1158 652 1278 707 tantum
1299 645 1356 707 boc
1377 653 1537 725 praestare
1558 663 1629 708 cnm
1650 647 1712 708 eois

353 734 602 809 remotionibus,
626 743 661 795 ut
682 733 783 812 purior
807 733 861 794 dat
883 732 1073 805 intersectio,
1107 751 1184 811 quae
1207 733 1236 795 in
1260 733 1328 813 ipsa
1354 734 1514 814 soperdcie
1545 735 1712 817 crystallini

353 824 392 885 ob
414 823 670 903 propinquitatem
703 822 742 884 ad
771 821 904 882 foramen
934 821 1064 882 nondum
1096 829 1146 882 est
1170 822 1325 901 periecta;
1359 822 1423 886 deri
1454 823 1536 885 enim
1569 822 1713 885 bmeticio

352 911 580 992 refractionem,
605 911 691 971 utin
716 919 778 971 tam
802 916 934 988 angusto
957 909 1034 971 oculi
1058 908 1158 987 spatio
1181 916 1426 989 repraesentetur
1447 911 1628 974 intersectis
1651 921 1712 974 tam

352 999 498 1079 diligens,
531 1017 619 1078 quam
646 1000 697 1059 vix
720 998 750 1059 in
774 999 876 1078 ampla
899 998 1002 1078 aliqua
1024 1015 1145 1058 camera
1176 998 1253 1060 citra
1275 997 1486 1062 refractionem
1510 1017 1582 1062 esse
1603 1002 1712 1081 possit.

352 1086 496 1152 Ceterum
519 1106 566 1149 me
591 1086 695 1149 statim
719 1086 756 1147 nd
782 1086 899 1148 oculum
923 1086 1069 1147 refutavit
1101 1085 1208 1165 globus
1242 1104 1372 1167 aqueus,
1404 1088 1455 1167 qui
1480 1107 1572 1151 unum
1594 1096 1712 1151 tantum

350 1183 494 1257 punctum
517 1183 588 1255 post
619 1194 652 1236 se
681 1175 800 1244 babuit,
825 1176 854 1235 iu
885 1192 942 1253 quo
966 1175 1109 1236 distincte
1132 1175 1272 1253 pingeret
1292 1176 1464 1254 portionem
1488 1176 1713 1256 bemiepbaerii,

351 1272 423 1326 aute
447 1273 479 1326 et
501 1271 573 1344 post
595 1263 724 1325 minime.
771 1262 885 1324 Debuit
908 1271 1010 1326 autern
1033 1264 1062 1323 iu
1086 1263 1211 1324 remotis
1234 1264 1353 1342 punctis
1377 1264 1552 1329 deuncem
1574 1266 1710 1348 pingere,

350 1353 378 1415 si
401 1353 468 1414 sola
490 1352 664 1415 intersectio
687 1352 834 1431 picturam
858 1351 936 1412 hanc
959 1359 1140 1429 praestaret.
1175 1352 1218 1414 Ut
1240 1359 1359 1414 taceam
1382 1371 1460 1433 quae
1481 1371 1578 1434 supra
1590 1355 1667 1417 Nro.
1681 1354 1710 1417 2.

351 1441 448 1515 dicta,
483 1441 563 1521 quod
592 1458 645 1520 per
676 1459 789 1501 meram
817 1439 1061 1501 intersectionem
1095 1440 1168 1512 (non
1198 1440 1362 1502 accedente
1390 1449 1424 1503 et
1449 1442 1633 1505 collectione
1661 1461 1712 1524 per

349 1531 576 1603 refractionem)
597 1546 745 1608 nunquam
768 1528 964 1608 perveniatur
987 1528 1025 1588 ad
1049 1527 1311 1592 distinctissimam
1333 1528 1479 1592 visionem
1504 1549 1604 1594 rernm
1628 1531 1710 1593 lora-

351 1618 430 1681 mine
454 1637 549 1681 uvesc
572 1617 728 1679 minorum.
775 1617 892 1696 Itaque,
917 1623 952 1678 ut
973 1617 1165 1690 concludam,
1189 1618 1216 1680 si
1239 1616 1295 1678 hoc
1318 1636 1422 1693 nuum,
1446 1619 1543 1681 Porta
1570 1619 1709 1682 solede

349 1707 448 1782 sime,
478 1714 549 1768 tuae
577 1706 746 1767 sententiae
775 1704 948 1766 addideris:
988 1705 1135 1784 picturam
1162 1706 1193 1766 in
1220 1705 1397 1787 crystallino
1427 1708 1525 1771 adbuc
1556 1707 1710 1771 conium

352 1814 422 1858 esse
446 1795 621 1868 admodum,
650 1793 829 1873 praesertim
857 1793 986 1855 dilatato
1011 1794 1157 1855 foramine
1179 1812 1291 1869 uveae,
1321 1812 1376 1855 nec
1399 1796 1463 1858 tleri
1488 1795 1638 1858 visionem
1660 1815 1711 1876 per

350 1884 591 1963 conjunctionem
613 1882 689 1945 lucis
713 1901 779 1944 cum
803 1881 988 1963 crystallino,
1015 1879 1068 1942 s'ed
1092 1883 1274 1944 descendere
1298 1883 1327 1944 in
1347 1884 1483 1958 retinam,
1504 1884 1709 1966 descensuque

350 1990 387 2035 eo
412 1980 444 2034 et
475 1972 573 2051 magis
607 1971 741 2051 separari
773 1971 958 2032 diversorum
988 1978 1020 2030 et
1049 1971 1189 2050 conjungi
1218 1971 1350 2051 ejusdem
1379 1973 1485 2052 puncti
1513 1973 1709 2045 radiationoe,

350 2060 440 2141 inque
464 2060 531 2142 ipsa
553 2060 653 2122 retina
677 2060 775 2122 lucum
799 2078 867 2121 esse
892 2058 1079 2120 collectionis
1103 2060 1141 2121 ad
1164 2067 1316 2140 punctum,
1342 2078 1419 2141 quae
1443 2061 1628 2124 evidentiam
1646 2062 1707 2142 pic-

351 2157 437 2212 turae
462 2156 611 2229 praestat,
635 2149 756 2228 fierique
781 2157 813 2209 et
834 2166 888 2229 per
907 2147 992 2208 illam
1007 2147 1260 2221 intersectionem,
1284 2156 1319 2210 ut
1340 2151 1441 2229 imago
1464 2151 1519 2213 tlat
1537 2168 1658 2225 eversa,
1681 2165 1711 2212 et

347 2255 403 2317 per
425 2238 503 2300 banc
535 2237 758 2314 collectionem,
788 2244 823 2298 ut
855 2235 1087 2298 distinctissime
1109 2237 1151 2298 sit
1173 2245 1206 2298 et
1228 2237 1477 2302 evidentissima:
1509 2239 1568 2303 boc
1590 2240 1708 2322 inquam

347 2325 374 2386 si
399 2326 551 2389 addideris
575 2334 647 2389 tuae
672 2326 852 2401 sententiae,
877 2325 967 2404 plane
990 2324 1159 2388 absolveris
1182 2325 1307 2389 visionis
1330 2326 1460 2390 modum.

452 2461 484 2530 5.
522 2464 622 2538 Quae
645 2486 689 2528 ex
711 2466 869 2530 visionis
893 2466 997 2529 modo
1021 2466 1056 2529 in
1078 2465 1356 2530 Astronomiam
1378 2466 1605 2539 redundent,

786 2556 916 2617 sende
940 2555 1084 2617 vitiata
1106 2555 1267 2620 visione.

434 2676 504 2739 Etsi
527 2676 674 2757 perfectio
697 2677 779 2739 visus
803 2677 832 2739 in
856 2677 972 2741 duobus
994 2678 1136 2741 consistit
1164 2678 1274 2741 oculis:
1308 2678 1474 2741 astronomi
1506 2687 1611 2742 tammr
1643 2679 1705 2742 visu

347 2772 474 2829 utuntur
513 2785 572 2827 nen
617 2783 736 2847 semper
768 2766 807 2827 ad
845 2766 1104 2829 internoscendum
1142 2767 1279 2847 objecta:
1323 2766 1515 2847 utplurimum
1555 2785 1630 2829 vero
1668 2769 1705 2829 ad

342 2854 584 2916 constituendum
616 2854 757 2934 angulum
790 2854 869 2916 inter
901 2854 989 2918 binas
1020 2856 1143 2918 stellas:
1177 2874 1235 2935 quo
1267 2855 1298 2919 in
1329 2855 1451 2934 negotio
1488 2864 1595 2918 centro
1631 2856 1704 2936 ipsis

344 2960 419 3022 opus
442 2949 492 3004 est
514 2942 610 3014 unico,
635 2942 674 3005 ad
698 2944 778 3023 quod
802 2942 929 3022 angulus
953 2945 1139 3006 aestimetur.
1173 2943 1275 3015 Quare
1300 2944 1417 3005 oculum
1440 2943 1570 3006 alterum
1594 2962 1703 3025 uque·

344 3038 455 3106 strant,
480 3031 591 3093 imitati
614 3031 756 3105 artifices,
781 3032 830 3111 qui
855 3032 976 3111 regulae
1000 3033 1210 3095 rectitudinem
1234 3031 1418 3112 exploraturi
1442 3050 1532 3094 unum
1560 3032 1702 3096 adhibent

345 3120 476 3182 oculum.
523 3120 652 3182 Faciunt
684 3120 762 3181 idem
795 3128 828 3183 ct
860 3120 909 3199 qui
942 3121 1116 3200 scorpiones
1148 3121 1255 3201 quique
1289 3120 1469 3183 bombardae
1502 3118 1639 3199 dirigunt
1666 3122 1703 3182 ad

343 3215 465 3271 metam.
513 3210 592 3270 Nam
615 3208 662 3269 his
686 3209 822 3270 omnibus
846 3208 883 3269 ob
912 3209 1049 3271 diversas
1073 3210 1191 3292 quidem
1223 3228 1333 3271 causas
1364 3208 1459 3270 officit
1482 3217 1609 3289 uterque
1632 3227 1703 3272 ocn-

345 3296 392 3358 lus
417 3297 585 3371 adbibitus;
619 3316 678 3377 qua
705 3298 742 3358 de
774 3316 807 3357 rs
835 3297 957 3376 dignum
984 3298 1162 3380 philosopho
1187 3298 1304 3360 censuit
1326 3297 1511 3360 Aristoteles
1543 3297 1702 3378 munirem,

342 3385 477 3448 sectione
501 3384 555 3449 31.
580 3385 767 3466 problemate
790 3382 811 3447 2
835 3394 867 3447 et
889 3383 943 3449 20.
991 3386 1034 3448 At
1058 3405 1152 3466 neque
1176 3387 1280 3449 unicus
1304 3387 1408 3449 oculus
1431 3386 1587 3449 adbibitus
1615 3387 1701 3467 plane

342 3473 425 3536 nulla
455 3474 595 3536 cautione
627 3492 702 3553 opus
733 3473 847 3535 habet:
886 3474 955 3554 quin
986 3473 1103 3553 gemino
1132 3476 1221 3537 modo
1247 3476 1278 3537 in
1308 3493 1439 3538 errorem
1475 3494 1531 3538 nos
1563 3476 1702 3538 inducere

341 3563 451 3642 possit.
498 3562 621 3624 Etenim
644 3562 673 3622 in
698 3562 826 3641 pictura,
851 3581 911 3642 qua
933 3562 1080 3624 visionem
1102 3563 1166 3625 fieri
1190 3564 1377 3638 dixeramus,
1410 3563 1488 3625 duae
1511 3563 1702 3644 potissimum

342 3650 420 3712 oculi
445 3652 583 3732 regiones
607 3651 850 3713 considerantur:
875 3660 1010 3715 centrum
1035 3651 1112 3713 oculi
1136 3661 1168 3714 et
1181 3651 1353 3732 superficies
1376 3661 1480 3715 centro
1498 3653 1700 3733 circumjecta

342 3737 492 3817 picturam
529 3740 692 3820 excipiens.
748 3739 870 3800 Dictum
901 3749 950 3803 est
981 3741 1075 3812 enim,
1108 3740 1153 3802 ita
1188 3741 1358 3804 ordinatam
1395 3760 1464 3805 esse
1491 3742 1642 3825 picturam
1672 3741 1700 3802 iu

389 3844 442 3909 rig.
463 3843 507 3893 et.
557 3827 703 3889 retiiormi
728 3828 848 3896 tunica,
873 3837 906 3890 ut
930 3831 1047 3909 ejectae
1070 3850 1108 3892 ex
1131 3829 1257 3907 singulis
1280 3830 1346 3909 ejus
1368 3829 1491 3911 punctis
1518 3839 1623 3893 rectae
1649 3848 1701 3910 per

556 3916 635 3978 idem
669 3916 731 3977 fere
764 3916 853 3977 vitrei
885 3928 1021 3981 centrum
1053 3920 1083 3981 in
1115 3927 1228 3998 puncta
1254 3919 1298 3981 rei
1330 3918 1458 3981 visibilis
1486 3918 1545 3981 sibi
1573 3938 1698 4001 reamu-

557 4004 661 4066 deutia
683 4005 832 4066 incisurae
857 4007 927 4081 sint,
951 4009 977 4068 si
1000 4009 1212 4087 producantur.

644 4091 721 4155 Cum
747 4094 848 4174 itaque
872 4095 1029 4156 stellarum
1053 4095 1219 4157 distantiae
1248 4095 1458 4159 instrumentis
1488 4098 1700 4161 astronomicis

556 4188 626 4243 sunt
649 4183 833 4261 capiendae,
866 4182 1072 4261 diligentiores
1096 4183 1274 4256 astronomi,
1309 4194 1341 4246 ut
1364 4185 1491 4259 dictum,
1522 4204 1583 4248 non
1606 4187 1699 4250 ddunt

555 4270 651 4330 oculo.
708 4268 815 4331 Sciunt
848 4270 944 4339 enim,
978 4272 1035 4333 etei
1066 4273 1170 4334 oculus
1203 4271 1300 4351 ipsum
1340 4272 1532 4335 instrumenti
1564 4285 1698 4339 centrum

554 4356 688 4436 attingat
708 4358 802 4438 (quod
822 4365 922 4420 tamen
947 4359 1108 4422 difficulter
1131 4360 1309 4435 obtinetur),
1333 4381 1391 4423 uun
1411 4361 1564 4442 attingere
1587 4373 1698 4434 tamen

554 4444 611 4506 nisi
635 4446 891 4523 superficietenus,
917 4448 945 4508 in
972 4469 1030 4527 qua
1054 4450 1173 4529 quidem
1197 4449 1295 4511 lineae
1318 4469 1356 4511 ex
1379 4460 1506 4531 utraque
1530 4453 1625 4516 stella
1648 4471 1699 4533 per

552 4534 707 4612 superiora
730 4535 903 4613 pinnacidiu
928 4537 1036 4599 ductae
1059 4557 1118 4599 nou
1142 4548 1332 4600 concurrant.
1372 4538 1442 4601 Sint
1461 4540 1495 4614 F,
1513 4537 1554 4610 G,
1579 4542 1697 4611 stellae,

552 4619 626 4684 Bac
650 4622 897 4699 instrumentum,
923 4634 1026 4686 centro
1050 4650 1084 4699 c,
1115 4627 1174 4687 DA
1199 4628 1371 4705 superficies
1395 4628 1489 4702 oculi,
1513 4627 1698 4694 licentram

551 4710 639 4773 oculi.
687 4709 763 4773 Cum
789 4712 879 4790 igitur
902 4732 960 4775 non
986 4733 1023 4775 ex
1046 4740 1080 4788 u,
1106 4715 1159 4776 sed
1184 4734 1222 4776 ex
1245 4715 1272 4777 Ε
1296 4725 1399 4780 centro
1431 4716 1511 4780 oculi
1538 4719 1697 4800 degendae

551 4796 613 4858 siut
639 4800 742 4880 egredi
776 4809 878 4863 rectae
903 4802 931 4864 iu
956 4804 990 4870 F,
1017 4802 1046 4864 G
1070 4803 1256 4865 incidentes:
1289 4805 1452 4886 applicatis
1484 4824 1557 4886 ergo
1585 4807 1696 4888 pinna·

549 4885 635 4949 cidiis
659 4889 695 4960 B,
722 4886 758 4963 C,
784 4898 817 4950 nt
840 4889 929 4965 EBF,
953 4890 1040 4954 ECG
1064 4892 1178 4955 sintin
1202 4901 1305 4955 recta:
1335 4894 1463 4973 angulus
1485 4893 1564 4960 Bac
1587 4896 1697 4959 vitiose

546 4976 689 5038 metietur
703 4977 892 5053 distantiam,
917 4980 1033 5061 eritque
1054 4981 1136 5062 justo
1154 4982 1260 5060 maJor,
1283 4983 1352 5063 quia
1365 4984 1491 5048 interior
1509 5002 1599 5063 quam
1614 4983 1696 5048 ΒΕΘ
