3692 5842
349 449 417 520 250
822 451 1014 517 Paralipomens
1030 452 1058 504 ia
1074 450 1244 506 Vstallionssa.

349 630 548 701 parallelorum
568 628 718 691 distantia,
743 630 881 685 ridebitur
907 636 1002 684 erecta
1022 638 1053 684 et
1073 647 1172 685 eversa
1191 631 1285 693 amul,
1314 629 1448 700 siquidem
1477 629 1611 684 remotior
1632 629 1713 682 fuerit

349 711 444 765 citiam
464 710 678 764 intersectione:
700 711 742 764 sin
763 711 884 781 propior,
907 717 1003 763 erecta
1024 718 1132 766 tantum
1153 712 1311 781 apparebit.

439 792 465 844 4.
495 795 535 845 At
561 790 585 843 si
615 791 770 844 excesserit
799 791 972 860 complexum
1001 792 1200 860 parallelorum
1229 791 1306 844 ultra
1336 789 1480 844 terminum
1512 795 1575 844 tota
1606 806 1712 850 eversa,

348 871 464 925 medium
487 876 609 923 erectum
631 877 661 923 et
682 871 783 940 partim
804 870 940 924 circulare
963 872 1120 938 apparebit.
1132 869 1158 936 *l

439 951 464 1004 5.
495 950 620 1020 Denique
642 951 721 1004 oculo
743 958 774 1004 et
793 967 824 1003 re
846 950 884 1003 cis
907 950 1037 1004 terminos
1060 950 1283 1004 intersectionum
1310 949 1497 1004 existentibus
1521 949 1569 1000 ille
1591 952 1712 1018 paralle-

349 1032 444 1093 lorum,
467 1031 538 1085 haec
559 1030 743 1084 radiationum
765 1031 846 1095 oculi,
868 1048 913 1083 res
935 1038 1032 1084 erecta
1052 1040 1081 1084 et
1102 1030 1239 1085 maximae
1262 1029 1428 1101 quantitatis
1450 1029 1600 1082 ridebitur.

437 1108 660 1187 Propositio
694 1109 814 1170 XVIII.
871 1107 934 1169 Sic
968 1109 1198 1171 habentibus
1235 1108 1415 1182 omnibus,
1450 1116 1491 1168 ιιι
1523 1126 1626 1187 prop.
1666 1106 1712 1167 17.

348 1197 579 1277 praemissa,
613 1198 757 1258 mediae
789 1205 920 1277 partes
953 1198 1004 1258 rei
1039 1199 1199 1279 majores
1239 1198 1476 1277 apparebunt
1508 1216 1616 1277 quam
1649 1215 1714 1275 pro

348 1285 611 1366 proportione,
641 1295 677 1346 ct
705 1304 850 1347 curvae.
897 1285 1021 1348 Etenim
1049 1287 1233 1348 radiationes
1257 1306 1276 1346 a
1298 1287 1327 1347 D
1352 1286 1506 1364 proximae
1532 1286 1583 1345 axi
1609 1305 1713 1363 parum

348 1373 468 1455 oblique
492 1372 635 1448 Incidunt,
661 1375 771 1454 angulo
787 1394 896 1454 magno
919 1377 1165 1456 comprehensae,
1190 1375 1258 1436 inde
1278 1375 1379 1436 subito
1401 1374 1562 1453 obIIquius.
1603 1374 1713 1435 Parum

347 1463 440 1543 igitur
463 1463 494 1524 iu
517 1462 615 1523 medio
639 1481 693 1541 per
716 1465 840 1526 multum
861 1463 954 1544 spatii
976 1465 1120 1527 increscit
1143 1464 1296 1536 refractio,
1318 1485 1336 1522 a
1352 1463 1499 1525 lateribus
1522 1463 1637 1535 subito,
1662 1483 1713 1541 per

347 1551 487 1630 exiguam
510 1562 629 1630 partem
654 1553 830 1634 superficiei.
877 1552 920 1612 Et
944 1571 1002 1632 quo
1024 1554 1093 1633 plns
1118 1562 1257 1614 crescunt
1281 1552 1500 1613 retractiones:
1531 1552 1590 1612 hoc
1615 1551 1712 1629 magis

349 1641 447 1702 lineae
472 1639 691 1717 divaricantur‚
721 1642 835 1722 hocque
859 1643 927 1720 plns
952 1642 1045 1704 dere
1073 1640 1141 1702 visa
1168 1641 1426 1724 comprehendunt
1452 1640 1542 1720 inque
1572 1641 1711 1716 exiguam

347 1729 515 1809 superficiei
540 1730 676 1791 lateralis
699 1739 816 1810 partem
841 1740 989 1792 statuunt.
1037 1729 1155 1792 Curvae
1184 1741 1285 1792 autem
1315 1738 1460 1810 putantur
1487 1748 1555 1800 res,
1587 1730 1661 1809 quia
1684 1730 1710 1789 in

347 1818 515 1905 papaticis,
541 1838 617 1898 quae
641 1839 734 1880 curva
756 1829 813 1894 est,
838 1820 964 1881 haerere
990 1820 1138 1882 videntur.

437 1906 633 1970 Definitio.
681 1907 756 1970 Cum
788 1909 936 1970 hactenus
968 1909 1089 1988 imago
1114 1907 1204 1968 inerit
1227 1926 1281 1967 ens
1305 1904 1470 1979 rationale,
1500 1905 1568 1985 jam
1598 1906 1710 1984 figurae

345 2014 444 2058 rerum
468 2013 538 2056 vere
561 1996 590 2058 in
614 2015 728 2078 papyro
751 1999 919 2059 existentes
944 2016 997 2058 seu
1021 1998 1081 2058 alio
1103 1997 1220 2076 pariete
1252 1995 1423 2073 picturae
1451 1994 1604 2056 dicantur.

433 2084 648 2163 Propositio
672 2086 759 2148 XIX.
806 2086 929 2147 DIctum
963 2096 1028 2161 est,
1061 2087 1131 2166 quid
1165 2085 1251 2146 oculo
1283 2083 1404 2145 accidat
1432 2083 1513 2144 circa
1545 2084 1711 2162 sphaeram

346 2192 484 2256 aqneam.
531 2173 655 2234 Docebo
675 2175 749 2253 jam,
775 2175 922 2254 quomodo
946 2176 1037 2255 plane
1061 2174 1243 2237 contrariom
1268 2172 1390 2233 eveniat
1411 2190 1537 2253 papyro.
1578 2172 1711 2233 Primum

345 2262 402 2324 hoc
425 2270 510 2325 recta
533 2281 570 2322 es
595 2262 684 2324 dictis
717 2263 892 2326 deducitur:
928 2282 981 2326 our
1004 2265 1029 2325 si
1051 2281 1184 2345 papyrus
1214 2270 1321 2341 tangat
1351 2262 1413 2322 iere
1443 2261 1584 2341 globum,
1615 2262 1712 2339 figura

344 2351 427 2431 globi
450 2350 492 2424 (si
524 2350 687 2413 urinarium
722 2352 812 2412 merit
834 2371 901 2413 com
935 2354 1025 2432 longo
1055 2353 1148 2425 collo)
1171 2369 1226 2431 per
1249 2350 1351 2412 Solem
1375 2350 1404 2411 in
1434 2349 1597 2429 sphaeram
1632 2351 1711 2411 irra-

345 2441 478 2503 diantem
511 2439 650 2519 pingatur
682 2459 772 2520 snper
799 2459 946 2521 papyrum
975 2441 1065 2503 limbo
1098 2439 1290 2502 lucidissimo.
1339 2438 1489 2518 Quicquid
1520 2438 1600 2499 enim
1630 2440 1711 2499 intra

344 2530 421 2591 hunc
445 2529 631 2608 complexum
656 2537 703 2591 est
734 2530 899 2602 radIorum,
933 2531 953 2592 ii
977 2530 1108 2592 nondum
1138 2528 1294 2591 iotarsecti
1323 2539 1394 2590 sunt
1421 2546 1489 2590 curn
1514 2546 1583 2588 axe.
1633 2526 1709 2589 Cum

344 2635 475 2700 papyrus
509 2618 631 2696 globum
664 2618 781 2697 tangit,
816 2638 917 2680 omncs
951 2619 998 2681 hIc
1031 2628 1118 2693 suut,
1153 2619 1202 2699 qui
1241 2618 1363 2697 globum
1403 2615 1535 2679 transire
1570 2626 1708 2695 potuere.

344 2708 470 2769 Limbus
495 2716 565 2768 tunc
594 2707 795 2769 lucidissimus
819 2716 883 2783 est,
912 2709 983 2788 qnia
1010 2707 1088 2769 radii
1116 2707 1323 2769 collectissimi
1352 2726 1444 2787 seque
1475 2714 1581 2766 mutuo
1611 2706 1709 2766 elren·

345 2796 451 2857 lariter
475 2798 524 2862 (at
546 2796 677 2859 nondum
700 2796 729 2857 in
754 2800 826 2871 axe)
854 2796 1097 2858 interserentes:
1126 2806 1161 2858 ιιι
1184 2797 1212 2857 in
1238 2795 1380 2875 apposita
1403 2796 1499 2873 figura
1522 2805 1656 2874 apparet
1680 2795 1708 2855 ia

342 2908 372 2959 a,
397 2886 426 2958 β,
449 2907 472 2961 y,
497 2889 523 2958 t,
550 2893 583 2945 ut
608 2887 667 2945 lert
691 2884 769 2946 ratio
792 2886 1026 2966 praemissarum
1051 2886 1349 2947 demonstrationum.
1397 2883 1456 2946 Ubi
1476 2884 1541 2963 jam
1566 2883 1710 2944 vicesIma

343 2972 482 3034 diametri
512 2981 600 3051 parte
633 2993 764 3053 papyrus
796 2975 884 3036 luerit
918 2983 1033 3035 remota
1068 2995 1086 3033 a
1119 2976 1195 3036 vitro
1228 2973 1389 3052 (siquidem
1419 2994 1439 3033 a
1470 2972 1625 3033 sideribus
1659 2974 1709 3032 liat

342 3061 522 3132 illustratio)
542 3062 650 3140 jamin
671 3063 768 3124 medio
789 3065 902 3142 figurae
925 3064 1003 3124 radii
1024 3064 1113 3142 aliqui
1131 3083 1162 3124 se
1179 3083 1245 3124 cum
1260 3082 1316 3123 axe
1340 3064 1526 3123 intersecare
1551 3060 1707 3140 incipiunt,

343 3150 432 3211 litera
462 3174 504 3224 ω,
538 3151 607 3212 hinc
640 3161 671 3212 et
704 3152 833 3213 medium
866 3152 978 3231 figurae
1012 3152 1164 3214 clarescit.
1216 3152 1376 3213 Decrescit
1407 3170 1479 3212 vero
1513 3151 1611 3230 ligura
1645 3170 1709 3211 eum

342 3238 508 3300 remotione
533 3240 650 3320 papyri,
675 3259 733 3301 non
750 3241 828 3319 quod
844 3258 937 3301 conus
962 3241 1124 3302 earundem
1149 3241 1295 3302 linearum
1311 3241 1349 3302 ad
1373 3240 1523 3302 turbinem
1549 3248 1708 3319 properet:

342 3346 401 3388 non
427 3328 505 3389 enim
529 3330 679 3391 decrescit
700 3330 977 3409 proportionaliter,
1003 3330 1057 3389 sed
1082 3330 1167 3391 initio
1191 3329 1301 3403 subito,
1326 3329 1356 3390 in
1380 3330 1438 3389 fine
1464 3329 1563 3390 tarde.
1608 3326 1709 3391 Causa

348 3476 550 3486 --.—...
559 3478 644 3485 0—
653 3480 658 3483 .

342 3553 552 3608 intersectiones
575 3553 783 3620 parallelorum,
805 3567 874 3621 quas
896 3566 914 3603 a
935 3567 1013 3620 prop.
1039 3550 1083 3603 15.
1107 3549 1263 3610 denomino,
1286 3569 1334 3604 seu
1363 3560 1544 3622 utrarumque
1568 3552 1707 3607 terminos.

341 3635 373 3690 ld
393 3635 488 3704 itaque
517 3632 668 3702 diligenter
693 3641 768 3687 nota
811 3630 930 3684 Termini
959 3629 1183 3684 intersectionum
1209 3633 1408 3699 parallelorum
1437 3645 1576 3702 perpetuo
1603 3633 1709 3688 habent

341 3716 457 3770 cundem
483 3712 566 3765 situm
588 3714 623 3764 ud
653 3714 781 3783 globum,
813 3710 921 3765 termini
949 3728 1001 3764 uon
1033 3710 1232 3780 parallelorum
1264 3722 1405 3783 vagantur
1432 3712 1505 3764 ultro
1534 3711 1663 3786 citroque
1684 3711 1709 3765 ia

341 3792 477 3850 infinibum
500 3810 595 3862 usque.

430 3869 459 3935 ·)
480 3872 529 3924 Ad
551 3869 784 3924 corollarium
809 3871 828 3923 l.
863 3871 994 3923 Erectum
1015 3868 1160 3933 ridebitur,
1183 3869 1308 3941 quicquid
1331 3871 1483 3940 percipitur
1504 3871 1710 3926 radiationibus

341 3969 380 4008 ex
399 3952 503 4022 pileolo
533 3953 618 4021 (quod
647 3968 725 4021 prop.
752 3951 795 4003 13.
818 3948 939 4004 innotis
962 3948 1184 4012 introduximus),
1207 3967 1341 4013 eversum,
1369 3952 1496 4021 quiequid
1519 3970 1571 4021 per
1598 3952 1711 4007 limbum

341 4047 391 4088 seu
412 4046 525 4084 aonam:
548 4031 683 4085 circulare
706 4030 770 4094 (hoc
790 4038 836 4083 est
856 4046 938 4083 unum
959 4038 1106 4097 punctum,
1132 4030 1209 4083 verbi
1237 4031 1332 4101 gratia
1359 4032 1468 4101 nigrum
1490 4032 1579 4095 oculi,
1609 4032 1637 4087 ia
1658 4033 1709 4087 cir·

341 4112 464 4168 anhrem
486 4109 595 4164 limbum
616 4106 792 4169 distractum)
814 4109 939 4179 quiequid
961 4124 1012 4178 per
1033 4109 1172 4173 circulum,
1194 4110 1270 4164 limbi
1291 4120 1320 4163 et
1341 4111 1435 4181 pileoli
1459 4112 1619 4168 terminum.

429 4193 478 4243 Ad
503 4191 547 4243 ΙΙΙ.
570 4189 818 4243 Corollarium.
862 4188 1036 4242 Geometrice
1057 4190 1127 4243 idem
1148 4197 1192 4243 est
1212 4190 1270 4243 sire
1299 4191 1395 4245 oculus
1418 4191 1445 4245 in
1466 4209 1540 4254 reus,
1563 4210 1616 4248 seu
1638 4194 1710 4248 baec

342 4271 369 4328 ia
390 4270 498 4325 oculum
526 4270 630 4331 radiet,
651 4270 779 4338 utrinque
800 4270 901 4338 globus
926 4269 1106 4339 interpositus
1132 4270 1202 4323 idem
1228 4278 1364 4340 praestat
1408 4271 1494 4325 Oculo
1518 4280 1614 4328 autem
1638 4274 1711 4328 iuter

341 4352 390 4406 'Ill
410 4351 560 4410 collocato.
589 4349 758 4403 radiationes
786 4349 943 4403 dividuntur
964 4348 991 4401 in
1016 4349 1127 4418 polares
1149 4368 1199 4404 seu
1227 4351 1363 4421 pileares,
1394 4351 1525 4406 circulum
1547 4363 1579 4408 et
1599 4371 1710 4409 aonam.

342 4429 522 4486 Radiationes
543 4444 631 4482 sonae
652 4436 683 4482 ιιι
701 4429 808 4489 brba,
831 4430 937 4483 ΒΗΘΔ
959 4446 1021 4482 sese
1042 4438 1141 4483 secant
1160 4430 1234 4484 iuter
1248 4431 1305 4485 Sbl.
1335 4432 1387 4485 llic
1409 4451 1476 4502 ergo
1499 4451 1544 4487 res
1567 4434 1710 4488 collocata

342 4508 472 4578 objicitur
492 4507 548 4561 illis
569 4516 599 4560 et
620 4507 647 4560 in
669 4509 777 4561 oculum
805 4508 893 4560 induit
920 4525 1033 4573 eversa,
1056 4509 1079 4563 si
1100 4509 1172 4563 inter
1192 4511 1245 4563 Abi
1268 4511 1322 4563 sit:
1353 4525 1382 4565 at
1405 4514 1484 4564 simul
1507 4520 1617 4576 erecta,
1643 4515 1711 4586 quia

342 4588 462 4644 occurrit
483 4588 566 4642 otiam
588 4588 788 4642 radiationibus
809 4588 953 4656 polaribus
975 4605 1036 4641 sese
1059 4607 1112 4643 non
1133 4590 1299 4643 secantibus.
1336 4593 1373 4645 Et
1396 4601 1456 4645 tota
1478 4592 1588 4662 quidem
1611 4603 1710 4647 erecta

342 4666 524 4739 spectabitur,
547 4668 613 4739 quia
633 4666 720 4721 minor
733 4675 779 4721 eat
798 4683 881 4737 quam
895 4677 927 4721 ut
947 4678 1074 4722 occurrat
1095 4669 1295 4723 radiationibus
1317 4670 1420 4725 circuli.
1451 4672 1591 4727 Differeot
1612 4681 1708 4728 tameo

342 4747 478 4817 imagines
498 4746 562 4801 situ
604 4747 676 4801 Nam
697 4754 792 4800 ereata
813 4755 845 4800 ut
865 4763 982 4817 magna,
1006 4748 1046 4801 ita
1067 4761 1130 4818 post
1151 4751 1265 4819 globum
1287 4760 1394 4804 remota
1416 4752 1575 4821 putabitur,
1606 4770 1709 4809 eversa

342 4824 472 4882 heresa
493 4827 520 4880 in
543 4826 605 4896 ipsa
625 4826 770 4896 superficie
790 4825 868 4897 globi
891 4844 1024 4880 convexa.

433 4906 670 4962 corollarium
683 4907 730 4960 tv.
752 4913 804 4967 est
826 4922 887 4959 cusa
908 4914 1016 4960 tantum
1030 4920 1076 4963 est
1096 4909 1212 4972 risibile,
1236 4918 1267 4962 ut
1281 4911 1365 4964 etiam
1387 4911 1480 4965 citculi
1503 4912 1706 4969 radiationibus

344 4993 491 5042 manu:
512 4986 676 5042 manem
695 5003 731 5040 ex
756 4988 781 5040 l.
802 4994 833 5040 st
853 4984 880 5039 3.
