3692 5842
359 499 423 569 646
531 535 533 544 .
633 471 640 478 ’
836 503 876 555 ue
890 503 974 566 ¹san·
989 501 1064 556 son
1079 501 1232 570 sommas

445 680 594 743 Rationes
617 679 737 761 quidem
760 681 917 762 speciosae
941 689 1021 758 sunt,
1045 689 1241 743 veruntamen
1262 682 1356 744 semel
1375 681 1443 761 jam
1453 683 1614 762 patefacto
1632 683 1712 744 aditu

359 771 399 833 ad
421 770 594 834 interiorem
616 769 847 851 philosophiam,
873 770 1015 833 tenebras
1038 771 1167 849 amplius
1190 771 1290 832 facere
1314 789 1372 833 non
1390 779 1535 851 poterunt
1553 773 1712 850 experien-

244 875 247 886 ·
356 860 433 935 tiae,
458 860 485 921 si
508 860 545 921 de
568 858 622 920 illa
645 867 774 921 constet.
820 860 942 923 Etenim
965 861 992 922 si
1013 859 1199 939 conjunctio,
1227 860 1254 921 ai
1276 859 1378 921 sidera
1399 877 1456 939 per
1476 878 1547 922 eam
1570 860 1713 940 copulata

355 950 423 1031 ipsa
446 969 504 1011 000
529 948 679 1009 sustinent
701 949 756 1010 hoo
780 968 854 1010 onus
877 950 1007 1012 actionis
1030 950 1059 1010 iu
1084 949 1258 1011 sublunaria
1279 967 1334 1030 per
1356 948 1599 1029 conjunctionem
1623 951 1711 1011 robo-

354 1048 456 1101 ratae:
481 1038 574 1099 molto
598 1037 694 1099 miuus
717 1038 886 1116 fingendum
910 1049 971 1113 est,
1000 1038 1078 1100 hauc
1101 1039 1163 1100 vim
1185 1038 1223 1099 de
1246 1038 1420 1119 corporibus
1441 1038 1640 1118 planetarum
1663 1058 1712 1100 seu

354 1128 384 1191 10
408 1146 516 1207 corpus
540 1127 687 1205 sphaerae
710 1126 834 1189 lixarum
862 1149 915 1190 seu
938 1129 968 1190 10
991 1147 1051 1190 000
1073 1146 1182 1207 corpus
1204 1128 1377 1190 transferri:
1410 1128 1467 1189 aed
1497 1127 1576 1189 haec
1598 1146 1711 1209 quoqne

354 1216 415 1292 vis,
449 1236 538 1297 qnam
571 1237 589 1275 a
620 1216 828 1294 conjunctione
860 1217 946 1298 qnasi
978 1217 1109 1279 infusam
1139 1217 1263 1279 lixamm
1295 1217 1443 1296 sphaerae
1474 1218 1711 1290 consideramus,

354 1305 509 1369 constabit
538 1305 749 1383 impressione,
784 1324 861 1387 qnae
890 1306 925 1368 lit
955 1306 1147 1368 iuncturam
1175 1307 1368 1369 sublunarem
1399 1306 1528 1387 ejusque
1553 1307 1712 1368 facultates

355 1396 489 1471 divinas,
527 1413 581 1474 per
613 1394 753 1474 seipsas
781 1396 878 1469 facta3
916 1414 971 1457 uec
1004 1396 1161 1477 quicquam
1184 1397 1320 1459 conferet
1350 1395 1409 1459 hnc
1444 1395 1566 1457 coelum
1596 1407 1713 1476 praeter

352 1485 462 1547 nodum
487 1483 646 1563 objectum.

442 1571 532 1644 Quod
554 1571 770 1650 experientiam
794 1573 921 1645 attinet,
950 1573 1071 1652 jactare
1094 1572 1213 1654 quidem
1236 1592 1295 1635 uon
1317 1589 1458 1652 possum,
1493 1591 1545 1634 me
1568 1572 1638 1635 siue
1660 1573 1711 1634 de-

353 1663 500 1743 ceptionis
524 1661 694 1739 suspicione
717 1679 845 1741 nuquam
869 1661 1031 1741 probasse,
1065 1662 1126 1723 vim
1158 1663 1307 1741 quandam
1330 1661 1370 1723 ad
1392 1671 1513 1742 tempus
1536 1679 1711 1742 permanere

352 1754 420 1816 loco
442 1770 639 1832 congressus:
673 1759 707 1811 at
730 1750 863 1813 vicissim
887 1752 967 1813 aliud
992 1752 1143 1833 quippiam
1166 1751 1349 1831 deprehendi
1365 1751 1567 1832 frequenter,
1597 1770 1639 1813 ex
1659 1770 1712 1831 quo

352 1842 445 1904 etiam
468 1841 505 1901 de
529 1839 585 1903 hoc
608 1858 662 1919 per
685 1841 855 1919 analogiam
879 1841 1072 1920 persuadeor.
1120 1841 1180 1902 Est
1202 1851 1303 1903 antem
1325 1840 1392 1914 hoc,
1415 1840 1496 1921 qnod
1516 1841 1712 1902 nascentibus

353 1931 433 2006 filiis,
456 1930 635 2010 praesertim
658 1929 879 2009 primogenitis,
904 1930 1045 2009 planetae
1067 1931 1199 2009 itemque
1221 1941 1305 1993 ortus
1324 1938 1356 1991 et
1370 1929 1515 1991 meridies
1538 1930 1711 2010 plerumque

352 2027 525 2082 statuuntur
548 2019 578 2079 in
602 2018 639 2079 iis
662 2018 778 2079 zodiaci
801 2019 875 2079 locis
890 2019 1060 2080 locorumve
1074 2019 1229 2098 quadratis
1252 2027 1284 2080 et
1306 2019 1464 2099 oppositis,
1489 2038 1569 2099 qnae
1596 2019 1711 2082 fueraut

350 2108 380 2171 10
404 2108 507 2189 genesi
529 2108 642 2187 patris,
665 2107 825 2187 praecipue
848 2127 919 2169 vero
943 2108 1049 2170 matris
1073 2109 1220 2188 insignia;
1243 2120 1443 2188 aspectusque
1463 2119 1520 2170 aut
1543 2108 1640 2169 iidem
1663 2119 1710 2168 aot

350 2198 465 2260 similes
489 2195 675 2277 contingunt,
701 2205 844 2275 qnantum
869 2197 934 2276 ejus
957 2199 1037 2259 intra
1060 2198 1192 2277 spatium
1215 2198 1329 2260 dierum
1356 2193 1396 2259 14
1418 2197 1521 2275 partui
1545 2198 1708 2259 vicinorum

349 2305 405 2368 per
425 2286 613 2349 celeritatem
638 2287 794 2348 stellarum
819 2286 881 2348 ficri
896 2296 1009 2366 potest
1050 2286 1158 2347 Dicam
1173 2287 1350 2367 exemplum,
1374 2287 1432 2348 etsi
1452 2286 1529 2347 hora
1546 2287 1706 2366 incognita

348 2376 428 2438 iuter
449 2375 632 2438 Fridericnm
657 2375 698 2438 ΙΙ,
722 2374 927 2436 Romanorum
950 2376 1166 2455 Imperatorem
1190 2376 1312 2457 ejusque
1335 2387 1475 2456 nepotem
1493 2373 1706 2439 Conradiuum.

347 2464 447 2528 Natus
472 2475 521 2527 est
543 2482 638 2544 nepos
662 2484 739 2525 anuo
767 2461 860 2527 1252.
885 2460 916 2525 8.
938 2463 1011 2527 Cal..
1026 2465 1164 2545 Apriles:
1188 2474 1260 2527 tunc
1282 2466 1339 2527 fuit
1362 2463 1403 2543 (ο)
1427 2484 1496 2527 0010
1519 2465 1550 2540 'il
1574 2474 1610 2527 et
1634 2465 1655 2532 ’Ξ
1680 2468 1706 2525 10

350 2549 414 2617 131
435 2553 480 2633 Υ,
506 2555 528 2627 Q
551 2555 582 2616 in
609 2549 672 2616 151
693 2552 739 2629 Υ,
763 2562 789 2622 0¹
812 2554 840 2614 10
865 2548 932 2616 201
954 2568 997 2629 ce,
1020 2554 1047 2625 1
1073 2555 1101 2614 10
1125 2550 1187 2617 181
1208 2560 1252 2630 ,6,
1277 2550 1476 2632 51018111.
1525 2558 1618 2618 Avus
1642 2574 1706 2616 nero

346 2643 522 2725 perhibetur
544 2651 633 2705 natus
656 2662 734 2703 anno
762 2639 856 2706 1193.
881 2638 934 2705 26.
959 2643 1034 2704 Dec.
1081 2643 1165 2704 Tunc
1189 2641 1229 2721 Θ
1250 2644 1279 2704 10
1307 2639 1372 2705 131
1384 2648 1429 2720 ᾗ,
1454 2645 1476 2718 li
1502 2644 1705 2715 011110111

345 2738 389 2812 ᾖ,
415 2741 441 2804 d
468 2733 498 2796 in
526 2729 584 2795 181
606 2742 668 2803 2,
692 2728 712 2809 b
734 2731 764 2792 in
789 2728 850 2794 30⁰
873 2737 913 2803 ,1.
961 2732 1058 2794 Vides
1080 2732 1186 2794 miram
1210 2734 1435 2812 congruentiam
1465 2751 1522 2812 per
1554 2735 1704 2814 quadran-

346 2823 448 2903 gulos,
472 2823 629 2902 oppositos
652 2829 685 2883 at
706 2821 908 2882 identitatem.

439 2910 491 2973 Sic
514 2921 603 2973 uatus
626 2929 692 2972 sum
715 2909 792 2988 Ego,
815 2930 883 2973 cnm
906 2913 1011 2972 Lunae
1039 2918 1233 2989 superessent
1259 2910 1299 2972 ad
1321 2908 1405 2971 Sulis
1428 2909 1607 2989 oppositum
1630 2905 1704 2972 40⁹:

345 3000 544 3083 primogenito
567 3019 633 3061 meo
657 3001 833 3062 tantundem
856 3000 944 3062 Luna
967 2999 1099 3061 habebat
1121 3000 1162 3061 ad
1190 3018 1298 3079 corpus
1321 2997 1421 3060 Solis:
1452 2999 1610 3060 secundae
1638 3011 1703 3059 100·

346 3092 469 3153 tundam
493 3090 579 3150 Luna
609 3091 764 3169 superavit
788 3089 868 3151 Solis
897 3090 1083 3168 oppositum:
1113 3097 1219 3168 quarto
1252 3083 1314 3151 38⁰
1335 3089 1424 3149 Luna
1447 3089 1558 3150 aberat
1590 3109 1611 3148 a
1630 3087 1704 3149 Solis

346 3179 501 3260 opposito:
533 3179 641 3240 tertiae
672 3198 730 3240 000
764 3179 857 3242 100110
895 3178 997 3252 011101,
1042 3178 1139 3239 abfuit
1172 3178 1249 3238 enim
1282 3178 1369 3237 Luna
1400 3197 1420 3237 a
1449 3177 1535 3238 Solis
1568 3179 1703 3258 opposito

346 3279 469 3349 praeter
491 3263 557 3331 401
583 3287 672 3329 unum
702 3269 822 3346 insuper
846 3268 981 3329 diurnum
1004 3267 1108 3328 Lunae
1132 3276 1258 3343 motum,
1293 3267 1411 3328 scilicet
1443 3267 1543 3345 pridie
1574 3268 1701 3328 0101110-

345 3358 434 3420 batur
456 3357 585 3438 prodire.
633 3357 733 3418 Taceo
756 3366 859 3418 cetera
882 3352 1140 3436 congruentia.¹³)

433 3447 501 3509 iton
526 3448 600 3508 haee
624 3446 700 3521 dico,
725 3447 803 3526 qnod
828 3465 941 3520 omnes,
966 3446 1072 3526 quibus
1096 3446 1218 3507 eaedem
1243 3445 1290 3506 101
1305 3444 1420 3505 similes
1443 3451 1517 3505 0001
1540 3445 1702 3506 constella-

345 3537 454 3611 tiones,
480 3545 626 3615 coguatos
650 3536 858 3616 pronunciem;
882 3537 936 3596 sed
961 3536 1038 3616 quod
1062 3536 1234 3616 plerumque
1257 3535 1397 3613 cognatis
1421 3534 1547 3595 eaedem
1571 3535 1703 3595 constel-

346 3626 486 3689 lationes.
533 3626 598 3686 Hoc
623 3627 698 3686 adeo
721 3644 824 3685 verum
848 3626 885 3685 de
910 3635 976 3685 1010
999 3626 1102 3703 genesi
1127 3623 1269 3695 hominis,
1299 3623 1558 3685 evidentissimum
1583 3641 1657 3684 reru
1678 3622 1703 3683 iu

345 3714 580 3779 revolutionibus
605 3724 637 3776 et
660 3714 849 3776 transitibus.
896 3713 1024 3782 Quoties
1053 3714 1131 3775 enim
1164 3715 1305 3793 planetae
1339 3712 1377 3773 ad
1405 3732 1444 3773 ea
1473 3713 1544 3773 1000
1574 3712 1703 3782 veniunt

346 3824 422 3886 quae
446 3804 582 3864 nascenti
606 3804 715 3864 homini
739 3805 787 3865 vel
812 3803 985 3863 oriebantur
1007 3804 1055 3864 vel
1075 3803 1178 3864 Solem
1193 3803 1347 3863 Lunamve
1363 3801 1496 3881 hospitio
1512 3815 1703 3881 exceperant,

345 3894 496 3955 excitatur
519 3892 645 3953 hominis
668 3903 790 3965 natura,
824 3901 858 3953 ut
890 3893 1020 3953 alacrius
1052 3892 1205 3954 incumbat
1227 3894 1255 3952 10
1280 3891 1380 3952 omnia
1403 3909 1512 3970 opera,
1548 3911 1628 3971 qnae
1655 3909 1702 3970 pro

346 3982 517 4045 conditione
542 3981 673 4043 locorum
696 3991 728 4042 et
751 3990 918 4062 temporum
949 3991 1020 4043 sunt
1052 3981 1162 4043 honrini
1190 3981 1245 4042 snb
1269 3980 1416 4042 manibus.
1462 3979 1508 4041 Et
1531 3981 1562 4042 in
1587 3997 1701 4060 genere.

346 4091 404 4133 uon
428 4080 477 4132 001
500 4070 641 4149 expedita
665 4079 696 4131 et
720 4072 790 4131 felix
814 4072 948 4150 genesis,
982 4071 1040 4133 uisi
1070 4071 1147 4133 radii
1170 4081 1202 4131 et
1225 4071 1388 4151 qualitates
1416 4070 1614 4149 planetarum
1638 4081 1702 4149 apte

346 4170 378 4223 01
400 4160 519 4242 quidem
542 4159 721 4238 geometrice
745 4171 922 4240 congruant.

435 4250 517 4310 llaec
542 4258 641 4310 antem
662 4249 751 4310 aliter
770 4250 833 4310 lieri
852 4269 909 4311 non
929 4259 1066 4329 possunt,
1090 4268 1180 4330 qnam
1200 4266 1255 4326 per
1274 4247 1505 4328 impressionem
1520 4247 1702 4310 characteris

346 4338 440 4399 totius
462 4337 579 4416 positus
603 4339 679 4399 coeli
703 4339 731 4399 in
756 4339 853 4417 ipsam
877 4339 1007 4400 hominis
1032 4340 1206 4400 facultatem
1230 4338 1420 4417 genitricem,
1453 4338 1610 4410 altricem,
1642 4339 1701 4396 lor·

347 4428 518 4499 matricem,
542 4428 735 4501 sensitivam,
760 4430 935 4504 animalem3
968 4447 1037 4489 uam
1061 4446 1167 4506 corpus
1190 4428 1321 4489 crassius
1345 4439 1408 4502 est,
1433 4447 1523 4507 quam
1548 4446 1603 4506 pro
1628 4445 1701 4487 1001·

347 4516 456 4597 pieudo
479 4525 542 4578 tam
565 4518 670 4578 subtili
693 4518 876 4590 charactere,
902 4518 945 4578 rei
969 4537 1026 4578 uon
1049 4517 1210 4596 palpabilis
1233 4517 1287 4577 sed
1311 4516 1512 4579 rationabilis.
1560 4516 1702 4576 1100110·

349 4623 406 4685 qne
439 4607 556 4667 ratione
588 4608 651 4667 lieri
675 4608 779 4683 credo,
813 4617 846 4669 ut
876 4608 959 4668 coelo
992 4606 1022 4667 10
1051 4608 1111 4667 alia
1140 4606 1241 4668 omnia
1267 4618 1421 4678 currente,
1457 4616 1583 4666 maneat
1607 4619 1702 4666 tamea

349 4695 507 4757 character
532 4695 597 4772 ejus
620 4696 751 4774 positus,
781 4697 830 4775 qui
854 4697 910 4757 fuit
933 4715 990 4775 quo
1013 4704 1147 4773 ternpore
1171 4698 1237 4757 1110
1258 4696 1386 4757 hominis
1409 4693 1537 4755 incensa
1558 4713 1614 4775 per
1635 4713 1702 4774 par·

350 4791 412 4844 tum
437 4793 470 4844 et
492 4782 578 4863 qnasi
600 4803 706 4846 recens
730 4786 798 4848 fusa
820 4787 886 4847 fnit.
936 4785 1024 4854 Quod
1047 4785 1138 4864 igitur
1166 4787 1199 4847 lit
1221 4787 1252 4847 iu
1276 4786 1402 4864 singulis
1425 4784 1615 4856 hominibus,
1640 4803 1702 4844 cre·

353 4871 445 4934 dibile
469 4883 517 4933 est
539 4872 601 4934 fieri
626 4874 717 4935 etiam
742 4875 770 4935 in
795 4876 940 4935 facultate
965 4876 1026 4947 illa,
1051 4893 1110 4952 000
1124 4875 1230 4954 globus
1250 4875 1310 4936 iste
1325 4874 1454 4936 Telluris
1474 4885 1524 4934 est
1539 4876 1701 4953 praeditus:

276 4995 279 5002 ·
350 4966 466 5022 utnon
488 4962 658 5040 conjunctio
682 4965 805 5026 duorum
828 4966 1016 5043 planetarum
1042 4962 1071 5024 in
1095 4964 1191 5043 ipsum
1214 4964 1339 5038 coelum,
1359 4965 1413 5026 sed
1429 4964 1549 5027 coelum
1568 4965 1598 5025 iu
1614 4965 1700 5042 ipsam

351 5055 491 5110 naturam
513 5049 704 5114 sublunarem
728 5062 847 5116 etcum
871 5054 954 5115 coelo
979 5055 1061 5115 locus
1085 5054 1178 5117 etiam
1199 5053 1418 5133 conjunctionis
1449 5072 1580 5134 magnac
1603 5051 1701 5134 impri-
