<?xml version="1.0" encoding="UTF-8"?>
<!DOCTYPE html PUBLIC "-//W3C//DTD XHTML 1.0 Transitional//EN"
    "http://www.w3.org/TR/xhtml1/DTD/xhtml1-transitional.dtd">
<html xmlns="http://www.w3.org/1999/xhtml" xml:lang="en" lang="en">
 <head>
  <title>
</title>
<meta http-equiv="Content-Type" content="text/html;charset=utf-8" />
  <meta name='ocr-system' content='tesseract 3.04.00' />
  <meta name='ocr-capabilities' content='ocr_page ocr_carea ocr_par ocr_line ocrx_word'/>
</head>
<body>
  <div class='ocr_page' id='page_1' title='image "./joanniskepleria01frisgoog/joanniskepleria01frisgoog_0027.png"; bbox 0 0 3692 5842; ppageno 0'>
   <div class='ocr_carea' id='block_1_1' title="bbox 684 265 1490 332">
    <p class='ocr_par' dir='ltr' id='par_1_1' title="bbox 684 265 1490 332">
     <span class='ocr_line' id='line_1_1' title="bbox 684 265 1490 332; baseline 0.001 -14"><span class='ocrx_word' id='word_1_1' title='bbox 684 267 715 318; x_wconf 72' lang='lat' dir='ltr'>ss</span> <span class='ocrx_word' id='word_1_2' title='bbox 734 268 807 318; x_wconf 69' lang='lat' dir='ltr'>nte·</span> <span class='ocrx_word' id='word_1_3' title='bbox 827 265 933 332; x_wconf 68' lang='lat' dir='ltr'>opem.</span> <span class='ocrx_word' id='word_1_4' title='bbox 1450 265 1490 332; x_wconf 64' lang='grc' dir='ltr'>ιε</span> 
     </span>
    </p>
   </div>
   <div class='ocr_carea' id='block_1_2' title="bbox 131 441 1494 876">
    <p class='ocr_par' dir='ltr' id='par_1_2' title="bbox 131 441 1494 876">
     <span class='ocr_line' id='line_1_2' title="bbox 131 441 1491 528; baseline -0.001 -20"><span class='ocrx_word' id='word_1_5' title='bbox 131 453 221 528; x_wconf 89' lang='lat' dir='ltr'>parte</span> <span class='ocrx_word' id='word_1_6' title='bbox 245 464 372 527; x_wconf 89' lang='lat' dir='ltr'>ponem,</span> <span class='ocrx_word' id='word_1_7' title='bbox 396 443 525 505; x_wconf 88' lang='lat' dir='ltr'>salutem</span> <span class='ocrx_word' id='word_1_8' title='bbox 548 462 666 506; x_wconf 90' lang='lat' dir='ltr'>omnem</span> <span class='ocrx_word' id='word_1_9' title='bbox 690 445 861 524; x_wconf 82' lang='lat' dir='ltr'>desperare.</span> <span class='ocrx_word' id='word_1_10' title='bbox 897 445 942 505; x_wconf 87' lang='lat' dir='ltr'>Tu</span> <span class='ocrx_word' id='word_1_11' title='bbox 961 444 986 506; x_wconf 89' lang='lat' dir='ltr'>si</span> <span class='ocrx_word' id='word_1_12' title='bbox 1012 443 1099 506; x_wconf 87' lang='lat' dir='ltr'>lectis</span> <span class='ocrx_word' id='word_1_13' title='bbox 1123 443 1198 506; x_wconf 88' lang='lat' dir='ltr'>meis</span> <span class='ocrx_word' id='word_1_14' title='bbox 1214 441 1345 524; x_wconf 89' lang='lat' dir='ltr'>Opticis,</span> <span class='ocrx_word' id='word_1_15' title='bbox 1369 463 1491 523; x_wconf 83' lang='lat' dir='ltr'>quorum</span> 
     </span>
     <span class='ocr_line' id='line_1_3' title="bbox 132 530 1490 615; baseline -0.002 -18"><span class='ocrx_word' id='word_1_16' title='bbox 132 535 291 615; x_wconf 76' lang='lat' dir='ltr'>exemplar</span> <span class='ocrx_word' id='word_1_17' title='bbox 315 539 390 609; x_wconf 84' lang='lat' dir='ltr'>(una</span> <span class='ocrx_word' id='word_1_18' title='bbox 411 552 478 594; x_wconf 91' lang='lat' dir='ltr'>cum</span> <span class='ocrx_word' id='word_1_19' title='bbox 502 532 570 594; x_wconf 87' lang='lat' dir='ltr'>aliis</span> <span class='ocrx_word' id='word_1_20' title='bbox 595 542 721 611; x_wconf 82' lang='lat' dir='ltr'>quatuor</span> <span class='ocrx_word' id='word_1_21' title='bbox 746 553 799 612; x_wconf 86' lang='lat' dir='ltr'>per·</span> <span class='ocrx_word' id='word_1_22' title='bbox 813 533 1007 611; x_wconf 76' lang='lat' dir='ltr'>bibliopolam</span> <span class='ocrx_word' id='word_1_23' title='bbox 1024 530 1152 594; x_wconf 83' lang='lat' dir='ltr'>Gellium</span> <span class='ocrx_word' id='word_1_24' title='bbox 1167 535 1246 611; x_wconf 92' lang='lat' dir='ltr'>apud</span> <span class='ocrx_word' id='word_1_25' title='bbox 1266 532 1308 593; x_wconf 82' lang='lat' dir='ltr'>Te</span> <span class='ocrx_word' id='word_1_26' title='bbox 1332 533 1490 611; x_wconf 88' lang='lat' dir='ltr'>depositis,</span> 
     </span>
     <span class='ocr_line' id='line_1_4' title="bbox 133 615 1491 704; baseline 0.001 -22"><span class='ocrx_word' id='word_1_27' title='bbox 133 643 209 704; x_wconf 69' lang='lat' dir='ltr'>(puae</span> <span class='ocrx_word' id='word_1_28' title='bbox 236 615 327 701; x_wconf 82' lang='lat' dir='ltr'>rogo,</span> <span class='ocrx_word' id='word_1_29' title='bbox 352 633 384 682; x_wconf 91' lang='lat' dir='ltr'>ut</span> <span class='ocrx_word' id='word_1_30' title='bbox 398 621 561 681; x_wconf 88' lang='lat' dir='ltr'>Besoldo</span> <span class='ocrx_word' id='word_1_31' title='bbox 577 621 700 682; x_wconf 85' lang='lat' dir='ltr'>Ductori</span> <span class='ocrx_word' id='word_1_32' title='bbox 725 622 840 699; x_wconf 88' lang='lat' dir='ltr'>petenti</span> <span class='ocrx_word' id='word_1_33' title='bbox 866 621 986 689; x_wconf 72' lang='lat' dir='ltr'>tradas)</span> <span class='ocrx_word' id='word_1_34' title='bbox 1003 621 1069 681; x_wconf 87' lang='lat' dir='ltr'>Tibi</span> <span class='ocrx_word' id='word_1_35' title='bbox 1090 621 1288 682; x_wconf 77' lang='lat' dir='ltr'>Franmfnrto</span> <span class='ocrx_word' id='word_1_36' title='bbox 1313 621 1391 680; x_wconf 82' lang='lat' dir='ltr'>dorio</span> <span class='ocrx_word' id='word_1_37' title='bbox 1407 623 1491 695; x_wconf 87' lang='lat' dir='ltr'>rnisi;</span> 
     </span>
     <span class='ocr_line' id='line_1_5' title="bbox 135 710 1492 788; baseline -0.001 -15"><span class='ocrx_word' id='word_1_38' title='bbox 135 714 160 775; x_wconf 88' lang='lat' dir='ltr'>si</span> <span class='ocrx_word' id='word_1_39' title='bbox 177 713 261 772; x_wconf 83' lang='lat' dir='ltr'>lectu</span> <span class='ocrx_word' id='word_1_40' title='bbox 284 711 482 787; x_wconf 68' lang='lat' dir='ltr'><strong>conceptione</strong></span> <span class='ocrx_word' id='word_1_41' title='bbox 506 710 622 771; x_wconf 78' lang='lat' dir='ltr'>meede</span> <span class='ocrx_word' id='word_1_42' title='bbox 644 729 721 770; x_wconf 80' lang='lat' dir='ltr'>nora</span> <span class='ocrx_word' id='word_1_43' title='bbox 745 712 849 783; x_wconf 82' lang='lat' dir='ltr'>stella,</span> <span class='ocrx_word' id='word_1_44' title='bbox 875 729 963 788; x_wconf 86' lang='lat' dir='ltr'>quam</span> <span class='ocrx_word' id='word_1_45' title='bbox 983 710 1049 787; x_wconf 89' lang='lat' dir='ltr'>jem</span> <span class='ocrx_word' id='word_1_46' title='bbox 1072 710 1200 787; x_wconf 81' lang='lat' dir='ltr'>accipis,</span> <span class='ocrx_word' id='word_1_47' title='bbox 1226 728 1284 768; x_wconf 84' lang='lat' dir='ltr'>rron</span> <span class='ocrx_word' id='word_1_48' title='bbox 1308 712 1492 787; x_wconf 88' lang='lat' dir='ltr'>permoveris</span> 
     </span>
     <span class='ocr_line' id='line_1_6' title="bbox 135 797 1494 876; baseline -0.001 -14"><span class='ocrx_word' id='word_1_49' title='bbox 135 802 172 861; x_wconf 85' lang='lat' dir='ltr'>ed</span> <span class='ocrx_word' id='word_1_50' title='bbox 202 801 410 862; x_wconf 86' lang='lat' dir='ltr'>scribendum:</span> <span class='ocrx_word' id='word_1_51' title='bbox 449 806 482 859; x_wconf 92' lang='lat' dir='ltr'>at</span> <span class='ocrx_word' id='word_1_52' title='bbox 509 799 617 858; x_wconf 86' lang='lat' dir='ltr'>saltem</span> <span class='ocrx_word' id='word_1_53' title='bbox 652 799 689 858; x_wconf 88' lang='lat' dir='ltr'>ob</span> <span class='ocrx_word' id='word_1_54' title='bbox 714 798 747 859; x_wconf 86' lang='lat' dir='ltr'>S.</span> <span class='ocrx_word' id='word_1_55' title='bbox 773 797 864 859; x_wconf 79' lang='lat' dir='ltr'>Caes.</span> <span class='ocrx_word' id='word_1_56' title='bbox 890 798 990 872; x_wconf 71' lang='lat' dir='ltr'>bitem,</span> <span class='ocrx_word' id='word_1_57' title='bbox 1024 798 1070 858; x_wconf 93' lang='lat' dir='ltr'>cui</span> <span class='ocrx_word' id='word_1_58' title='bbox 1110 807 1200 875; x_wconf 86' lang='lat' dir='ltr'>grata</span> <span class='ocrx_word' id='word_1_59' title='bbox 1229 808 1299 857; x_wconf 90' lang='lat' dir='ltr'>sunt</span> <span class='ocrx_word' id='word_1_60' title='bbox 1327 799 1494 876; x_wconf 86' lang='lat' dir='ltr'>hujusmodi</span> 
     </span>
    </p>
   </div>
   <div class='ocr_carea' id='block_1_3' title="bbox 135 885 1494 1407">
    <p class='ocr_par' dir='ltr' id='par_1_3' title="bbox 135 885 1494 1407">
     <span class='ocr_line' id='line_1_7' title="bbox 136 885 1494 967; baseline -0.002 -17"><span class='ocrx_word' id='word_1_61' title='bbox 136 889 269 967; x_wconf 85' lang='lat' dir='ltr'>scripta,</span> <span class='ocrx_word' id='word_1_62' title='bbox 305 906 440 967; x_wconf 84' lang='lat' dir='ltr'>quaeque</span> <span class='ocrx_word' id='word_1_63' title='bbox 465 885 527 964; x_wconf 89' lang='lat' dir='ltr'>lpsi</span> <span class='ocrx_word' id='word_1_64' title='bbox 561 886 645 946; x_wconf 46' lang='lat' dir='ltr'>traria</span> <span class='ocrx_word' id='word_1_65' title='bbox 676 887 858 966; x_wconf 76' lang='lat' dir='ltr'>conquisivi,</span> <span class='ocrx_word' id='word_1_66' title='bbox 893 886 1004 965; x_wconf 83' lang='lat' dir='ltr'>aliquid</span> <span class='ocrx_word' id='word_1_67' title='bbox 1046 886 1173 947; x_wconf 83' lang='lat' dir='ltr'>scribas.</span> <span class='ocrx_word' id='word_1_68' title='bbox 1220 886 1371 947; x_wconf 75' lang='lat' dir='ltr'>Provocat</span> <span class='ocrx_word' id='word_1_69' title='bbox 1400 888 1440 949; x_wconf 90' lang='lat' dir='ltr'>ad</span> <span class='ocrx_word' id='word_1_70' title='bbox 1463 897 1494 950; x_wconf 88' lang='lat' dir='ltr'>te</span> 
     </span>
     <span class='ocr_line' id='line_1_8' title="bbox 135 970 1492 1054; baseline -0.002 -15"><span class='ocrx_word' id='word_1_71' title='bbox 135 978 308 1051; x_wconf 86' lang='lat' dir='ltr'>Roeslinus,</span> <span class='ocrx_word' id='word_1_72' title='bbox 325 970 351 1047; x_wconf 79' lang='lat'>²)</span> <span class='ocrx_word' id='word_1_73' title='bbox 376 976 459 1054; x_wconf 85' lang='lat' dir='ltr'>cujus</span> <span class='ocrx_word' id='word_1_74' title='bbox 483 974 626 1053; x_wconf 88' lang='lat' dir='ltr'>scriptum</span> <span class='ocrx_word' id='word_1_75' title='bbox 646 976 711 1052; x_wconf 84' lang='lat' dir='ltr'>jam</span> <span class='ocrx_word' id='word_1_76' title='bbox 735 976 853 1053; x_wconf 85' lang='lat' dir='ltr'>accepit</span> <span class='ocrx_word' id='word_1_77' title='bbox 867 975 900 1036; x_wconf 85' lang='lat' dir='ltr'>S.</span> <span class='ocrx_word' id='word_1_78' title='bbox 922 973 957 1035; x_wconf 80' lang='lat' dir='ltr'>(l.</span> <span class='ocrx_word' id='word_1_79' title='bbox 980 974 1068 1034; x_wconf 73' lang='lat' dir='ltr'>nitas:</span> <span class='ocrx_word' id='word_1_80' title='bbox 1094 974 1256 1035; x_wconf 89' lang='lat' dir='ltr'>communis</span> <span class='ocrx_word' id='word_1_81' title='bbox 1276 975 1349 1037; x_wconf 88' lang='lat' dir='ltr'>baec</span> <span class='ocrx_word' id='word_1_82' title='bbox 1374 977 1492 1036; x_wconf 86' lang='lat' dir='ltr'>matbe-</span> 
     </span>
     <span class='ocr_line' id='line_1_9' title="bbox 137 1063 1492 1142; baseline -0.001 -15"><span class='ocrx_word' id='word_1_83' title='bbox 137 1066 313 1128; x_wconf 86' lang='lat' dir='ltr'>maticorum</span> <span class='ocrx_word' id='word_1_84' title='bbox 346 1072 395 1123; x_wconf 88' lang='lat' dir='ltr'>est</span> <span class='ocrx_word' id='word_1_85' title='bbox 423 1063 564 1136; x_wconf 84' lang='lat' dir='ltr'>materia,</span> <span class='ocrx_word' id='word_1_86' title='bbox 599 1083 687 1142; x_wconf 87' lang='lat' dir='ltr'>quam</span> <span class='ocrx_word' id='word_1_87' title='bbox 711 1083 768 1123; x_wconf 93' lang='lat' dir='ltr'>non</span> <span class='ocrx_word' id='word_1_88' title='bbox 793 1063 943 1141; x_wconf 84' lang='lat' dir='ltr'>attingere</span> <span class='ocrx_word' id='word_1_89' title='bbox 967 1063 1147 1124; x_wconf 83' lang='lat' dir='ltr'>desertionis</span> <span class='ocrx_word' id='word_1_90' title='bbox 1172 1064 1281 1123; x_wconf 80' lang='lat' dir='ltr'>crimen</span> <span class='ocrx_word' id='word_1_91' title='bbox 1305 1073 1492 1141; x_wconf 86' lang='lat' dir='ltr'>praesentat.</span> 
     </span>
     <span class='ocr_line' id='line_1_10' title="bbox 137 1149 1491 1233; baseline -0.002 -18"><span class='ocrx_word' id='word_1_92' title='bbox 137 1156 180 1215; x_wconf 89' lang='lat' dir='ltr'>De</span> <span class='ocrx_word' id='word_1_93' title='bbox 204 1153 369 1233; x_wconf 81' lang='lat' dir='ltr'>eclipsibus</span> <span class='ocrx_word' id='word_1_94' title='bbox 392 1150 500 1230; x_wconf 80' lang='lat' dir='ltr'>scripsi</span> <span class='ocrx_word' id='word_1_95' title='bbox 524 1160 594 1211; x_wconf 89' lang='lat' dir='ltr'>unte</span> <span class='ocrx_word' id='word_1_96' title='bbox 619 1172 737 1212; x_wconf 88' lang='lat' dir='ltr'>menses</span> <span class='ocrx_word' id='word_1_97' title='bbox 761 1154 885 1227; x_wconf 89' lang='lat' dir='ltr'>multos,</span> <span class='ocrx_word' id='word_1_98' title='bbox 910 1159 944 1212; x_wconf 90' lang='lat' dir='ltr'>ut</span> <span class='ocrx_word' id='word_1_99' title='bbox 967 1153 1003 1211; x_wconf 93' lang='lat' dir='ltr'>de</span> <span class='ocrx_word' id='word_1_100' title='bbox 1028 1152 1120 1213; x_wconf 85' lang='lat' dir='ltr'>stelle</span> <span class='ocrx_word' id='word_1_101' title='bbox 1135 1149 1242 1233; x_wconf 75' lang='lat' dir='ltr'>Cygni.</span> <span class='ocrx_word' id='word_1_102' title='bbox 1282 1151 1344 1213; x_wconf 83' lang='lat' dir='ltr'>Sed</span> <span class='ocrx_word' id='word_1_103' title='bbox 1368 1153 1436 1214; x_wconf 80' lang='lat' dir='ltr'>stolo</span> <span class='ocrx_word' id='word_1_104' title='bbox 1462 1162 1491 1213; x_wconf 92' lang='lat' dir='ltr'>te</span> 
     </span>
     <span class='ocr_line' id='line_1_11' title="bbox 138 1240 1494 1322; baseline -0.001 -19"><span class='ocrx_word' id='word_1_105' title='bbox 138 1261 242 1321; x_wconf 81' lang='lat' dir='ltr'>agere,</span> <span class='ocrx_word' id='word_1_106' title='bbox 272 1252 364 1319; x_wconf 84' lang='lat' dir='ltr'>tange</span> <span class='ocrx_word' id='word_1_107' title='bbox 389 1258 477 1301; x_wconf 91' lang='lat' dir='ltr'>unum</span> <span class='ocrx_word' id='word_1_108' title='bbox 502 1240 605 1300; x_wconf 84' lang='lat' dir='ltr'>borum</span> <span class='ocrx_word' id='word_1_109' title='bbox 630 1250 757 1319; x_wconf 86' lang='lat' dir='ltr'>quatuor</span> <span class='ocrx_word' id='word_1_110' title='bbox 780 1241 893 1313; x_wconf 88' lang='lat' dir='ltr'>verbis,</span> <span class='ocrx_word' id='word_1_111' title='bbox 927 1240 1033 1320; x_wconf 88' lang='lat' dir='ltr'>qulbus</span> <span class='ocrx_word' id='word_1_112' title='bbox 1057 1240 1183 1301; x_wconf 91' lang='lat' dir='ltr'>totidem</span> <span class='ocrx_word' id='word_1_113' title='bbox 1209 1259 1352 1301; x_wconf 76' lang='lat' dir='ltr'>tttruormu</span> <span class='ocrx_word' id='word_1_114' title='bbox 1376 1242 1494 1322; x_wconf 85' lang='lat' dir='ltr'>culpem</span> 
     </span>
     <span class='ocr_line' id='line_1_12' title="bbox 138 1327 730 1407; baseline -0.005 -16"><span class='ocrx_word' id='word_1_115' title='bbox 138 1330 251 1393; x_wconf 89' lang='lat' dir='ltr'>silentii</span> <span class='ocrx_word' id='word_1_116' title='bbox 276 1331 371 1391; x_wconf 89' lang='lat' dir='ltr'>elues.</span> <span class='ocrx_word' id='word_1_117' title='bbox 419 1327 499 1387; x_wconf 83' lang='lat' dir='ltr'>Vale</span> <span class='ocrx_word' id='word_1_118' title='bbox 523 1347 627 1407; x_wconf 73' lang='lat' dir='ltr'>ineque¹</span> <span class='ocrx_word' id='word_1_119' title='bbox 653 1349 730 1389; x_wconf 83' lang='lat' dir='ltr'>arira.</span> 
     </span>
    </p>
   </div>
   <div class='ocr_carea' id='block_1_4' title="bbox 106 1446 1506 4490">
    <p class='ocr_par' dir='ltr' id='par_1_4' title="bbox 138 1446 1502 3144">
     <span class='ocr_line' id='line_1_13' title="bbox 225 1446 1493 1527; baseline -0.002 -25"><span class='ocrx_word' id='word_1_120' title='bbox 225 1447 291 1502; x_wconf 74' lang='lat' dir='ltr'>&#39;llum</span> <span class='ocrx_word' id='word_1_121' title='bbox 309 1451 407 1501; x_wconf 82' lang='lat' dir='ltr'>demum</span> <span class='ocrx_word' id='word_1_122' title='bbox 424 1449 619 1499; x_wconf 77' lang='lat' dir='ltr'>Maestliuus</span> <span class='ocrx_word' id='word_1_123' title='bbox 638 1451 762 1513; x_wconf 87' lang='lat' dir='ltr'>respondit</span> <span class='ocrx_word' id='word_1_124' title='bbox 780 1451 803 1498; x_wconf 91' lang='lat' dir='ltr'>d.</span> <span class='ocrx_word' id='word_1_125' title='bbox 823 1448 937 1499; x_wconf 73' lang='lat' dir='ltr'>ililau.</span> <span class='ocrx_word' id='word_1_126' title='bbox 958 1458 1023 1500; x_wconf 86' lang='lat' dir='ltr'>etr.</span> <span class='ocrx_word' id='word_1_127' title='bbox 1041 1446 1122 1527; x_wconf 33' lang='lat' dir='ltr'>ituit.</span> <span class='ocrx_word' id='word_1_128' title='bbox 1151 1449 1189 1499; x_wconf 86' lang='lat' dir='ltr'>bis</span> <span class='ocrx_word' id='word_1_129' title='bbox 1207 1464 1235 1499; x_wconf 89' lang='lat' dir='ltr'>se</span> <span class='ocrx_word' id='word_1_130' title='bbox 1261 1464 1382 1500; x_wconf 84' lang='lat' dir='ltr'>excussus</span> <span class='ocrx_word' id='word_1_131' title='bbox 1401 1451 1493 1501; x_wconf 85' lang='lat' dir='ltr'>serbis:</span> 
     </span>
     <span class='ocr_line' id='line_1_14' title="bbox 138 1520 1496 1587; baseline -0.003 -11"><span class='ocrx_word' id='word_1_132' title='bbox 138 1524 189 1576; x_wconf 78' lang='lat' dir='ltr'>tui</span> <span class='ocrx_word' id='word_1_133' title='bbox 206 1522 331 1574; x_wconf 60' lang='lat' dir='ltr'>batenus</span> <span class='ocrx_word' id='word_1_134' title='bbox 350 1522 547 1585; x_wconf 67' lang='lat' dir='ltr'>aliquetenus,</span> <span class='ocrx_word' id='word_1_135' title='bbox 567 1522 602 1569; x_wconf 80' lang='lat' dir='ltr'>vir</span> <span class='ocrx_word' id='word_1_136' title='bbox 621 1521 764 1577; x_wconf 85' lang='lat' dir='ltr'>clarissime,</span> <span class='ocrx_word' id='word_1_137' title='bbox 784 1520 890 1570; x_wconf 89' lang='lat' dir='ltr'>Domine</span> <span class='ocrx_word' id='word_1_138' title='bbox 909 1529 937 1570; x_wconf 89' lang='lat' dir='ltr'>et</span> <span class='ocrx_word' id='word_1_139' title='bbox 954 1524 1034 1571; x_wconf 87' lang='lat' dir='ltr'>amice</span> <span class='ocrx_word' id='word_1_140' title='bbox 1052 1523 1150 1571; x_wconf 89' lang='lat' dir='ltr'>sincera</span> <span class='ocrx_word' id='word_1_141' title='bbox 1166 1522 1215 1570; x_wconf 87' lang='lat' dir='ltr'>fide</span> <span class='ocrx_word' id='word_1_142' title='bbox 1233 1520 1386 1579; x_wconf 86' lang='lat' dir='ltr'>honorande,</span> <span class='ocrx_word' id='word_1_143' title='bbox 1405 1537 1451 1587; x_wconf 81' lang='lat' dir='ltr'>ego</span> <span class='ocrx_word' id='word_1_144' title='bbox 1470 1524 1496 1572; x_wconf 90' lang='lat' dir='ltr'>iu</span> 
     </span>
     <span class='ocr_line' id='line_1_15' title="bbox 138 1592 1494 1657; baseline -0.003 -11"><span class='ocrx_word' id='word_1_145' title='bbox 138 1595 268 1646; x_wconf 69' lang='lat' dir='ltr'>combaudo</span> <span class='ocrx_word' id='word_1_146' title='bbox 286 1594 385 1657; x_wconf 74' lang='lat' dir='ltr'>segnior</span> <span class='ocrx_word' id='word_1_147' title='bbox 402 1592 503 1649; x_wconf 71' lang='lat' dir='ltr'>merim,</span> <span class='ocrx_word' id='word_1_148' title='bbox 529 1594 565 1641; x_wconf 88' lang='lat' dir='ltr'>tul</span> <span class='ocrx_word' id='word_1_149' title='bbox 584 1599 669 1641; x_wconf 70' lang='lat' dir='ltr'>umen</span> <span class='ocrx_word' id='word_1_150' title='bbox 688 1593 764 1640; x_wconf 86' lang='lat' dir='ltr'>enimi</span> <span class='ocrx_word' id='word_1_151' title='bbox 782 1594 979 1657; x_wconf 80' lang='lat' dir='ltr'>perseverantia,</span> <span class='ocrx_word' id='word_1_152' title='bbox 1009 1593 1090 1656; x_wconf 86' lang='lat' dir='ltr'>pietas</span> <span class='ocrx_word' id='word_1_153' title='bbox 1109 1606 1225 1657; x_wconf 87' lang='lat' dir='ltr'>amorque</span> <span class='ocrx_word' id='word_1_154' title='bbox 1245 1593 1380 1648; x_wconf 87' lang='lat' dir='ltr'>candidus,</span> <span class='ocrx_word' id='word_1_155' title='bbox 1408 1608 1494 1657; x_wconf 89' lang='lat' dir='ltr'>quam·</span> 
     </span>
     <span class='ocr_line' id='line_1_16' title="bbox 139 1661 1495 1731; baseline 0.001 -18"><span class='ocrx_word' id='word_1_156' title='bbox 139 1680 211 1731; x_wconf 64' lang='lat' dir='ltr'>mam</span> <span class='ocrx_word' id='word_1_157' title='bbox 230 1663 264 1714; x_wconf 90' lang='lat' dir='ltr'>ad</span> <span class='ocrx_word' id='word_1_158' title='bbox 284 1677 340 1712; x_wconf 90' lang='lat' dir='ltr'>eam</span> <span class='ocrx_word' id='word_1_159' title='bbox 358 1662 449 1728; x_wconf 76' lang='lat' dir='ltr'>gradus</span> <span class='ocrx_word' id='word_1_160' title='bbox 468 1668 494 1711; x_wconf 86' lang='lat' dir='ltr'>et</span> <span class='ocrx_word' id='word_1_161' title='bbox 510 1661 628 1711; x_wconf 87' lang='lat' dir='ltr'>honorum</span> <span class='ocrx_word' id='word_1_162' title='bbox 639 1663 799 1711; x_wconf 90' lang='lat' dir='ltr'>eminentiam</span> <span class='ocrx_word' id='word_1_163' title='bbox 813 1664 845 1710; x_wconf 87' lang='lat' dir='ltr'>sis</span> <span class='ocrx_word' id='word_1_164' title='bbox 859 1670 973 1718; x_wconf 81' lang='lat' dir='ltr'>evectus,</span> <span class='ocrx_word' id='word_1_165' title='bbox 993 1664 1059 1712; x_wconf 87' lang='lat' dir='ltr'>uude</span> <span class='ocrx_word' id='word_1_166' title='bbox 1072 1679 1111 1711; x_wconf 90' lang='lat' dir='ltr'>me</span> <span class='ocrx_word' id='word_1_167' title='bbox 1124 1663 1250 1726; x_wconf 84' lang='lat' dir='ltr'>despicere</span> <span class='ocrx_word' id='word_1_168' title='bbox 1269 1666 1289 1711; x_wconf 87' lang='lat' dir='ltr'>si</span> <span class='ocrx_word' id='word_1_169' title='bbox 1310 1662 1382 1712; x_wconf 85' lang='lat' dir='ltr'>velles</span> <span class='ocrx_word' id='word_1_170' title='bbox 1401 1678 1495 1728; x_wconf 87' lang='lat' dir='ltr'>posset,</span> 
     </span>
     <span class='ocr_line' id='line_1_17' title="bbox 138 1732 1493 1800; baseline -0.001 -15"><span class='ocrx_word' id='word_1_171' title='bbox 138 1751 188 1790; x_wconf 86' lang='lat' dir='ltr'>nen</span> <span class='ocrx_word' id='word_1_172' title='bbox 207 1735 389 1800; x_wconf 72' lang='lat' dir='ltr'>elanguerunt,</span> <span class='ocrx_word' id='word_1_173' title='bbox 408 1734 452 1782; x_wconf 90' lang='lat' dir='ltr'>sed</span> <span class='ocrx_word' id='word_1_174' title='bbox 471 1732 545 1781; x_wconf 88' lang='lat' dir='ltr'>firmis</span> <span class='ocrx_word' id='word_1_175' title='bbox 563 1734 674 1782; x_wconf 76' lang='lat' dir='ltr'>nituntur</span> <span class='ocrx_word' id='word_1_176' title='bbox 693 1733 784 1781; x_wconf 89' lang='lat' dir='ltr'>lnlcris.</span> <span class='ocrx_word' id='word_1_177' title='bbox 811 1733 892 1793; x_wconf 85' lang='lat' dir='ltr'>Quam</span> <span class='ocrx_word' id='word_1_178' title='bbox 905 1735 1169 1797; x_wconf 88' lang='lat' dir='ltr'>constantiamuthue</span> <span class='ocrx_word' id='word_1_179' title='bbox 1188 1733 1271 1782; x_wconf 89' lang='lat' dir='ltr'>multis</span> <span class='ocrx_word' id='word_1_180' title='bbox 1290 1734 1413 1797; x_wconf 88' lang='lat' dir='ltr'>praedico.</span> <span class='ocrx_word' id='word_1_181' title='bbox 1442 1733 1493 1783; x_wconf 79' lang='lat' dir='ltr'>Ve-</span> 
     </span>
     <span class='ocr_line' id='line_1_18' title="bbox 139 1804 1497 1870; baseline -0.001 -13"><span class='ocrx_word' id='word_1_182' title='bbox 139 1822 192 1857; x_wconf 83' lang='lat' dir='ltr'>rum</span> <span class='ocrx_word' id='word_1_183' title='bbox 209 1819 277 1870; x_wconf 78' lang='lat' dir='ltr'>quae</span> <span class='ocrx_word' id='word_1_184' title='bbox 295 1805 472 1868; x_wconf 88' lang='lat' dir='ltr'>impedimenta</span> <span class='ocrx_word' id='word_1_185' title='bbox 489 1805 573 1854; x_wconf 87' lang='lat' dir='ltr'>literas</span> <span class='ocrx_word' id='word_1_186' title='bbox 592 1818 661 1853; x_wconf 89' lang='lat' dir='ltr'>meas</span> <span class='ocrx_word' id='word_1_187' title='bbox 679 1804 801 1853; x_wconf 88' lang='lat' dir='ltr'>hacteuus</span> <span class='ocrx_word' id='word_1_188' title='bbox 820 1806 1009 1867; x_wconf 81' lang='lat' dir='ltr'>interceperint,</span> <span class='ocrx_word' id='word_1_189' title='bbox 1037 1805 1093 1852; x_wconf 88' lang='lat' dir='ltr'>uolo</span> <span class='ocrx_word' id='word_1_190' title='bbox 1121 1817 1264 1863; x_wconf 85' lang='lat' dir='ltr'>recensere,</span> <span class='ocrx_word' id='word_1_191' title='bbox 1294 1820 1341 1853; x_wconf 86' lang='lat' dir='ltr'>uec</span> <span class='ocrx_word' id='word_1_192' title='bbox 1368 1820 1408 1855; x_wconf 89' lang='lat' dir='ltr'>me</span> <span class='ocrx_word' id='word_1_193' title='bbox 1430 1806 1497 1855; x_wconf 91' lang='lat' dir='ltr'>ultre</span> 
     </span>
     <span class='ocr_line' id='line_1_19' title="bbox 140 1874 1495 1940; baseline -0.001 -12"><span class='ocrx_word' id='word_1_194' title='bbox 140 1892 276 1928; x_wconf 73' lang='lat' dir='ltr'>excusus:</span> <span class='ocrx_word' id='word_1_195' title='bbox 296 1876 344 1924; x_wconf 91' lang='lat' dir='ltr'>boc</span> <span class='ocrx_word' id='word_1_196' title='bbox 362 1878 435 1925; x_wconf 90' lang='lat' dir='ltr'>uuico</span> <span class='ocrx_word' id='word_1_197' title='bbox 455 1881 566 1940; x_wconf 86' lang='lat' dir='ltr'>excepto,</span> <span class='ocrx_word' id='word_1_198' title='bbox 585 1876 649 1937; x_wconf 90' lang='lat' dir='ltr'>quod</span> <span class='ocrx_word' id='word_1_199' title='bbox 668 1890 731 1938; x_wconf 86' lang='lat' dir='ltr'>quae</span> <span class='ocrx_word' id='word_1_200' title='bbox 751 1876 795 1924; x_wconf 92' lang='lat' dir='ltr'>tibi</span> <span class='ocrx_word' id='word_1_201' title='bbox 813 1874 991 1924; x_wconf 84' lang='lat' dir='ltr'>mathematico</span> <span class='ocrx_word' id='word_1_202' title='bbox 1010 1875 1215 1924; x_wconf 84' lang='lat' dir='ltr'>excellentissimo</span> <span class='ocrx_word' id='word_1_203' title='bbox 1228 1875 1349 1939; x_wconf 79' lang='lat' dir='ltr'>condigne</span> <span class='ocrx_word' id='word_1_204' title='bbox 1363 1878 1495 1939; x_wconf 87' lang='lat' dir='ltr'>respoude-</span> 
     </span>
     <span class='ocr_line' id='line_1_20' title="bbox 140 1945 1496 2011; baseline -0.001 -13"><span class='ocrx_word' id='word_1_205' title='bbox 140 1964 205 2002; x_wconf 89' lang='lat' dir='ltr'>rem,</span> <span class='ocrx_word' id='word_1_206' title='bbox 225 1962 275 1997; x_wconf 91' lang='lat' dir='ltr'>uon</span> <span class='ocrx_word' id='word_1_207' title='bbox 293 1946 379 1996; x_wconf 87' lang='lat' dir='ltr'>babui.</span> <span class='ocrx_word' id='word_1_208' title='bbox 416 1946 448 1994; x_wconf 89' lang='lat' dir='ltr'>V.</span> <span class='ocrx_word' id='word_1_209' title='bbox 467 1962 491 2010; x_wconf 78' lang='lat' dir='ltr'>g.</span> <span class='ocrx_word' id='word_1_210' title='bbox 511 1945 674 2008; x_wconf 87' lang='lat' dir='ltr'>superioribus</span> <span class='ocrx_word' id='word_1_211' title='bbox 693 1947 789 2008; x_wconf 88' lang='lat' dir='ltr'>scriptis</span> <span class='ocrx_word' id='word_1_212' title='bbox 817 1946 919 2009; x_wconf 84' lang='lat' dir='ltr'>eclipses</span> <span class='ocrx_word' id='word_1_213' title='bbox 940 1947 1083 1995; x_wconf 84' lang='lat' dir='ltr'>obserratas</span> <span class='ocrx_word' id='word_1_214' title='bbox 1102 1959 1117 1994; x_wconf 87' lang='lat' dir='ltr'>a</span> <span class='ocrx_word' id='word_1_215' title='bbox 1135 1960 1175 1994; x_wconf 90' lang='lat' dir='ltr'>me</span> <span class='ocrx_word' id='word_1_216' title='bbox 1198 1945 1299 2008; x_wconf 86' lang='lat' dir='ltr'>petiisti.</span> <span class='ocrx_word' id='word_1_217' title='bbox 1337 1946 1390 2011; x_wconf 72' lang='lat' dir='ltr'>Ego</span> <span class='ocrx_word' id='word_1_218' title='bbox 1409 1946 1440 1995; x_wconf 91' lang='lat' dir='ltr'>de</span> <span class='ocrx_word' id='word_1_219' title='bbox 1458 1948 1496 2004; x_wconf 85' lang='lat' dir='ltr'>iia,</span> 
     </span>
     <span class='ocr_line' id='line_1_21' title="bbox 139 2015 1496 2084; baseline -0.002 -16"><span class='ocrx_word' id='word_1_220' title='bbox 139 2033 199 2084; x_wconf 83' lang='lat' dir='ltr'>ques</span> <span class='ocrx_word' id='word_1_221' title='bbox 218 2033 266 2084; x_wconf 76' lang='lat' dir='ltr'>ego</span> <span class='ocrx_word' id='word_1_222' title='bbox 284 2018 337 2082; x_wconf 89' lang='lat' dir='ltr'>ipse</span> <span class='ocrx_word' id='word_1_223' title='bbox 356 2018 534 2066; x_wconf 78' lang='lat' dir='ltr'>observaverim</span> <span class='ocrx_word' id='word_1_224' title='bbox 546 2023 572 2065; x_wconf 88' lang='lat' dir='ltr'>te</span> <span class='ocrx_word' id='word_1_225' title='bbox 585 2016 649 2079; x_wconf 92' lang='lat' dir='ltr'>loqui</span> <span class='ocrx_word' id='word_1_226' title='bbox 666 2018 794 2078; x_wconf 87' lang='lat' dir='ltr'>putabam.</span> <span class='ocrx_word' id='word_1_227' title='bbox 821 2015 914 2065; x_wconf 88' lang='lat' dir='ltr'>Verum</span> <span class='ocrx_word' id='word_1_228' title='bbox 927 2029 1001 2082; x_wconf 86' lang='lat' dir='ltr'>quam</span> <span class='ocrx_word' id='word_1_229' title='bbox 1019 2030 1116 2079; x_wconf 88' lang='lat' dir='ltr'>paucae</span> <span class='ocrx_word' id='word_1_230' title='bbox 1134 2015 1192 2065; x_wconf 83' lang='lat' dir='ltr'>illae</span> <span class='ocrx_word' id='word_1_231' title='bbox 1211 2017 1268 2074; x_wconf 87' lang='lat' dir='ltr'>siut,</span> <span class='ocrx_word' id='word_1_232' title='bbox 1289 2015 1356 2066; x_wconf 90' lang='lat' dir='ltr'>dolet</span> <span class='ocrx_word' id='word_1_233' title='bbox 1375 2025 1401 2065; x_wconf 91' lang='lat' dir='ltr'>et</span> <span class='ocrx_word' id='word_1_234' title='bbox 1419 2017 1496 2066; x_wconf 81' lang='lat' dir='ltr'>terme</span> 
     </span>
     <span class='ocr_line' id='line_1_22' title="bbox 140 2086 1499 2154; baseline -0.001 -15"><span class='ocrx_word' id='word_1_235' title='bbox 140 2090 216 2154; x_wconf 83' lang='lat' dir='ltr'>pudet</span> <span class='ocrx_word' id='word_1_236' title='bbox 234 2103 275 2137; x_wconf 86' lang='lat' dir='ltr'>sne</span> <span class='ocrx_word' id='word_1_237' title='bbox 295 2088 385 2143; x_wconf 84' lang='lat' dir='ltr'>dicere,</span> <span class='ocrx_word' id='word_1_238' title='bbox 405 2093 491 2150; x_wconf 82' lang='lat' dir='ltr'>utpote</span> <span class='ocrx_word' id='word_1_239' title='bbox 510 2088 550 2151; x_wconf 91' lang='lat' dir='ltr'>qui</span> <span class='ocrx_word' id='word_1_240' title='bbox 567 2087 645 2136; x_wconf 89' lang='lat' dir='ltr'>multo</span> <span class='ocrx_word' id='word_1_241' title='bbox 662 2093 773 2149; x_wconf 88' lang='lat' dir='ltr'>tempore</span> <span class='ocrx_word' id='word_1_242' title='bbox 791 2088 871 2136; x_wconf 86' lang='lat' dir='ltr'>nullas</span> <span class='ocrx_word' id='word_1_243' title='bbox 890 2088 1019 2135; x_wconf 85' lang='lat' dir='ltr'>observare</span> <span class='ocrx_word' id='word_1_244' title='bbox 1037 2088 1115 2149; x_wconf 89' lang='lat' dir='ltr'>potul,</span> <span class='ocrx_word' id='word_1_245' title='bbox 1134 2086 1196 2136; x_wconf 89' lang='lat' dir='ltr'>coeli</span> <span class='ocrx_word' id='word_1_246' title='bbox 1215 2087 1327 2135; x_wconf 89' lang='lat' dir='ltr'>nimirum</span> <span class='ocrx_word' id='word_1_247' title='bbox 1347 2087 1499 2137; x_wconf 84' lang='lat' dir='ltr'>adversitate</span> 
     </span>
     <span class='ocr_line' id='line_1_23' title="bbox 140 2157 1497 2224; baseline -0.002 -14"><span class='ocrx_word' id='word_1_248' title='bbox 140 2164 253 2224; x_wconf 64' lang='lat' dir='ltr'>aerique</span> <span class='ocrx_word' id='word_1_249' title='bbox 271 2159 375 2222; x_wconf 80' lang='lat' dir='ltr'>pluviosi</span> <span class='ocrx_word' id='word_1_250' title='bbox 393 2159 483 2220; x_wconf 84' lang='lat' dir='ltr'>injuria</span> <span class='ocrx_word' id='word_1_251' title='bbox 501 2158 648 2220; x_wconf 87' lang='lat' dir='ltr'>prohibitus,</span> <span class='ocrx_word' id='word_1_252' title='bbox 668 2157 731 2217; x_wconf 79' lang='lat' dir='ltr'>adeo</span> <span class='ocrx_word' id='word_1_253' title='bbox 749 2166 778 2206; x_wconf 91' lang='lat' dir='ltr'>ut</span> <span class='ocrx_word' id='word_1_254' title='bbox 790 2172 866 2221; x_wconf 85' lang='lat' dir='ltr'>saepe</span> <span class='ocrx_word' id='word_1_255' title='bbox 879 2159 958 2221; x_wconf 90' lang='lat' dir='ltr'>ipsum</span> <span class='ocrx_word' id='word_1_256' title='bbox 971 2158 1089 2207; x_wconf 85' lang='lat' dir='ltr'>deficiens</span> <span class='ocrx_word' id='word_1_257' title='bbox 1101 2157 1222 2206; x_wconf 88' lang='lat' dir='ltr'>luminare</span> <span class='ocrx_word' id='word_1_258' title='bbox 1234 2157 1317 2207; x_wconf 82' lang='lat' dir='ltr'>ridere</span> <span class='ocrx_word' id='word_1_259' title='bbox 1331 2172 1381 2207; x_wconf 89' lang='lat' dir='ltr'>nou</span> <span class='ocrx_word' id='word_1_260' title='bbox 1393 2157 1497 2207; x_wconf 84' lang='lat' dir='ltr'>licuerit.</span> 
     </span>
     <span class='ocr_line' id='line_1_24' title="bbox 138 2227 1497 2291; baseline 0 -11"><span class='ocrx_word' id='word_1_261' title='bbox 138 2231 264 2280; x_wconf 77' lang='lat' dir='ltr'>Interdum</span> <span class='ocrx_word' id='word_1_262' title='bbox 284 2237 368 2279; x_wconf 86' lang='lat' dir='ltr'>autem</span> <span class='ocrx_word' id='word_1_263' title='bbox 387 2229 425 2285; x_wconf 93' lang='lat' dir='ltr'>id,</span> <span class='ocrx_word' id='word_1_264' title='bbox 445 2229 503 2277; x_wconf 88' lang='lat' dir='ltr'>dum</span> <span class='ocrx_word' id='word_1_265' title='bbox 519 2232 572 2291; x_wconf 87' lang='lat' dir='ltr'>jam</span> <span class='ocrx_word' id='word_1_266' title='bbox 591 2227 723 2281; x_wconf 85' lang='lat' dir='ltr'>deficeret,</span> <span class='ocrx_word' id='word_1_267' title='bbox 743 2230 867 2278; x_wconf 74' lang='lat' dir='ltr'>emicabat</span> <span class='ocrx_word' id='word_1_268' title='bbox 885 2243 959 2283; x_wconf 85' lang='lat' dir='ltr'>seue,</span> <span class='ocrx_word' id='word_1_269' title='bbox 980 2237 1007 2278; x_wconf 87' lang='lat' dir='ltr'>at</span> <span class='ocrx_word' id='word_1_270' title='bbox 1025 2235 1172 2291; x_wconf 87' lang='lat' dir='ltr'>conspectus</span> <span class='ocrx_word' id='word_1_271' title='bbox 1190 2230 1244 2289; x_wconf 87' lang='lat' dir='ltr'>ejus</span> <span class='ocrx_word' id='word_1_272' title='bbox 1263 2229 1296 2278; x_wconf 85' lang='lat' dir='ltr'>ed</span> <span class='ocrx_word' id='word_1_273' title='bbox 1315 2229 1497 2280; x_wconf 82' lang='lat' dir='ltr'>observationes</span> 
     </span>
     <span class='ocr_line' id='line_1_25' title="bbox 139 2298 1496 2362; baseline -0.002 -11"><span class='ocrx_word' id='word_1_274' title='bbox 139 2303 317 2351; x_wconf 84' lang='lat' dir='ltr'>astronomicas</span> <span class='ocrx_word' id='word_1_275' title='bbox 335 2299 395 2348; x_wconf 92' lang='lat' dir='ltr'>nihil</span> <span class='ocrx_word' id='word_1_276' title='bbox 412 2299 574 2349; x_wconf 84' lang='lat' dir='ltr'>conducebat.</span> <span class='ocrx_word' id='word_1_277' title='bbox 612 2298 666 2347; x_wconf 82' lang='lat' dir='ltr'>Nec</span> <span class='ocrx_word' id='word_1_278' title='bbox 685 2315 774 2348; x_wconf 81' lang='lat' dir='ltr'>riorum</span> <span class='ocrx_word' id='word_1_279' title='bbox 793 2307 837 2349; x_wconf 80' lang='lat' dir='ltr'>eut</span> <span class='ocrx_word' id='word_1_280' title='bbox 855 2300 979 2348; x_wconf 85' lang='lat' dir='ltr'>insolitum</span> <span class='ocrx_word' id='word_1_281' title='bbox 997 2299 1044 2349; x_wconf 90' lang='lat' dir='ltr'>boc</span> <span class='ocrx_word' id='word_1_282' title='bbox 1068 2300 1126 2348; x_wconf 90' lang='lat' dir='ltr'>mibi</span> <span class='ocrx_word' id='word_1_283' title='bbox 1145 2305 1195 2355; x_wconf 87' lang='lat' dir='ltr'>est,</span> <span class='ocrx_word' id='word_1_284' title='bbox 1222 2298 1344 2362; x_wconf 87' lang='lat' dir='ltr'>quiahoc</span> <span class='ocrx_word' id='word_1_285' title='bbox 1363 2301 1496 2349; x_wconf 82' lang='lat' dir='ltr'>infortunio</span> 
     </span>
     <span class='ocr_line' id='line_1_26' title="bbox 139 2369 1493 2434; baseline 0 -13"><span class='ocrx_word' id='word_1_286' title='bbox 139 2386 194 2421; x_wconf 86' lang='lat' dir='ltr'>mea</span> <span class='ocrx_word' id='word_1_287' title='bbox 212 2370 310 2422; x_wconf 82' lang='lat' dir='ltr'>Urania</span> <span class='ocrx_word' id='word_1_288' title='bbox 328 2370 400 2420; x_wconf 81' lang='lat' dir='ltr'>raldo</span> <span class='ocrx_word' id='word_1_289' title='bbox 417 2369 575 2419; x_wconf 78' lang='lat' dir='ltr'>vehementer</span> <span class='ocrx_word' id='word_1_290' title='bbox 594 2371 669 2418; x_wconf 86' lang='lat' dir='ltr'>etiam</span> <span class='ocrx_word' id='word_1_291' title='bbox 688 2371 713 2418; x_wconf 92' lang='lat' dir='ltr'>iu</span> <span class='ocrx_word' id='word_1_292' title='bbox 733 2372 822 2420; x_wconf 84' lang='lat' dir='ltr'>ceteris</span> <span class='ocrx_word' id='word_1_293' title='bbox 841 2372 970 2433; x_wconf 88' lang='lat' dir='ltr'>premitur,</span> <span class='ocrx_word' id='word_1_294' title='bbox 989 2376 1017 2419; x_wconf 92' lang='lat' dir='ltr'>ut</span> <span class='ocrx_word' id='word_1_295' title='bbox 1035 2379 1145 2432; x_wconf 89' lang='lat' dir='ltr'>tempore</span> <span class='ocrx_word' id='word_1_296' title='bbox 1157 2369 1272 2434; x_wconf 88' lang='lat' dir='ltr'>specialis</span> <span class='ocrx_word' id='word_1_297' title='bbox 1286 2369 1390 2432; x_wconf 85' lang='lat' dir='ltr'>alicujus</span> <span class='ocrx_word' id='word_1_298' title='bbox 1410 2371 1493 2421; x_wconf 88' lang='lat' dir='ltr'>obser·</span> 
     </span>
     <span class='ocr_line' id='line_1_27' title="bbox 139 2439 1498 2506; baseline -0.001 -14"><span class='ocrx_word' id='word_1_299' title='bbox 139 2442 245 2493; x_wconf 75' lang='lat' dir='ltr'>maionis</span> <span class='ocrx_word' id='word_1_300' title='bbox 262 2442 360 2491; x_wconf 85' lang='lat' dir='ltr'>tristem</span> <span class='ocrx_word' id='word_1_301' title='bbox 379 2441 443 2490; x_wconf 83' lang='lat' dir='ltr'>aeris</span> <span class='ocrx_word' id='word_1_302' title='bbox 461 2442 630 2503; x_wconf 79' lang='lat' dir='ltr'>intemperiem</span> <span class='ocrx_word' id='word_1_303' title='bbox 650 2442 752 2504; x_wconf 88' lang='lat' dir='ltr'>experiri</span> <span class='ocrx_word' id='word_1_304' title='bbox 765 2456 868 2491; x_wconf 86' lang='lat' dir='ltr'>necesse</span> <span class='ocrx_word' id='word_1_305' title='bbox 887 2441 988 2490; x_wconf 88' lang='lat' dir='ltr'>babeat.</span> <span class='ocrx_word' id='word_1_306' title='bbox 1025 2439 1103 2489; x_wconf 84' lang='lat' dir='ltr'>Malui</span> <span class='ocrx_word' id='word_1_307' title='bbox 1133 2455 1191 2504; x_wconf 78' lang='lat' dir='ltr'>ergo</span> <span class='ocrx_word' id='word_1_308' title='bbox 1219 2440 1293 2495; x_wconf 91' lang='lat' dir='ltr'>ulhil,</span> <span class='ocrx_word' id='word_1_309' title='bbox 1322 2454 1396 2505; x_wconf 83' lang='lat' dir='ltr'>quam</span> <span class='ocrx_word' id='word_1_310' title='bbox 1423 2456 1498 2506; x_wconf 83' lang='lat' dir='ltr'>propo</span> 
     </span>
     <span class='ocr_line' id='line_1_28' title="bbox 139 2511 1498 2575; baseline 0 -13"><span class='ocrx_word' id='word_1_311' title='bbox 139 2514 196 2563; x_wconf 87' lang='lat' dir='ltr'>nibil</span> <span class='ocrx_word' id='word_1_312' title='bbox 215 2513 324 2562; x_wconf 85' lang='lat' dir='ltr'>seribere</span> <span class='ocrx_word' id='word_1_313' title='bbox 349 2518 394 2560; x_wconf 85' lang='lat' dir='ltr'>sut</span> <span class='ocrx_word' id='word_1_314' title='bbox 411 2512 566 2575; x_wconf 87' lang='lat' dir='ltr'>respondere.</span> <span class='ocrx_word' id='word_1_315' title='bbox 602 2512 660 2562; x_wconf 86' lang='lat' dir='ltr'>Jum</span> <span class='ocrx_word' id='word_1_316' title='bbox 678 2526 734 2560; x_wconf 84' lang='lat' dir='ltr'>vero</span> <span class='ocrx_word' id='word_1_317' title='bbox 754 2513 779 2560; x_wconf 92' lang='lat' dir='ltr'>in</span> <span class='ocrx_word' id='word_1_318' title='bbox 800 2511 895 2575; x_wconf 86' lang='lat' dir='ltr'>Opticis</span> <span class='ocrx_word' id='word_1_319' title='bbox 913 2513 961 2560; x_wconf 89' lang='lat' dir='ltr'>tuis</span> <span class='ocrx_word' id='word_1_320' title='bbox 986 2511 1048 2561; x_wconf 80' lang='lat' dir='ltr'>alias</span> <span class='ocrx_word' id='word_1_321' title='bbox 1067 2512 1148 2575; x_wconf 89' lang='lat' dir='ltr'>plures</span> <span class='ocrx_word' id='word_1_322' title='bbox 1167 2511 1271 2560; x_wconf 90' lang='lat' dir='ltr'>aliorum</span> <span class='ocrx_word' id='word_1_323' title='bbox 1288 2526 1384 2574; x_wconf 89' lang='lat' dir='ltr'>quoque</span> <span class='ocrx_word' id='word_1_324' title='bbox 1403 2511 1498 2562; x_wconf 88' lang='lat' dir='ltr'>seculo·</span> 
     </span>
     <span class='ocr_line' id='line_1_29' title="bbox 139 2580 1499 2648; baseline -0.002 -14"><span class='ocrx_word' id='word_1_325' title='bbox 139 2601 192 2635; x_wconf 89' lang='lat' dir='ltr'>rum</span> <span class='ocrx_word' id='word_1_326' title='bbox 210 2584 337 2648; x_wconf 87' lang='lat' dir='ltr'>eclipses.</span> <span class='ocrx_word' id='word_1_327' title='bbox 356 2584 432 2631; x_wconf 89' lang='lat' dir='ltr'>etiam</span> <span class='ocrx_word' id='word_1_328' title='bbox 452 2597 500 2631; x_wconf 91' lang='lat' dir='ltr'>nou</span> <span class='ocrx_word' id='word_1_329' title='bbox 520 2584 684 2631; x_wconf 80' lang='lat' dir='ltr'>astronomica</span> <span class='ocrx_word' id='word_1_330' title='bbox 703 2582 845 2632; x_wconf 79' lang='lat' dir='ltr'>observatas</span> <span class='ocrx_word' id='word_1_331' title='bbox 865 2598 880 2630; x_wconf 84' lang='lat' dir='ltr'>a</span> <span class='ocrx_word' id='word_1_332' title='bbox 898 2590 923 2632; x_wconf 91' lang='lat' dir='ltr'>te</span> <span class='ocrx_word' id='word_1_333' title='bbox 943 2584 1013 2632; x_wconf 86' lang='lat' dir='ltr'>citari</span> <span class='ocrx_word' id='word_1_334' title='bbox 1031 2582 1111 2631; x_wconf 83' lang='lat' dir='ltr'>rideo.</span> <span class='ocrx_word' id='word_1_335' title='bbox 1148 2580 1177 2630; x_wconf 94' lang='lat' dir='ltr'>ld</span> <span class='ocrx_word' id='word_1_336' title='bbox 1196 2582 1217 2629; x_wconf 90' lang='lat' dir='ltr'>si</span> <span class='ocrx_word' id='word_1_337' title='bbox 1235 2581 1412 2635; x_wconf 78' lang='lat' dir='ltr'>intellexissem</span> <span class='ocrx_word' id='word_1_338' title='bbox 1431 2589 1499 2638; x_wconf 89' lang='lat' dir='ltr'>ente,</span> 
     </span>
     <span class='ocr_line' id='line_1_30' title="bbox 139 2652 1497 2720; baseline 0.001 -17"><span class='ocrx_word' id='word_1_339' title='bbox 139 2655 275 2720; x_wconf 85' lang='lat' dir='ltr'>potuissem</span> <span class='ocrx_word' id='word_1_340' title='bbox 294 2653 377 2703; x_wconf 78' lang='lat' dir='ltr'>ioman</span> <span class='ocrx_word' id='word_1_341' title='bbox 396 2668 427 2703; x_wconf 86' lang='lat' dir='ltr'>ex</span> <span class='ocrx_word' id='word_1_342' title='bbox 445 2652 560 2718; x_wconf 79' lang='lat' dir='ltr'>catalogo</span> <span class='ocrx_word' id='word_1_343' title='bbox 578 2667 647 2710; x_wconf 90' lang='lat' dir='ltr'>meo,</span> <span class='ocrx_word' id='word_1_344' title='bbox 667 2654 691 2702; x_wconf 91' lang='lat' dir='ltr'>in</span> <span class='ocrx_word' id='word_1_345' title='bbox 710 2668 782 2716; x_wconf 91' lang='lat' dir='ltr'>quem</span> <span class='ocrx_word' id='word_1_346' title='bbox 801 2668 901 2710; x_wconf 89' lang='lat' dir='ltr'>omues,</span> <span class='ocrx_word' id='word_1_347' title='bbox 920 2667 1120 2718; x_wconf 88' lang='lat' dir='ltr'>quarumcunque</span> <span class='ocrx_word' id='word_1_348' title='bbox 1139 2653 1206 2701; x_wconf 89' lang='lat' dir='ltr'>ullibi</span> <span class='ocrx_word' id='word_1_349' title='bbox 1225 2653 1375 2701; x_wconf 86' lang='lat' dir='ltr'>mentionem</span> <span class='ocrx_word' id='word_1_350' title='bbox 1395 2654 1447 2702; x_wconf 87' lang='lat' dir='ltr'>lieri</span> <span class='ocrx_word' id='word_1_351' title='bbox 1459 2655 1497 2704; x_wconf 84' lang='lat' dir='ltr'>lu·</span> 
     </span>
     <span class='ocr_line' id='line_1_31' title="bbox 138 2722 1500 2790; baseline 0.001 -17"><span class='ocrx_word' id='word_1_352' title='bbox 138 2727 226 2783; x_wconf 81' lang='lat' dir='ltr'>seuit,</span> <span class='ocrx_word' id='word_1_353' title='bbox 252 2724 357 2773; x_wconf 84' lang='lat' dir='ltr'>sollicite</span> <span class='ocrx_word' id='word_1_354' title='bbox 377 2724 480 2790; x_wconf 78' lang='lat' dir='ltr'>colligo,</span> <span class='ocrx_word' id='word_1_355' title='bbox 509 2724 605 2790; x_wconf 84' lang='lat' dir='ltr'>aliquas</span> <span class='ocrx_word' id='word_1_356' title='bbox 624 2732 666 2772; x_wconf 93' lang='lat' dir='ltr'>tuo</span> <span class='ocrx_word' id='word_1_357' title='bbox 689 2724 801 2773; x_wconf 88' lang='lat' dir='ltr'>instituto</span> <span class='ocrx_word' id='word_1_358' title='bbox 828 2740 877 2772; x_wconf 90' lang='lat' dir='ltr'>nou</span> <span class='ocrx_word' id='word_1_359' title='bbox 895 2722 1050 2774; x_wconf 90' lang='lat' dir='ltr'>incommode</span> <span class='ocrx_word' id='word_1_360' title='bbox 1069 2724 1202 2773; x_wconf 79' lang='lat' dir='ltr'>servientes</span> <span class='ocrx_word' id='word_1_361' title='bbox 1222 2724 1411 2774; x_wconf 84' lang='lat' dir='ltr'>communicare.</span> <span class='ocrx_word' id='word_1_362' title='bbox 1449 2723 1500 2775; x_wconf 84' lang='lat' dir='ltr'>Sed</span> 
     </span>
     <span class='ocr_line' id='line_1_32' title="bbox 139 2793 1501 2862; baseline 0 -16"><span class='ocrx_word' id='word_1_363' title='bbox 139 2796 265 2862; x_wconf 80' lang='lat' dir='ltr'>quoduam</span> <span class='ocrx_word' id='word_1_364' title='bbox 284 2809 346 2858; x_wconf 85' lang='lat' dir='ltr'>opus</span> <span class='ocrx_word' id='word_1_365' title='bbox 364 2795 482 2843; x_wconf 86' lang='lat' dir='ltr'>molireris</span> <span class='ocrx_word' id='word_1_366' title='bbox 504 2794 656 2858; x_wconf 76' lang='lat' dir='ltr'>ignorabam.</span> <span class='ocrx_word' id='word_1_367' title='bbox 694 2795 791 2844; x_wconf 88' lang='lat' dir='ltr'>Deinde</span> <span class='ocrx_word' id='word_1_368' title='bbox 810 2796 883 2844; x_wconf 81' lang='lat' dir='ltr'>fateri</span> <span class='ocrx_word' id='word_1_369' title='bbox 902 2810 984 2861; x_wconf 79' lang='lat' dir='ltr'>cogor,</span> <span class='ocrx_word' id='word_1_370' title='bbox 1003 2801 1031 2843; x_wconf 90' lang='lat' dir='ltr'>tu</span> <span class='ocrx_word' id='word_1_371' title='bbox 1050 2808 1226 2858; x_wconf 88' lang='lat' dir='ltr'>nonuunquam</span> <span class='ocrx_word' id='word_1_372' title='bbox 1250 2793 1406 2850; x_wconf 87' lang='lat' dir='ltr'>sublimiore,</span> <span class='ocrx_word' id='word_1_373' title='bbox 1426 2809 1501 2859; x_wconf 79' lang='lat' dir='ltr'>quam</span> 
     </span>
     <span class='ocr_line' id='line_1_33' title="bbox 139 2864 1500 2933; baseline -0.001 -16"><span class='ocrx_word' id='word_1_374' title='bbox 139 2869 228 2933; x_wconf 84' lang='lat' dir='ltr'>quibus</span> <span class='ocrx_word' id='word_1_375' title='bbox 254 2867 381 2932; x_wconf 76' lang='lat' dir='ltr'>ingenium</span> <span class='ocrx_word' id='word_1_376' title='bbox 407 2873 433 2915; x_wconf 89' lang='lat' dir='ltr'>et</span> <span class='ocrx_word' id='word_1_377' title='bbox 451 2866 554 2914; x_wconf 90' lang='lat' dir='ltr'>eruditio</span> <span class='ocrx_word' id='word_1_378' title='bbox 573 2878 630 2913; x_wconf 88' lang='lat' dir='ltr'>mea</span> <span class='ocrx_word' id='word_1_379' title='bbox 657 2866 802 2915; x_wconf 82' lang='lat' dir='ltr'>satisfacere</span> <span class='ocrx_word' id='word_1_380' title='bbox 821 2866 917 2922; x_wconf 86' lang='lat' dir='ltr'>valent,</span> <span class='ocrx_word' id='word_1_381' title='bbox 945 2865 1091 2930; x_wconf 84' lang='lat' dir='ltr'>quaerebas.</span> <span class='ocrx_word' id='word_1_382' title='bbox 1128 2864 1277 2915; x_wconf 82' lang='lat' dir='ltr'>Necessario</span> <span class='ocrx_word' id='word_1_383' title='bbox 1301 2879 1359 2931; x_wconf 79' lang='lat' dir='ltr'>ergo</span> <span class='ocrx_word' id='word_1_384' title='bbox 1378 2865 1438 2915; x_wconf 84' lang='lat' dir='ltr'>milri</span> <span class='ocrx_word' id='word_1_385' title='bbox 1457 2867 1500 2917; x_wconf 85' lang='lat' dir='ltr'>ot·</span> 
     </span>
     <span class='ocr_line' id='line_1_34' title="bbox 140 2935 1502 3000; baseline -0.001 -11"><span class='ocrx_word' id='word_1_386' title='bbox 140 2937 330 2989; x_wconf 82' lang='lat' dir='ltr'>muteaceuduur</span> <span class='ocrx_word' id='word_1_387' title='bbox 355 2936 408 2984; x_wconf 86' lang='lat' dir='ltr'>luit.</span> <span class='ocrx_word' id='word_1_388' title='bbox 446 2935 518 2985; x_wconf 82' lang='lat' dir='ltr'>Dabo</span> <span class='ocrx_word' id='word_1_389' title='bbox 537 2936 640 3000; x_wconf 87' lang='lat' dir='ltr'>posthac</span> <span class='ocrx_word' id='word_1_390' title='bbox 659 2936 756 2985; x_wconf 81' lang='lat' dir='ltr'>volente</span> <span class='ocrx_word' id='word_1_391' title='bbox 777 2936 843 2991; x_wconf 77' lang='lat' dir='ltr'>lieo,</span> <span class='ocrx_word' id='word_1_392' title='bbox 871 2937 969 2987; x_wconf 88' lang='lat' dir='ltr'>domiue</span> <span class='ocrx_word' id='word_1_393' title='bbox 989 2943 1014 2986; x_wconf 90' lang='lat' dir='ltr'>et</span> <span class='ocrx_word' id='word_1_394' title='bbox 1033 2937 1112 2986; x_wconf 87' lang='lat' dir='ltr'>amice</span> <span class='ocrx_word' id='word_1_395' title='bbox 1131 2937 1311 2994; x_wconf 87' lang='lat' dir='ltr'>sincerissime,</span> <span class='ocrx_word' id='word_1_396' title='bbox 1330 2950 1446 2999; x_wconf 87' lang='lat' dir='ltr'>operam.</span> <span class='ocrx_word' id='word_1_397' title='bbox 1473 2944 1502 2988; x_wconf 88' lang='lat' dir='ltr'>ut</span> 
     </span>
     <span class='ocr_line' id='line_1_35' title="bbox 140 3006 1500 3074; baseline 0.001 -17"><span class='ocrx_word' id='word_1_398' title='bbox 140 3008 205 3074; x_wconf 85' lang='lat' dir='ltr'>quud</span> <span class='ocrx_word' id='word_1_399' title='bbox 223 3008 367 3074; x_wconf 73' lang='lat' dir='ltr'>neglectum</span> <span class='ocrx_word' id='word_1_400' title='bbox 386 3013 438 3067; x_wconf 85' lang='lat' dir='ltr'>eat,</span> <span class='ocrx_word' id='word_1_401' title='bbox 459 3022 505 3070; x_wconf 79' lang='lat' dir='ltr'>ego</span> <span class='ocrx_word' id='word_1_402' title='bbox 523 3014 641 3070; x_wconf 88' lang='lat' dir='ltr'>quantum</span> <span class='ocrx_word' id='word_1_403' title='bbox 661 3009 685 3056; x_wconf 93' lang='lat' dir='ltr'>in</span> <span class='ocrx_word' id='word_1_404' title='bbox 704 3023 743 3056; x_wconf 92' lang='lat' dir='ltr'>me</span> <span class='ocrx_word' id='word_1_405' title='bbox 762 3015 801 3056; x_wconf 87' lang='lat' dir='ltr'>est</span> <span class='ocrx_word' id='word_1_406' title='bbox 819 3016 845 3056; x_wconf 90' lang='lat' dir='ltr'>et</span> <span class='ocrx_word' id='word_1_407' title='bbox 863 3021 917 3056; x_wconf 88' lang='lat' dir='ltr'>esse</span> <span class='ocrx_word' id='word_1_408' title='bbox 935 3014 1025 3072; x_wconf 86' lang='lat' dir='ltr'>potest,</span> <span class='ocrx_word' id='word_1_409' title='bbox 1045 3021 1210 3071; x_wconf 85' lang='lat' dir='ltr'>compensem.</span> <span class='ocrx_word' id='word_1_410' title='bbox 1250 3006 1321 3067; x_wconf 86' lang='lat' dir='ltr'>Quae</span> <span class='ocrx_word' id='word_1_411' title='bbox 1340 3008 1443 3064; x_wconf 81' lang='lat' dir='ltr'>scivero,</span> <span class='ocrx_word' id='word_1_412' title='bbox 1462 3024 1500 3059; x_wconf 88' lang='lat' dir='ltr'>re·</span> 
     </span>
     <span class='ocr_line' id='line_1_36' title="bbox 140 3076 1258 3144; baseline -0.004 -15"><span class='ocrx_word' id='word_1_413' title='bbox 140 3078 280 3144; x_wconf 81' lang='lat' dir='ltr'>spondebo,</span> <span class='ocrx_word' id='word_1_414' title='bbox 300 3085 365 3141; x_wconf 80' lang='lat' dir='ltr'>quae</span> <span class='ocrx_word' id='word_1_415' title='bbox 384 3079 510 3132; x_wconf 84' lang='lat' dir='ltr'>nesciam,</span> <span class='ocrx_word' id='word_1_416' title='bbox 529 3079 555 3125; x_wconf 92' lang='lat' dir='ltr'>iu</span> <span class='ocrx_word' id='word_1_417' title='bbox 574 3077 603 3124; x_wconf 93' lang='lat' dir='ltr'>iis</span> <span class='ocrx_word' id='word_1_418' title='bbox 620 3080 785 3141; x_wconf 74' lang='lat' dir='ltr'>ignerantiam</span> <span class='ocrx_word' id='word_1_419' title='bbox 804 3084 830 3126; x_wconf 89' lang='lat' dir='ltr'>et</span> <span class='ocrx_word' id='word_1_420' title='bbox 847 3079 972 3127; x_wconf 88' lang='lat' dir='ltr'>inscitiam</span> <span class='ocrx_word' id='word_1_421' title='bbox 989 3080 1097 3141; x_wconf 82' lang='lat' dir='ltr'>ingenue</span> <span class='ocrx_word' id='word_1_422' title='bbox 1116 3076 1258 3126; x_wconf 87' lang='lat' dir='ltr'>confitebor.</span> 
     </span>
    </p>

    <p class='ocr_par' dir='ltr' id='par_1_5' title="bbox 106 3147 1506 4347">
     <span class='ocr_line' id='line_1_37' title="bbox 230 3147 1500 3212; baseline -0.001 -14"><span class='ocrx_word' id='word_1_423' title='bbox 230 3149 285 3198; x_wconf 81' lang='lat' dir='ltr'>Etsi</span> <span class='ocrx_word' id='word_1_424' title='bbox 305 3157 389 3202; x_wconf 85' lang='lat' dir='ltr'>eutem</span> <span class='ocrx_word' id='word_1_425' title='bbox 408 3149 456 3197; x_wconf 88' lang='lat' dir='ltr'>hac</span> <span class='ocrx_word' id='word_1_426' title='bbox 475 3150 527 3197; x_wconf 87' lang='lat' dir='ltr'>rice</span> <span class='ocrx_word' id='word_1_427' title='bbox 546 3147 641 3210; x_wconf 86' lang='lat' dir='ltr'>plenius</span> <span class='ocrx_word' id='word_1_428' title='bbox 661 3152 718 3197; x_wconf 89' lang='lat' dir='ltr'>mibi</span> <span class='ocrx_word' id='word_1_429' title='bbox 738 3149 935 3212; x_wconf 88' lang='lat' dir='ltr'>respondendum</span> <span class='ocrx_word' id='word_1_430' title='bbox 955 3157 1021 3208; x_wconf 90' lang='lat' dir='ltr'>erat,</span> <span class='ocrx_word' id='word_1_431' title='bbox 1041 3163 1099 3212; x_wconf 78' lang='lat' dir='ltr'>rogo</span> <span class='ocrx_word' id='word_1_432' title='bbox 1118 3156 1204 3198; x_wconf 88' lang='lat' dir='ltr'>tamen</span> <span class='ocrx_word' id='word_1_433' title='bbox 1223 3156 1249 3197; x_wconf 87' lang='lat' dir='ltr'>et</span> <span class='ocrx_word' id='word_1_434' title='bbox 1266 3151 1384 3211; x_wconf 77' lang='lat' dir='ltr'>majorem</span> <span class='ocrx_word' id='word_1_435' title='bbox 1403 3150 1428 3198; x_wconf 93' lang='lat' dir='ltr'>iu</span> <span class='ocrx_word' id='word_1_436' title='bbox 1445 3161 1500 3198; x_wconf 87' lang='lat' dir='ltr'>mo-</span> 
     </span>
     <span class='ocr_line' id='line_1_38' title="bbox 143 3219 1502 3283; baseline -0.001 -13"><span class='ocrx_word' id='word_1_437' title='bbox 143 3221 200 3271; x_wconf 83' lang='lat' dir='ltr'>tiuur</span> <span class='ocrx_word' id='word_1_438' title='bbox 219 3235 272 3276; x_wconf 89' lang='lat' dir='ltr'>oro,</span> <span class='ocrx_word' id='word_1_439' title='bbox 291 3220 431 3283; x_wconf 88' lang='lat' dir='ltr'>praeteritis</span> <span class='ocrx_word' id='word_1_440' title='bbox 449 3219 544 3267; x_wconf 88' lang='lat' dir='ltr'>omissis</span> <span class='ocrx_word' id='word_1_441' title='bbox 564 3220 638 3267; x_wconf 90' lang='lat' dir='ltr'>etiam</span> <span class='ocrx_word' id='word_1_442' title='bbox 656 3219 703 3269; x_wconf 88' lang='lat' dir='ltr'>hoc</span> <span class='ocrx_word' id='word_1_443' title='bbox 721 3221 817 3270; x_wconf 79' lang='lat' dir='ltr'>brevius</span> <span class='ocrx_word' id='word_1_444' title='bbox 835 3221 953 3283; x_wconf 88' lang='lat' dir='ltr'>scriptum</span> <span class='ocrx_word' id='word_1_445' title='bbox 972 3233 1128 3269; x_wconf 87' lang='lat' dir='ltr'>annumeres.</span> <span class='ocrx_word' id='word_1_446' title='bbox 1166 3219 1281 3268; x_wconf 85' lang='lat' dir='ltr'>Proxime</span> <span class='ocrx_word' id='word_1_447' title='bbox 1300 3220 1352 3269; x_wconf 89' lang='lat' dir='ltr'>alie</span> <span class='ocrx_word' id='word_1_448' title='bbox 1370 3222 1502 3269; x_wconf 88' lang='lat' dir='ltr'>occasione</span> 
     </span>
     <span class='ocr_line' id='line_1_39' title="bbox 143 3288 1502 3354; baseline -0.001 -12"><span class='ocrx_word' id='word_1_449' title='bbox 143 3292 243 3342; x_wconf 80' lang='lat' dir='ltr'>uberius</span> <span class='ocrx_word' id='word_1_450' title='bbox 262 3292 386 3354; x_wconf 89' lang='lat' dir='ltr'>promitto.</span> <span class='ocrx_word' id='word_1_451' title='bbox 422 3288 462 3339; x_wconf 82' lang='lat' dir='ltr'>Ne</span> <span class='ocrx_word' id='word_1_452' title='bbox 480 3297 566 3338; x_wconf 89' lang='lat' dir='ltr'>tamen</span> <span class='ocrx_word' id='word_1_453' title='bbox 580 3292 633 3351; x_wconf 80' lang='lat' dir='ltr'>jam</span> <span class='ocrx_word' id='word_1_454' title='bbox 652 3292 711 3338; x_wconf 89' lang='lat' dir='ltr'>nibil</span> <span class='ocrx_word' id='word_1_455' title='bbox 730 3292 849 3347; x_wconf 85' lang='lat' dir='ltr'>scribam,</span> <span class='ocrx_word' id='word_1_456' title='bbox 876 3291 940 3340; x_wconf 88' lang='lat' dir='ltr'>baec</span> <span class='ocrx_word' id='word_1_457' title='bbox 965 3291 1079 3340; x_wconf 86' lang='lat' dir='ltr'>scribam.</span> <span class='ocrx_word' id='word_1_458' title='bbox 1118 3288 1219 3352; x_wconf 86' lang='lat' dir='ltr'>Optices</span> <span class='ocrx_word' id='word_1_459' title='bbox 1242 3295 1302 3339; x_wconf 88' lang='lat' dir='ltr'>tuae</span> <span class='ocrx_word' id='word_1_460' title='bbox 1320 3292 1502 3340; x_wconf 79' lang='lat' dir='ltr'>astronomicae</span> 
     </span>
     <span class='ocr_line' id='line_1_40' title="bbox 143 3359 1503 3427; baseline -0.001 -14"><span class='ocrx_word' id='word_1_461' title='bbox 143 3363 207 3427; x_wconf 88' lang='lat' dir='ltr'>apud</span> <span class='ocrx_word' id='word_1_462' title='bbox 225 3375 268 3411; x_wconf 84' lang='lat' dir='ltr'>ma</span> <span class='ocrx_word' id='word_1_463' title='bbox 289 3362 403 3424; x_wconf 83' lang='lat' dir='ltr'>deposuit</span> <span class='ocrx_word' id='word_1_464' title='bbox 419 3361 556 3409; x_wconf 85' lang='lat' dir='ltr'>utroluisti</span> <span class='ocrx_word' id='word_1_465' title='bbox 578 3359 610 3408; x_wconf 87' lang='lat' dir='ltr'>D.</span> <span class='ocrx_word' id='word_1_466' title='bbox 631 3360 665 3410; x_wconf 82' lang='lat' dir='ltr'>bi.</span> <span class='ocrx_word' id='word_1_467' title='bbox 687 3361 757 3411; x_wconf 83' lang='lat' dir='ltr'>Gellii</span> <span class='ocrx_word' id='word_1_468' title='bbox 774 3362 837 3411; x_wconf 86' lang='lat' dir='ltr'>filius</span> <span class='ocrx_word' id='word_1_469' title='bbox 858 3361 873 3409; x_wconf 83' lang='lat'>5</span> <span class='ocrx_word' id='word_1_470' title='bbox 894 3362 1059 3424; x_wconf 82' lang='lat' dir='ltr'>exemplaria,</span> <span class='ocrx_word' id='word_1_471' title='bbox 1084 3361 1157 3410; x_wconf 85' lang='lat' dir='ltr'>nullis</span> <span class='ocrx_word' id='word_1_472' title='bbox 1179 3360 1269 3410; x_wconf 89' lang='lat' dir='ltr'>additis</span> <span class='ocrx_word' id='word_1_473' title='bbox 1289 3360 1374 3411; x_wconf 89' lang='lat' dir='ltr'>literis.</span> <span class='ocrx_word' id='word_1_474' title='bbox 1412 3361 1503 3411; x_wconf 84' lang='lat' dir='ltr'>Eorum</span> 
     </span>
     <span class='ocr_line' id='line_1_41' title="bbox 146 3430 1503 3496; baseline -0.001 -14"><span class='ocrx_word' id='word_1_475' title='bbox 146 3448 219 3483; x_wconf 85' lang='lat' dir='ltr'>uuum</span> <span class='ocrx_word' id='word_1_476' title='bbox 231 3435 260 3481; x_wconf 90' lang='lat' dir='ltr'>iu</span> <span class='ocrx_word' id='word_1_477' title='bbox 271 3441 355 3481; x_wconf 86' lang='lat' dir='ltr'>meum</span> <span class='ocrx_word' id='word_1_478' title='bbox 372 3445 443 3479; x_wconf 90' lang='lat' dir='ltr'>usum</span> <span class='ocrx_word' id='word_1_479' title='bbox 455 3431 558 3487; x_wconf 86' lang='lat' dir='ltr'>retinui,</span> <span class='ocrx_word' id='word_1_480' title='bbox 580 3430 604 3479; x_wconf 83' lang='lat' dir='ltr'>id</span> <span class='ocrx_word' id='word_1_481' title='bbox 623 3432 715 3496; x_wconf 87' lang='lat' dir='ltr'>absque</span> <span class='ocrx_word' id='word_1_482' title='bbox 728 3433 764 3481; x_wconf 89' lang='lat' dir='ltr'>tui</span> <span class='ocrx_word' id='word_1_483' title='bbox 777 3431 874 3482; x_wconf 82' lang='lat' dir='ltr'>offensa</span> <span class='ocrx_word' id='word_1_484' title='bbox 893 3433 946 3481; x_wconf 88' lang='lat' dir='ltr'>lieri</span> <span class='ocrx_word' id='word_1_485' title='bbox 967 3431 1101 3481; x_wconf 83' lang='lat' dir='ltr'>confidens.</span> <span class='ocrx_word' id='word_1_486' title='bbox 1127 3430 1223 3495; x_wconf 89' lang='lat' dir='ltr'>Nuper,</span> <span class='ocrx_word' id='word_1_487' title='bbox 1246 3431 1344 3495; x_wconf 84' lang='lat' dir='ltr'>quaudo</span> <span class='ocrx_word' id='word_1_488' title='bbox 1364 3432 1403 3481; x_wconf 88' lang='lat' dir='ltr'>cui</span> <span class='ocrx_word' id='word_1_489' title='bbox 1416 3439 1503 3481; x_wconf 85' lang='lat' dir='ltr'>cetera</span> 
     </span>
     <span class='ocr_line' id='line_1_42' title="bbox 146 3500 1503 3567; baseline -0.001 -14"><span class='ocrx_word' id='word_1_490' title='bbox 146 3510 229 3553; x_wconf 75' lang='lat' dir='ltr'>essem</span> <span class='ocrx_word' id='word_1_491' title='bbox 253 3501 380 3552; x_wconf 91' lang='lat' dir='ltr'>tradenda</span> <span class='ocrx_word' id='word_1_492' title='bbox 400 3500 522 3557; x_wconf 88' lang='lat' dir='ltr'>intellexi,</span> <span class='ocrx_word' id='word_1_493' title='bbox 545 3503 593 3550; x_wconf 91' lang='lat' dir='ltr'>tria</span> <span class='ocrx_word' id='word_1_494' title='bbox 614 3501 645 3550; x_wconf 91' lang='lat' dir='ltr'>D.</span> <span class='ocrx_word' id='word_1_495' title='bbox 661 3502 767 3551; x_wconf 85' lang='lat' dir='ltr'>Besoldo</span> <span class='ocrx_word' id='word_1_496' title='bbox 789 3503 894 3552; x_wconf 86' lang='lat' dir='ltr'>exhibui.</span> <span class='ocrx_word' id='word_1_497' title='bbox 933 3501 1055 3561; x_wconf 87' lang='lat' dir='ltr'>Quartum</span> <span class='ocrx_word' id='word_1_498' title='bbox 1082 3508 1123 3552; x_wconf 88' lang='lat' dir='ltr'>sat</span> <span class='ocrx_word' id='word_1_499' title='bbox 1143 3502 1262 3551; x_wconf 85' lang='lat' dir='ltr'>decenter</span> <span class='ocrx_word' id='word_1_500' title='bbox 1279 3502 1352 3567; x_wconf 80' lang='lat' dir='ltr'>ligeri</span> <span class='ocrx_word' id='word_1_501' title='bbox 1368 3502 1442 3566; x_wconf 88' lang='lat' dir='ltr'>idque</span> <span class='ocrx_word' id='word_1_502' title='bbox 1459 3508 1503 3554; x_wconf 84' lang='lat' dir='ltr'>tuo</span> 
     </span>
     <span class='ocr_line' id='line_1_43' title="bbox 145 3571 1503 3637; baseline -0.001 -13"><span class='ocrx_word' id='word_1_503' title='bbox 145 3576 243 3623; x_wconf 87' lang='lat' dir='ltr'>uomiue</span> <span class='ocrx_word' id='word_1_504' title='bbox 261 3588 315 3624; x_wconf 87' lang='lat' dir='ltr'>una</span> <span class='ocrx_word' id='word_1_505' title='bbox 331 3588 387 3622; x_wconf 89' lang='lat' dir='ltr'>cum</span> <span class='ocrx_word' id='word_1_506' title='bbox 400 3578 444 3621; x_wconf 93' lang='lat' dir='ltr'>tue</span> <span class='ocrx_word' id='word_1_507' title='bbox 465 3572 571 3635; x_wconf 80' lang='lat' dir='ltr'>epistole</span> <span class='ocrx_word' id='word_1_508' title='bbox 582 3587 625 3635; x_wconf 87' lang='lat' dir='ltr'>per</span> <span class='ocrx_word' id='word_1_509' title='bbox 636 3582 756 3623; x_wconf 87' lang='lat' dir='ltr'>rectorem</span> <span class='ocrx_word' id='word_1_510' title='bbox 773 3575 919 3623; x_wconf 84' lang='lat' dir='ltr'>academiae</span> <span class='ocrx_word' id='word_1_511' title='bbox 936 3575 1039 3637; x_wconf 79' lang='lat' dir='ltr'>magnii.</span> <span class='ocrx_word' id='word_1_512' title='bbox 1054 3573 1086 3621; x_wconf 82' lang='grc' dir='ltr'>Ι).</span> <span class='ocrx_word' id='word_1_513' title='bbox 1101 3571 1137 3622; x_wconf 85' lang='grc' dir='ltr'>Μ.</span> <span class='ocrx_word' id='word_1_514' title='bbox 1151 3573 1180 3621; x_wconf 84' lang='lat' dir='ltr'>G.</span> <span class='ocrx_word' id='word_1_515' title='bbox 1194 3572 1382 3622; x_wconf 81' lang='lat' dir='ltr'>Burokhardum</span> <span class='ocrx_word' id='word_1_516' title='bbox 1403 3572 1503 3623; x_wconf 81' lang='lat' dir='ltr'>senatui</span> 
     </span>
     <span class='ocr_line' id='line_1_44' title="bbox 146 3642 1501 3709; baseline 0 -15"><span class='ocrx_word' id='word_1_517' title='bbox 146 3646 295 3708; x_wconf 86' lang='lat' dir='ltr'>amplissimo</span> <span class='ocrx_word' id='word_1_518' title='bbox 309 3643 390 3693; x_wconf 78' lang='lat' dir='ltr'>offerri</span> <span class='ocrx_word' id='word_1_519' title='bbox 403 3644 493 3692; x_wconf 89' lang='lat' dir='ltr'>curari.</span> <span class='ocrx_word' id='word_1_520' title='bbox 520 3642 550 3691; x_wconf 91' lang='lat' dir='ltr'>Id</span> <span class='ocrx_word' id='word_1_521' title='bbox 568 3643 690 3706; x_wconf 76' lang='lat' dir='ltr'>placuisse</span> <span class='ocrx_word' id='word_1_522' title='bbox 709 3660 739 3694; x_wconf 85' lang='lat' dir='ltr'>ex</span> <span class='ocrx_word' id='word_1_523' title='bbox 758 3645 834 3693; x_wconf 89' lang='lat' dir='ltr'>literis</span> <span class='ocrx_word' id='word_1_524' title='bbox 851 3644 982 3709; x_wconf 77' lang='lat' dir='ltr'>intelliges.</span> <span class='ocrx_word' id='word_1_525' title='bbox 1009 3644 1062 3707; x_wconf 77' lang='lat' dir='ltr'>Ego</span> <span class='ocrx_word' id='word_1_526' title='bbox 1079 3658 1174 3708; x_wconf 87' lang='lat' dir='ltr'>quoque</span> <span class='ocrx_word' id='word_1_527' title='bbox 1187 3658 1230 3707; x_wconf 91' lang='lat' dir='ltr'>pro</span> <span class='ocrx_word' id='word_1_528' title='bbox 1241 3643 1301 3692; x_wconf 89' lang='lat' dir='ltr'>mibi</span> <span class='ocrx_word' id='word_1_529' title='bbox 1313 3644 1405 3693; x_wconf 88' lang='lat' dir='ltr'>donato</span> <span class='ocrx_word' id='word_1_530' title='bbox 1418 3658 1501 3694; x_wconf 84' lang='lat' dir='ltr'>exem·</span> 
     </span>
     <span class='ocr_line' id='line_1_45' title="bbox 146 3714 1503 3779; baseline -0.001 -14"><span class='ocrx_word' id='word_1_531' title='bbox 146 3717 206 3779; x_wconf 87' lang='lat' dir='ltr'>pleri</span> <span class='ocrx_word' id='word_1_532' title='bbox 227 3725 258 3764; x_wconf 89' lang='lat' dir='ltr'>ut</span> <span class='ocrx_word' id='word_1_533' title='bbox 277 3723 304 3764; x_wconf 92' lang='lat' dir='ltr'>et</span> <span class='ocrx_word' id='word_1_534' title='bbox 322 3730 364 3778; x_wconf 92' lang='lat' dir='ltr'>pro</span> <span class='ocrx_word' id='word_1_535' title='bbox 377 3715 533 3778; x_wconf 79' lang='lat' dir='ltr'>prognostico</span> <span class='ocrx_word' id='word_1_536' title='bbox 547 3722 572 3762; x_wconf 92' lang='lat' dir='ltr'>et</span> <span class='ocrx_word' id='word_1_537' title='bbox 585 3715 748 3778; x_wconf 90' lang='lat' dir='ltr'>descriptione</span> <span class='ocrx_word' id='word_1_538' title='bbox 761 3730 841 3766; x_wconf 84' lang='lat' dir='ltr'>norae</span> <span class='ocrx_word' id='word_1_539' title='bbox 857 3715 945 3765; x_wconf 85' lang='lat' dir='ltr'>stellae</span> <span class='ocrx_word' id='word_1_540' title='bbox 962 3729 1071 3765; x_wconf 86' lang='lat' dir='ltr'>summes</span> <span class='ocrx_word' id='word_1_541' title='bbox 1090 3715 1134 3764; x_wconf 89' lang='lat' dir='ltr'>tibi</span> <span class='ocrx_word' id='word_1_542' title='bbox 1154 3728 1202 3779; x_wconf 78' lang='lat' dir='ltr'>ago</span> <span class='ocrx_word' id='word_1_543' title='bbox 1219 3716 1322 3779; x_wconf 81' lang='lat' dir='ltr'>gratias</span> <span class='ocrx_word' id='word_1_544' title='bbox 1348 3714 1388 3764; x_wconf 91' lang='lat' dir='ltr'>De</span> <span class='ocrx_word' id='word_1_545' title='bbox 1401 3729 1430 3766; x_wconf 86' lang='lat' dir='ltr'>eo</span> <span class='ocrx_word' id='word_1_546' title='bbox 1443 3716 1503 3764; x_wconf 89' lang='lat' dir='ltr'>libro</span> 
     </span>
     <span class='ocr_line' id='line_1_46' title="bbox 147 3786 1504 3851; baseline -0.001 -15"><span class='ocrx_word' id='word_1_547' title='bbox 147 3802 226 3836; x_wconf 89' lang='lat' dir='ltr'>meam</span> <span class='ocrx_word' id='word_1_548' title='bbox 247 3787 320 3851; x_wconf 83' lang='lat' dir='ltr'>quasi</span> <span class='ocrx_word' id='word_1_549' title='bbox 341 3798 483 3838; x_wconf 83' lang='lat' dir='ltr'>censuram,</span> <span class='ocrx_word' id='word_1_550' title='bbox 498 3798 571 3849; x_wconf 88' lang='lat' dir='ltr'>quam</span> <span class='ocrx_word' id='word_1_551' title='bbox 590 3786 688 3850; x_wconf 90' lang='lat' dir='ltr'>oblique</span> <span class='ocrx_word' id='word_1_552' title='bbox 707 3794 791 3849; x_wconf 88' lang='lat' dir='ltr'>petere</span> <span class='ocrx_word' id='word_1_553' title='bbox 813 3786 916 3840; x_wconf 88' lang='lat' dir='ltr'>rideris,</span> <span class='ocrx_word' id='word_1_554' title='bbox 938 3786 1030 3835; x_wconf 81' lang='lat' dir='ltr'>trustra</span> <span class='ocrx_word' id='word_1_555' title='bbox 1049 3793 1182 3849; x_wconf 83' lang='lat' dir='ltr'>expectas,</span> <span class='ocrx_word' id='word_1_556' title='bbox 1204 3786 1346 3836; x_wconf 79' lang='lat' dir='ltr'>sublimiore</span> <span class='ocrx_word' id='word_1_557' title='bbox 1357 3788 1423 3836; x_wconf 86' lang='lat' dir='ltr'>euim</span> <span class='ocrx_word' id='word_1_558' title='bbox 1436 3788 1462 3835; x_wconf 90' lang='lat' dir='ltr'>iu</span> <span class='ocrx_word' id='word_1_559' title='bbox 1474 3800 1504 3836; x_wconf 89' lang='lat' dir='ltr'>eo</span> 
     </span>
     <span class='ocr_line' id='line_1_47' title="bbox 146 3854 1504 3921; baseline 0 -14"><span class='ocrx_word' id='word_1_560' title='bbox 146 3860 317 3912; x_wconf 88' lang='lat' dir='ltr'>continentur,</span> <span class='ocrx_word' id='word_1_561' title='bbox 340 3871 414 3921; x_wconf 88' lang='lat' dir='ltr'>quam</span> <span class='ocrx_word' id='word_1_562' title='bbox 436 3854 569 3919; x_wconf 84' lang='lat' dir='ltr'>dequibus</span> <span class='ocrx_word' id='word_1_563' title='bbox 591 3871 638 3920; x_wconf 79' lang='lat' dir='ltr'>ego</span> <span class='ocrx_word' id='word_1_564' title='bbox 657 3857 778 3918; x_wconf 88' lang='lat' dir='ltr'>judicium</span> <span class='ocrx_word' id='word_1_565' title='bbox 799 3857 858 3905; x_wconf 89' lang='lat' dir='ltr'>mibi</span> <span class='ocrx_word' id='word_1_566' title='bbox 879 3871 977 3907; x_wconf 88' lang='lat' dir='ltr'>sumere</span> <span class='ocrx_word' id='word_1_567' title='bbox 996 3857 1082 3906; x_wconf 88' lang='lat' dir='ltr'>ausim.</span> <span class='ocrx_word' id='word_1_568' title='bbox 1110 3857 1162 3921; x_wconf 82' lang='lat' dir='ltr'>Ego</span> <span class='ocrx_word' id='word_1_569' title='bbox 1180 3856 1296 3920; x_wconf 78' lang='lat' dir='ltr'>pleraque</span> <span class='ocrx_word' id='word_1_570' title='bbox 1318 3872 1374 3906; x_wconf 89' lang='lat' dir='ltr'>curn</span> <span class='ocrx_word' id='word_1_571' title='bbox 1393 3857 1504 3908; x_wconf 83' lang='lat' dir='ltr'>delecta·</span> 
     </span>
     <span class='ocr_line' id='line_1_48' title="bbox 106 3927 1503 3992; baseline 0 -14"><span class='ocrx_word' id='word_1_572' title='bbox 106 3973 111 3984; x_wconf 82' lang='lat'>‚</span> <span class='ocrx_word' id='word_1_573' title='bbox 146 3930 213 3978; x_wconf 85' lang='lat' dir='ltr'>tione</span> <span class='ocrx_word' id='word_1_574' title='bbox 233 3929 285 3992; x_wconf 76' lang='lat' dir='ltr'>legi</span> <span class='ocrx_word' id='word_1_575' title='bbox 307 3935 425 3990; x_wconf 88' lang='lat' dir='ltr'>tuamque</span> <span class='ocrx_word' id='word_1_576' title='bbox 454 3927 576 3991; x_wconf 76' lang='lat' dir='ltr'>insignem</span> <span class='ocrx_word' id='word_1_577' title='bbox 598 3929 759 3977; x_wconf 87' lang='lat' dir='ltr'>eruditionem</span> <span class='ocrx_word' id='word_1_578' title='bbox 782 3934 808 3977; x_wconf 85' lang='lat' dir='ltr'>et</span> <span class='ocrx_word' id='word_1_579' title='bbox 825 3928 950 3978; x_wconf 90' lang='lat' dir='ltr'>eruendae</span> <span class='ocrx_word' id='word_1_580' title='bbox 969 3928 1079 3977; x_wconf 72' lang='lat' dir='ltr'>tentatis</span> <span class='ocrx_word' id='word_1_581' title='bbox 1097 3929 1210 3990; x_wconf 84' lang='lat' dir='ltr'>pertinax</span> <span class='ocrx_word' id='word_1_582' title='bbox 1233 3927 1380 3977; x_wconf 88' lang='lat' dir='ltr'>desiderium</span> <span class='ocrx_word' id='word_1_583' title='bbox 1393 3928 1503 3978; x_wconf 80' lang='lat' dir='ltr'>felicem·</span> 
     </span>
     <span class='ocr_line' id='line_1_49' title="bbox 147 3997 1504 4063; baseline -0.001 -13"><span class='ocrx_word' id='word_1_584' title='bbox 147 4014 194 4063; x_wconf 82' lang='lat' dir='ltr'>que</span> <span class='ocrx_word' id='word_1_585' title='bbox 206 4006 352 4049; x_wconf 82' lang='lat' dir='ltr'>successum</span> <span class='ocrx_word' id='word_1_586' title='bbox 364 3997 471 4046; x_wconf 85' lang='lat' dir='ltr'>admiror</span> <span class='ocrx_word' id='word_1_587' title='bbox 488 4004 514 4046; x_wconf 89' lang='lat' dir='ltr'>et</span> <span class='ocrx_word' id='word_1_588' title='bbox 532 3999 697 4062; x_wconf 75' lang='lat' dir='ltr'>congratulor.</span> <span class='ocrx_word' id='word_1_589' title='bbox 720 3998 975 4048; x_wconf 86' lang='lat' dir='ltr'>Houorificeutiseima</span> <span class='ocrx_word' id='word_1_590' title='bbox 993 4000 1042 4047; x_wconf 88' lang='lat' dir='ltr'>mei</span> <span class='ocrx_word' id='word_1_591' title='bbox 1065 3999 1170 4048; x_wconf 90' lang='lat' dir='ltr'>nominis</span> <span class='ocrx_word' id='word_1_592' title='bbox 1192 3999 1262 4049; x_wconf 88' lang='lat' dir='ltr'>lacta</span> <span class='ocrx_word' id='word_1_593' title='bbox 1284 4000 1389 4049; x_wconf 86' lang='lat' dir='ltr'>crebrior</span> <span class='ocrx_word' id='word_1_594' title='bbox 1412 4000 1504 4049; x_wconf 72' lang='lat' dir='ltr'>maudo</span> 
     </span>
     <span class='ocr_line' id='line_1_50' title="bbox 146 4069 1506 4136; baseline -0.002 -16"><span class='ocrx_word' id='word_1_595' title='bbox 146 4071 273 4136; x_wconf 71' lang='lat' dir='ltr'>singulare</span> <span class='ocrx_word' id='word_1_596' title='bbox 292 4069 395 4133; x_wconf 81' lang='lat' dir='ltr'>pietatis</span> <span class='ocrx_word' id='word_1_597' title='bbox 417 4074 476 4116; x_wconf 86' lang='lat' dir='ltr'>tuae</span> <span class='ocrx_word' id='word_1_598' title='bbox 498 4069 667 4119; x_wconf 87' lang='lat' dir='ltr'>testimouium</span> <span class='ocrx_word' id='word_1_599' title='bbox 688 4075 733 4119; x_wconf 90' lang='lat' dir='ltr'>est.</span> <span class='ocrx_word' id='word_1_600' title='bbox 770 4069 863 4120; x_wconf 88' lang='lat' dir='ltr'>Vereor</span> <span class='ocrx_word' id='word_1_601' title='bbox 881 4077 982 4127; x_wconf 88' lang='lat' dir='ltr'>tamen,</span> <span class='ocrx_word' id='word_1_602' title='bbox 1004 4084 1037 4119; x_wconf 87' lang='lat' dir='ltr'>ue</span> <span class='ocrx_word' id='word_1_603' title='bbox 1058 4071 1160 4118; x_wconf 90' lang='lat' dir='ltr'>nimium</span> <span class='ocrx_word' id='word_1_604' title='bbox 1180 4069 1240 4119; x_wconf 88' lang='lat' dir='ltr'>mibi</span> <span class='ocrx_word' id='word_1_605' title='bbox 1264 4071 1365 4119; x_wconf 89' lang='lat' dir='ltr'>tribuas.</span> <span class='ocrx_word' id='word_1_606' title='bbox 1403 4070 1506 4119; x_wconf 87' lang='lat' dir='ltr'>Utinam</span> 
     </span>
     <span class='ocr_line' id='line_1_51' title="bbox 148 4139 1506 4205; baseline -0.001 -16"><span class='ocrx_word' id='word_1_607' title='bbox 148 4143 167 4190; x_wconf 87' lang='lat' dir='ltr'>is</span> <span class='ocrx_word' id='word_1_608' title='bbox 188 4157 285 4197; x_wconf 73' lang='lat' dir='ltr'>amem,</span> <span class='ocrx_word' id='word_1_609' title='bbox 308 4154 381 4205; x_wconf 83' lang='lat' dir='ltr'>quem</span> <span class='ocrx_word' id='word_1_610' title='bbox 401 4152 441 4187; x_wconf 88' lang='lat' dir='ltr'>me</span> <span class='ocrx_word' id='word_1_611' title='bbox 464 4139 602 4200; x_wconf 85' lang='lat' dir='ltr'>praedices.</span> <span class='ocrx_word' id='word_1_612' title='bbox 628 4141 682 4204; x_wconf 79' lang='lat' dir='ltr'>Ego</span> <span class='ocrx_word' id='word_1_613' title='bbox 704 4156 760 4191; x_wconf 84' lang='lat' dir='ltr'>vero</span> <span class='ocrx_word' id='word_1_614' title='bbox 779 4154 861 4190; x_wconf 88' lang='lat' dir='ltr'>meam</span> <span class='ocrx_word' id='word_1_615' title='bbox 883 4147 979 4189; x_wconf 86' lang='lat' dir='ltr'>curtam</span> <span class='ocrx_word' id='word_1_616' title='bbox 1000 4139 1178 4203; x_wconf 88' lang='lat' dir='ltr'>supellectilem</span> <span class='ocrx_word' id='word_1_617' title='bbox 1197 4142 1255 4189; x_wconf 88' lang='lat' dir='ltr'>scio.</span> <span class='ocrx_word' id='word_1_618' title='bbox 1282 4139 1356 4190; x_wconf 88' lang='lat' dir='ltr'>Dum.</span> <span class='ocrx_word' id='word_1_619' title='bbox 1370 4139 1439 4191; x_wconf 88' lang='lat' dir='ltr'>Deus</span> <span class='ocrx_word' id='word_1_620' title='bbox 1460 4139 1506 4189; x_wconf 90' lang='lat' dir='ltr'>tibi</span> 
     </span>
     <span class='ocr_line' id='line_1_52' title="bbox 148 4208 1503 4276; baseline -0.001 -15"><span class='ocrx_word' id='word_1_621' title='bbox 148 4216 221 4263; x_wconf 81' lang='lat' dir='ltr'>vitam</span> <span class='ocrx_word' id='word_1_622' title='bbox 242 4219 269 4261; x_wconf 90' lang='lat' dir='ltr'>et</span> <span class='ocrx_word' id='word_1_623' title='bbox 288 4211 352 4259; x_wconf 89' lang='lat' dir='ltr'>rires</span> <span class='ocrx_word' id='word_1_624' title='bbox 370 4208 505 4257; x_wconf 83' lang='lat' dir='ltr'>clementer</span> <span class='ocrx_word' id='word_1_625' title='bbox 521 4212 673 4273; x_wconf 85' lang='lat' dir='ltr'>suppeditet,</span> <span class='ocrx_word' id='word_1_626' title='bbox 693 4218 721 4260; x_wconf 93' lang='lat' dir='ltr'>ut</span> <span class='ocrx_word' id='word_1_627' title='bbox 739 4214 763 4260; x_wconf 92' lang='lat' dir='ltr'>iu</span> <span class='ocrx_word' id='word_1_628' title='bbox 781 4212 832 4260; x_wconf 80' lang='lat' dir='ltr'>dits</span> <span class='ocrx_word' id='word_1_629' title='bbox 852 4214 947 4273; x_wconf 85' lang='lat' dir='ltr'>majora</span> <span class='ocrx_word' id='word_1_630' title='bbox 967 4218 1041 4275; x_wconf 88' lang='lat' dir='ltr'>atque</span> <span class='ocrx_word' id='word_1_631' title='bbox 1060 4214 1156 4272; x_wconf 76' lang='lat' dir='ltr'>maiora</span> <span class='ocrx_word' id='word_1_632' title='bbox 1175 4214 1200 4261; x_wconf 93' lang='lat' dir='ltr'>iu</span> <span class='ocrx_word' id='word_1_633' title='bbox 1222 4226 1294 4260; x_wconf 90' lang='lat' dir='ltr'>usum</span> <span class='ocrx_word' id='word_1_634' title='bbox 1313 4211 1386 4276; x_wconf 86' lang='lat' dir='ltr'>Reip.</span> <span class='ocrx_word' id='word_1_635' title='bbox 1400 4209 1503 4260; x_wconf 85' lang='lat' dir='ltr'>Mathe·</span> 
     </span>
     <span class='ocr_line' id='line_1_53' title="bbox 147 4279 1327 4347; baseline -0.001 -15"><span class='ocrx_word' id='word_1_636' title='bbox 147 4286 256 4334; x_wconf 76' lang='lat' dir='ltr'>metisse</span> <span class='ocrx_word' id='word_1_637' title='bbox 276 4281 370 4330; x_wconf 87' lang='lat' dir='ltr'>utiliter</span> <span class='ocrx_word' id='word_1_638' title='bbox 388 4287 414 4328; x_wconf 90' lang='lat' dir='ltr'>et</span> <span class='ocrx_word' id='word_1_639' title='bbox 431 4279 589 4330; x_wconf 76' lang='lat' dir='ltr'>laudabiliter</span> <span class='ocrx_word' id='word_1_640' title='bbox 608 4284 690 4332; x_wconf 86' lang='lat' dir='ltr'>rimari</span> <span class='ocrx_word' id='word_1_641' title='bbox 709 4290 735 4332; x_wconf 91' lang='lat' dir='ltr'>et</span> <span class='ocrx_word' id='word_1_642' title='bbox 752 4283 889 4345; x_wconf 87' lang='lat' dir='ltr'>rependere</span> <span class='ocrx_word' id='word_1_643' title='bbox 905 4282 1023 4347; x_wconf 90' lang='lat' dir='ltr'>uobisque</span> <span class='ocrx_word' id='word_1_644' title='bbox 1043 4284 1224 4334; x_wconf 86' lang='lat' dir='ltr'>communicare</span> <span class='ocrx_word' id='word_1_645' title='bbox 1240 4283 1327 4346; x_wconf 87' lang='lat' dir='ltr'>possis.</span> 
     </span>
    </p>

    <p class='ocr_par' dir='ltr' id='par_1_6' title="bbox 235 4350 1506 4418">
     <span class='ocr_line' id='line_1_54' title="bbox 235 4350 1506 4418; baseline 0.002 -16"><span class='ocrx_word' id='word_1_646' title='bbox 235 4353 359 4416; x_wconf 77' lang='lat' dir='ltr'>Reliqua,</span> <span class='ocrx_word' id='word_1_647' title='bbox 378 4364 443 4415; x_wconf 81' lang='lat' dir='ltr'>quae</span> <span class='ocrx_word' id='word_1_648' title='bbox 460 4350 499 4400; x_wconf 87' lang='lat' dir='ltr'>his</span> <span class='ocrx_word' id='word_1_649' title='bbox 518 4351 588 4400; x_wconf 88' lang='lat' dir='ltr'>addit</span> <span class='ocrx_word' id='word_1_650' title='bbox 602 4351 758 4410; x_wconf 77' lang='lat' dir='ltr'>Maecilium,</span> <span class='ocrx_word' id='word_1_651' title='bbox 775 4355 934 4403; x_wconf 84' lang='lat' dir='ltr'>inveniuntur</span> <span class='ocrx_word' id='word_1_652' title='bbox 951 4354 976 4403; x_wconf 89' lang='lat' dir='ltr'>in</span> <span class='ocrx_word' id='word_1_653' title='bbox 996 4355 1119 4418; x_wconf 85' lang='lat' dir='ltr'>prooemio</span> <span class='ocrx_word' id='word_1_654' title='bbox 1130 4353 1163 4404; x_wconf 88' lang='lat' dir='ltr'>ad</span> <span class='ocrx_word' id='word_1_655' title='bbox 1178 4352 1266 4403; x_wconf 86' lang='lat' dir='ltr'>librum</span> <span class='ocrx_word' id='word_1_656' title='bbox 1285 4353 1315 4403; x_wconf 90' lang='lat' dir='ltr'>de</span> <span class='ocrx_word' id='word_1_657' title='bbox 1334 4351 1414 4404; x_wconf 84' lang='lat' dir='ltr'>Stella</span> <span class='ocrx_word' id='word_1_658' title='bbox 1431 4365 1506 4405; x_wconf 71' lang='lat' dir='ltr'>uora-</span> 
     </span>
    </p>

    <p class='ocr_par' dir='ltr' id='par_1_7' title="bbox 236 4419 866 4490">
     <span class='ocr_line' id='line_1_55' title="bbox 236 4419 866 4490; baseline -0.003 -16"><span class='ocrx_word' id='word_1_659' title='bbox 236 4424 284 4474; x_wconf 85' lang='lat' dir='ltr'>Kc</span> <span class='ocrx_word' id='word_1_660' title='bbox 291 4423 404 4487; x_wconf 89' lang='lat' dir='ltr'>plerus</span> <span class='ocrx_word' id='word_1_661' title='bbox 425 4419 450 4469; x_wconf 90' lang='grc'>5.</span> <span class='ocrx_word' id='word_1_662' title='bbox 463 4420 628 4472; x_wconf 74' lang='lat' dir='ltr'>Martiillillb</span> <span class='ocrx_word' id='word_1_663' title='bbox 647 4424 710 4474; x_wconf 89' lang='lat' dir='ltr'>baec</span> <span class='ocrx_word' id='word_1_664' title='bbox 729 4425 866 4490; x_wconf 87' lang='lat' dir='ltr'>respoudit:</span> 
     </span>
    </p>
   </div>
   <div class='ocr_carea' id='block_1_5' title="bbox 147 4510 1508 4861">
    <p class='ocr_par' dir='ltr' id='par_1_8' title="bbox 147 4510 1508 4861">
     <span class='ocr_line' id='line_1_56' title="bbox 238 4510 1505 4593; baseline 0 -21"><span class='ocrx_word' id='word_1_665' title='bbox 238 4510 363 4581; x_wconf 80' lang='lat' dir='ltr'>Quanto</span> <span class='ocrx_word' id='word_1_666' title='bbox 394 4530 441 4573; x_wconf 91' lang='lat' dir='ltr'>me</span> <span class='ocrx_word' id='word_1_667' title='bbox 474 4512 584 4590; x_wconf 79' lang='lat' dir='ltr'>gaudio</span> <span class='ocrx_word' id='word_1_668' title='bbox 613 4522 682 4574; x_wconf 86' lang='lat' dir='ltr'>tune</span> <span class='ocrx_word' id='word_1_669' title='bbox 714 4513 870 4575; x_wconf 87' lang='lat' dir='ltr'>ell&#39;eceriut</span> <span class='ocrx_word' id='word_1_670' title='bbox 893 4513 1015 4587; x_wconf 88' lang='lat' dir='ltr'>literae,</span> <span class='ocrx_word' id='word_1_671' title='bbox 1050 4515 1233 4593; x_wconf 85' lang='lat' dir='ltr'>Praeceptor</span> <span class='ocrx_word' id='word_1_672' title='bbox 1262 4512 1404 4587; x_wconf 87' lang='lat' dir='ltr'>colende,</span> <span class='ocrx_word' id='word_1_673' title='bbox 1439 4517 1505 4573; x_wconf 85' lang='lat' dir='ltr'>tute</span> 
     </span>
     <span class='ocr_line' id='line_1_57' title="bbox 148 4599 1505 4681; baseline 0.003 -19"><span class='ocrx_word' id='word_1_674' title='bbox 148 4602 213 4681; x_wconf 88' lang='lat' dir='ltr'>ipse</span> <span class='ocrx_word' id='word_1_675' title='bbox 238 4600 385 4672; x_wconf 82' lang='lat' dir='ltr'>aestima,</span> <span class='ocrx_word' id='word_1_676' title='bbox 409 4599 460 4679; x_wconf 90' lang='lat' dir='ltr'>qui</span> <span class='ocrx_word' id='word_1_677' title='bbox 483 4600 575 4662; x_wconf 88' lang='lat' dir='ltr'>toties</span> <span class='ocrx_word' id='word_1_678' title='bbox 598 4601 738 4680; x_wconf 86' lang='lat' dir='ltr'>pulsatus</span> <span class='ocrx_word' id='word_1_679' title='bbox 754 4602 829 4664; x_wconf 89' lang='lat' dir='ltr'>meis</span> <span class='ocrx_word' id='word_1_680' title='bbox 853 4602 1031 4681; x_wconf 84' lang='lat' dir='ltr'>importunis</span> <span class='ocrx_word' id='word_1_681' title='bbox 1048 4602 1144 4664; x_wconf 90' lang='lat' dir='ltr'>literis</span> <span class='ocrx_word' id='word_1_682' title='bbox 1168 4602 1290 4664; x_wconf 89' lang='lat' dir='ltr'>tandem</span> <span class='ocrx_word' id='word_1_683' title='bbox 1311 4600 1505 4680; x_wconf 87' lang='lat' dir='ltr'>respondisti.</span> 
     </span>
     <span class='ocr_line' id='line_1_58' title="bbox 149 4687 1508 4772; baseline 0 -20"><span class='ocrx_word' id='word_1_684' title='bbox 149 4688 262 4753; x_wconf 85' lang='lat' dir='ltr'>Ordiar</span> <span class='ocrx_word' id='word_1_685' title='bbox 285 4696 387 4749; x_wconf 88' lang='lat' dir='ltr'>autem</span> <span class='ocrx_word' id='word_1_686' title='bbox 410 4707 587 4767; x_wconf 87' lang='lat' dir='ltr'>responsum</span> <span class='ocrx_word' id='word_1_687' title='bbox 610 4708 708 4751; x_wconf 90' lang='lat' dir='ltr'>meum</span> <span class='ocrx_word' id='word_1_688' title='bbox 731 4710 751 4752; x_wconf 88' lang='lat' dir='ltr'>a</span> <span class='ocrx_word' id='word_1_689' title='bbox 772 4690 954 4752; x_wconf 80' lang='lat' dir='ltr'>refutatione</span> <span class='ocrx_word' id='word_1_690' title='bbox 985 4699 1054 4752; x_wconf 85' lang='lat' dir='ltr'>tuae</span> <span class='ocrx_word' id='word_1_691' title='bbox 1078 4688 1280 4772; x_wconf 71' lang='lat' dir='ltr'>ivopppormc.</span> <span class='ocrx_word' id='word_1_692' title='bbox 1329 4687 1451 4752; x_wconf 87' lang='lat' dir='ltr'>Gradus</span> <span class='ocrx_word' id='word_1_693' title='bbox 1475 4697 1508 4752; x_wconf 88' lang='lat' dir='ltr'>et</span> 
     </span>
     <span class='ocr_line' id='line_1_59' title="bbox 147 4776 1507 4861; baseline 0.001 -20"><span class='ocrx_word' id='word_1_694' title='bbox 147 4779 296 4842; x_wconf 79' lang='lat' dir='ltr'>tonorum</span> <span class='ocrx_word' id='word_1_695' title='bbox 320 4776 485 4840; x_wconf 85' lang='lat' dir='ltr'>eminentia</span> <span class='ocrx_word' id='word_1_696' title='bbox 507 4796 600 4861; x_wconf 89' lang='lat' dir='ltr'>penes</span> <span class='ocrx_word' id='word_1_697' title='bbox 613 4797 671 4857; x_wconf 60' lang='lat' dir='ltr'>xrus</span> <span class='ocrx_word' id='word_1_698' title='bbox 695 4779 778 4841; x_wconf 88' lang='lat' dir='ltr'>uulls</span> <span class='ocrx_word' id='word_1_699' title='bbox 799 4788 865 4857; x_wconf 87' lang='lat' dir='ltr'>est,</span> <span class='ocrx_word' id='word_1_700' title='bbox 896 4780 967 4842; x_wconf 86' lang='lat' dir='ltr'>vivo</span> <span class='ocrx_word' id='word_1_701' title='bbox 990 4781 1019 4842; x_wconf 93' lang='lat' dir='ltr'>iu</span> <span class='ocrx_word' id='word_1_702' title='bbox 1043 4780 1163 4842; x_wconf 81' lang='lat' dir='ltr'>theatro</span> <span class='ocrx_word' id='word_1_703' title='bbox 1187 4781 1268 4842; x_wconf 88' lang='lat' dir='ltr'>orbis</span> <span class='ocrx_word' id='word_1_704' title='bbox 1296 4779 1451 4859; x_wconf 86' lang='lat' dir='ltr'>privatus,</span> <span class='ocrx_word' id='word_1_705' title='bbox 1480 4779 1507 4842; x_wconf 87' lang='lat' dir='ltr'>si</span> 
     </span>
    </p>
   </div>
   <div class='ocr_carea' id='block_1_6' title="bbox 0 0 1871 5842">
    <p class='ocr_par' dir='ltr' id='par_1_9' title="bbox 0 0 1871 5842">
     <span class='ocr_line' id='line_1_60' title="bbox 0 0 1871 5842; baseline 0 0"><span class='ocrx_word' id='word_1_706' title='bbox 0 0 1871 5842; x_wconf 95' lang='lat' dir='ltr'> </span> 
     </span>
    </p>
   </div>
  </div>
 </body>
</html>
