3692 5842
238 481 304 552 636
615 485 617 489 ’
719 485 759 540 De
778 486 858 539 Stells
873 481 947 538 Nous
963 483 1117 552 Surpsntsrll

239 669 308 725 acto
332 662 446 726 reditur
469 664 509 726 ad
531 664 657 728 initium.
704 666 812 746 Itaque
834 682 957 744 possum
981 662 1096 736 dicere,
1126 660 1195 724 loco
1217 659 1439 742 conjunctionis
1460 655 1484 738 6
1508 665 1542 722 st
1559 657 1598 734 21,

240 769 316 833 quae
339 751 397 812 fuit
419 771 497 813 auno
524 749 618 817 1544.
642 755 672 816 16
698 751 764 818 30⁰
785 765 837 831 tlt.
862 753 1030 833 proximam
1053 759 1086 812 et
1108 759 1243 831 ternpore
1266 758 1299 812 et
1320 751 1390 814 loco
1417 768 1491 811 esse
1514 747 1598 822 uror,

240 857 317 920 quae
341 840 424 901 lacta
446 851 496 903 est
518 861 596 904 anno
613 840 707 907 1603.
721 842 881 905 Decembri
904 841 935 903 in
958 836 998 904 8⁰
1019 846 1060 913 f,
1083 839 1127 902 sic
1150 849 1186 903 ut
1207 840 1289 902 intra
1310 857 1408 902 annos
1432 834 1502 902 800
1522 837 1601 900 nulls

239 928 361 1008 propius
384 930 424 989 ad
447 926 512 993 30⁰
534 941 570 1008 tlt
592 932 634 994 sit
657 952 827 995 accessura.

328 1017 377 1077 Ex
400 1016 456 1078 hoc
480 1019 571 1096 igitur
594 1019 659 1082 loco
688 1020 911 1100 comparatione
942 1017 1023 1079 sacto
1051 1035 1119 1079 cnm
1151 1023 1255 1078 aetate
1283 1016 1388 1077 mundi
1414 1025 1507 1095 patet
1533 1033 1612 1077 suc·-

240 1108 338 1170 cessio
362 1105 546 1185 trigonorum
569 1118 601 1169 et
622 1110 762 1189 repetitio
787 1107 876 1187 ignei.
907 1104 985 1168 Cum
1009 1106 1087 1167 enim
1111 1127 1130 1167 a
1152 1105 1273 1167 conditu
1294 1123 1397 1166 rernm
1410 1113 1601 1165 numerentur

242 1197 313 1258 anni
335 1195 403 1274 plus
427 1195 524 1257 minus
548 1192 650 1270 5600,
684 1199 713 1259 hi
738 1197 827 1258 divisi
849 1214 904 1276 per
927 1191 1009 1269 800,
1043 1193 1277 1257 766661116661
1308 1211 1442 1274 magnas
1465 1191 1600 1272 periodos

240 1284 414 1362 reditusque
438 1283 517 1362 ignei
540 1285 661 1364 trigoni.

329 1373 526 1434 Memorabile
551 1392 621 1434 vero
646 1382 703 1449 est,
728 1374 757 1435 in
780 1374 864 1453 ipsos
888 1373 951 1433 lere
975 1370 1165 1451 periodorum
1188 1369 1333 1432 articulos
1358 1367 1496 1431 incidere
1515 1385 1600 1448 prse-

242 1460 345 1540 cipuas
375 1461 524 1539 epochas:
558 1481 614 1541 quo
648 1462 765 1524 numine
799 1460 955 1542 plurimum
985 1461 1120 1522 delector
1146 1459 1203 1521 hac
1230 1458 1420 1537 trigonorum
1451 1457 1546 1529 seris,
1572 1465 1600 1517 et

243 1550 374 1630 quodam
397 1548 482 1628 qnasi
506 1559 673 1630 temporum
697 1551 870 1630 compendio
890 1550 930 1611 ad
944 1548 1116 1611 memoriam
1130 1547 1298 1627 juvandum
1312 1546 1492 1608 utilissimo.
1528 1545 1600 1607 Puto

243 1638 346 1713 etiarn,
371 1637 521 1717 plerisque
544 1639 632 1718 hujus
656 1640 768 1701 aetatis
792 1640 855 1701 sore
878 1637 1098 1718 gratissimum,
1123 1656 1159 1698 eo
1182 1635 1262 1717 quod
1285 1634 1315 1696 in
1340 1653 1434 1697 nuum
1449 1635 1517 1716 ejus
1529 1633 1621 1696 srti·

245 1727 342 1790 culum
367 1725 459 1787 etiarn
483 1727 557 1788 haec
582 1737 686 1790 nostra
710 1736 797 1789 aetas
820 1726 944 1789 incidat.

332 1814 425 1877 Ducit
448 1823 548 1877 nutem
572 1817 717 1878 familiam
741 1816 861 1896 igneus.
885 1835 952 1877 curn
977 1816 1015 1877 ob
1039 1815 1095 1876 hoc
1109 1814 1216 1895 ipsum,
1233 1813 1313 1894 quod
1332 1813 1372 1874 de
1387 1809 1517 1892 epochis
1534 1809 1600 1884 diui,

244 1913 308 1966 tum
331 1904 370 1964 ob
393 1903 423 1964 id
456 1903 560 1979 etiam,
596 1906 665 1985 quia
697 1904 874 1985 principium
905 1905 998 1966 habet
1025 1922 1092 1968 cum
1119 1903 1265 1983 principio
1291 1901 1409 1965 Arietis
1439 1917 1599 1972 commune,

245 1992 324 2073 quod
348 2001 396 2054 est
417 1991 497 2053 inter
520 1993 687 2055 cardinalia
708 1994 910 2075 praecipuum.

335 2080 450 2160 Accipe
474 2082 502 2141 iu
527 2082 641 2143 tabella
664 2083 801 2145 rotundis
825 2082 1003 2161 minimeque
1025 2078 1172 2161 praecisis
1195 2078 1339 2152 numeris,
1366 2078 1479 2160 quihus
1501 2075 1602 2140 seculis

245 2167 351 2248 ignens
374 2169 510 2248 trigonus
533 2170 651 2232 inierit:

274 2381 319 2450 8.-
371 2372 445 2426 A¹¹¹¹5
466 2380 532 2428 ²¹¹st
582 2379 609 2429 Α
624 2343 723 2430 rernm!
899 2419 905 2432 .
943 2419 949 2431 .
1072 2375 1129 2429 Res
1151 2373 1353 2428 coincidentcs:
1379 2381 1411 2429 tu
1432 2373 1602 2428 lectorem

275 2452 301 2535 ἓ.
379 2452 525 2508 cnrnom.
592 2430 723 2528 erinna*
739 2422 762 2476 Ρ
763 2437 880 2476 210110
897 2435 1031 2491 ¹³⁸¹⁸¹¹⁰⁸·
1128 2452 1284 2527 affigant
1306 2454 1424 2508 erectas
1447 2453 1558 2508 6666.

245 2555 714 2568 -----“

414 2605 493 2659 4000
577 2611 579 2636 ¹
630 2608 689 2661 000
745 2611 842 2666 Adam.
890 2641 894 2650 ·
1072 2605 1185 2660 creatio
1205 2606 1306 2659 muudi.

415 2683 493 2738 3200
577 2725 579 2730 -
630 2687 689 2742 800
745 2690 850 2744 Enoch.
1072 2685 1242 2749 Lamounia,
1255 2687 1349 2750 urbes,
1364 2692 1453 2750 artes,
1473 2683 1600 2756 tyrannis

415 2763 493 2818 2400
613 2767 689 2821 1600
746 2770 837 2825 North.
1072 2765 1221 2820 Dilurium.

418 2844 493 2898 1600
611 2846 689 2900 2400
746 2849 848 2906 Moses.
1072 2845 1174 2900 Exitus
1196 2864 1232 2899 ex
1252 2849 1397 2916 Aegypto.
1442 2845 1514 2900 Lex.

1132 3005 1325 3059 Romanorum.

612 3085 690 3140 4000
747 3087 874 3142 Christus
895 3087 1036 3143 Dominus.
1073 3085 1235 3141 Monarchis
1263 3085 1400 3139 Romana.
1437 3083 1601 3138 Reformario

345 3161 414 3215 Post
428 3162 565 3216 Christum
1134 3165 1217 3220 orbis.

437 3242 495 3297 800
613 3245 690 3299 4800
748 3248 864 3301 Carolus
885 3248 1015 3318 Magnus.
1051 3245 1219 3314 ¹Imperium
1245 3243 1403 3299 Occidentis
1436 3251 1468 3298 et
1494 3245 1602 3299 Sortes⁴

420 3402 495 3456 1600
578 3404 691 3459 ,5600
748 3407 909 3476 Rodolphus
931 3408 965 3461 11.
1074 3340 1249 3466 1111611ῗωί886
1269 3411 1299 3457 ct
1322 3413 1393 3459 rota
1421 3415 1534 3468 nostra,
1563 3401 1620 3474 qui,

1053 3495 1056 3524 Ι
1134 3485 1204 3539 haec
1225 3484 1394 3539 disserimus.

252 3583 324 3592 -——
341 3585 1040 3601 ————.———-.-

280 3636 298 3688 9
417 3633 495 3688 2400
613 3636 692 3689 6400
1053 3634 1128 3698 ‚Ubi
1160 3641 1225 3688 tunc
1257 3652 1306 3687 nos
1336 3641 1368 3686 et
1402 3635 1484 3687 modo
1514 3635 1604 3686 floren

1136 3715 1243 3768 tissima
1264 3721 1360 3768 nostra
1382 3713 1552 3767 Germania?
1572 3711 1604 3764 Et

279 2606 293 2659 1

278 2685 296 2739 2

276 2764 294 2818 3

278 2846 297 2898 4

203 2963 208 2974 .
279 2923 296 2979 5
435 2924 493 2979 800
612 2925 689 2980 3200
746 2928 856 2982 Esaias.
1072 2930 1149 2979 Aera
1170 2925 1351 2991 Graecorum,
1378 2925 1599 2996 Babyloniorum

278 3084 296 3137 6

281 3243 297 3295 1

281 3402 299 3457 8

1136 3794 1245 3864 quinam
1260 3809 1436 3847 successores
1452 3792 1558 3847 nostrie
1572 3807 1604 3844 sn

1053 3915 1055 3930 .
1135 3883 1166 3926 et
1203 3889 1335 3927 memores
1376 3874 1467 3927 nostri
1508 3875 1604 3928 erunt!

722 3933 727 4029 Ι
1052 3949 1056 4001 l
1135 3951 1273 4023 Siquidem
1294 3955 1411 4008 muudus
1434 3953 1582 4008 dorsuna

338 4100 404 4162 lluc
428 4119 519 4179 usque
543 4120 719 4182 progressos
744 4101 890 4163 dubitatio
915 4101 1028 4181 excipit
1051 4103 1087 4162 de
1115 4103 1244 4181 genuino
1268 4100 1414 4181 principio
1440 4104 1530 4184 hujus
1552 4101 1603 4164 tri·

249 4189 319 4271 goni
344 4188 432 4267 ignei.
479 4190 558 4251 Nem
582 4191 607 4250 si
632 4191 745 4252 medios
767 4200 865 4251 motus
889 4199 1075 4269 spectemus,
1100 4190 1270 4269 conjunctio
1294 4191 1395 4251 media
1418 4211 1475 4254 sen
1497 4193 1606 4254 lictus

252 4276 393 4340 Cardano
422 4279 576 4357 reponitur
609 4279 638 4341 in
664 4299 770 4340 annum
798 4275 892 4343 1583.
918 4279 946 4338 16
977 4278 1043 4357 ipso
1076 4288 1187 4358 puncto
1211 4279 1337 4340 Arietis.
1385 4279 1430 4342 Et
1454 4280 1605 4360 pulchros

252 4367 381 4446 quidem,
406 4367 524 4446 trigono
547 4367 722 4447 principium
746 4368 817 4428 dare
842 4390 861 4428 a
884 4368 1102 4445 conjunctione,
1126 4386 1202 4447 quae
1227 4377 1274 4428 est
1298 4367 1399 4430 vicina
1412 4378 1528 4449 puncto
1540 4385 1605 4430 esr-

252 4454 355 4530 diocli,
379 4474 502 4535 quornm
527 4475 614 4516 unum
639 4457 740 4517 estin
765 4457 899 4536 qualibet
923 4456 1110 4535 triplicitate.

342 4543 455 4605 Verum
479 4545 567 4605 medii
591 4553 691 4606 motus
715 4565 752 4606 ex
776 4547 890 4606 calculo
915 4545 1075 4605 Prutenico
1099 4544 1187 4606 aliter
1210 4544 1337 4615 habeut,
1370 4544 1604 4624 conjunctionem

253 4630 430 4694 exhibentes
455 4632 482 4693 in
508 4629 714 4706 2802416
740 4653 796 4695 non
822 4653 891 4695 vero
916 4634 944 4694 in
970 4652 1050 4694 mero
1074 4633 1220 4713 principio
1235 4630 1280 4709 Υ.
1320 4633 1406 4694 Vera
1420 4644 1525 4696 nutem
1536 4651 1605 4696 eon·

249 4719 367 4799 junctio
399 4720 496 4780 adhuc
526 4722 643 4800 longius
676 4731 771 4796 retro,
799 4723 914 4783 seilicet
946 4722 974 4781 in
1000 4719 1065 4784 21ο
1094 4731 1122 4794 ll
1150 4721 1265 4781 incidit.
1318 4721 1406 4790 Quae
1436 4740 1508 4786 sero
1535 4741 1605 4784 anuo

257 4805 351 4873 1008.
379 4809 448 4882 luit,
483 4810 645 4871 mediorum
678 4821 809 4872 motuum
843 4820 981 4888 respectu
1006 4811 1034 4871 in
1064 4808 1101 4873 1⁰
1125 4810 1156 4871 7¹
1180 4816 1220 4881 s,
1253 4810 1333 4870 veris
1357 4819 1462 4872 autem
1484 4813 1604 4874 motibus

254 4894 284 4956 in
307 4892 351 4959 8⁰
374 4903 403 4968 ,τ
427 4897 540 4972 incidit,
567 4908 691 4980 utroque
714 4900 832 4960 nornine
855 4901 951 4978 prima
974 4902 1003 4962 in
1027 4900 1123 4979 signis
1146 4898 1253 4976 igneis.

342 4983 390 5046 Ne
414 4984 458 5046 sic
482 4985 601 5065 quidem
626 4988 722 5049 omnis
746 4989 868 5050 sublata
891 4994 940 5048 est
961 4988 1137 5069 disputatio.
1183 4985 1306 5050 Dictum
1326 4987 1416 5062 enirn,
1441 4997 1558 5068 tempus
1579 4983 1604 5046 id
