3692 5842
239 507 304 574 614
872 506 959 558 Ῑῠᾱθῑ

239 691 307 761 Cap.
344 688 435 743 XXII.
476 684 623 739 Materiam
644 682 714 736 Novi
736 683 831 736 sideris
853 684 938 737 finisse
959 685 1116 747 coelestem,
1138 691 1224 740 etan
1244 703 1281 740 ex
1302 686 1350 740 vta
1369 686 1471 743 lactea

334 767 436 823 XXIII.
479 765 555 819 Coeli
582 762 727 818 materiam
755 780 817 816 esse
847 763 1036 828 alterabilem,
1067 766 1231 820 documenta
1256 765 1376 838 quinque
1402 768 1570 831 astrononios.

531 843 693 915 praesertim
715 844 751 896 ab
773 842 869 912 eclipsi
890 844 954 898 anni
979 845 1063 899 1605.
1211 848 1217 860 '

330 927 434 982 XXIV.
475 926 519 979 De
540 924 676 978 efficiente
697 922 768 976 Novi
789 923 898 987 sideris,
928 924 975 977 ubi
996 927 1111 979 mundus
1137 925 1323 994 probabiliter
1343 926 1479 980 facultate
1498 927 1571 999 aliquo

530 1003 652 1058 naturali
674 1002 829 1057 instruitur.

343 1087 433 1142 XXV.
475 1083 652 1155 Comparatio
673 1082 756 1150 hujus
778 1083 874 1136 Novae
897 1100 957 1136 oum
979 1083 1029 1137 illa
1056 1083 1120 1137 anni
1145 1080 1229 1138 1572.
1251 1090 1364 1141 etcum
1385 1086 1569 1150 cometinoli.

530 1182 566 1218 an
587 1164 703 1215 caudam
723 1162 862 1216 habuerit.

334 1247 437 1301 XXVI.
478 1249 522 1299 An
543 1243 657 1297 fortuito
678 1242 848 1295 concurrerit
868 1241 942 1295 sidus
963 1242 1015 1295 hoo
1035 1259 1096 1297 oum
1117 1250 1240 1314 tempore
1261 1251 1291 1298 et
1312 1246 1374 1299 looo
1396 1245 1569 1316 conjunctionis

529 1339 658 1393 magnae,
681 1337 718 1374 an
738 1321 830 1391 aliquo
852 1321 984 1383 consilio;
1007 1324 1164 1377 tententiae
1186 1325 1336 1378 hodiernae
1357 1333 1486 1395 quatuor.

317 1408 433 1461 XXVII.
474 1406 602 1459 Examen
621 1401 774 1472 positarum
796 1401 968 1470 opinionum
989 1402 1085 1456 ubido
1106 1404 1245 1457 materiali
1266 1405 1445 1468 necessitate,
1466 1407 1498 1459 clo
1513 1420 1568 1466 our,

530 1483 593 1555 quid
614 1481 636 1534 is
658 1481 760 1558 possit,
791 1481 855 1551 quid
879 1497 952 1543 nou;
973 1489 1004 1535 et
1023 1483 1057 1536 do
1084 1482 1229 1552 spirit-ibus
1254 1485 1354 1540 mundo
1384 1483 1568 1556 congenitus

530 1561 716 1617 naturalibus.

234 1683 241 1696 .
307 1646 435 1700 XXVIII.
477 1646 565 1698 Pars
585 1643 726 1704 Altera,
752 1658 823 1711 quae
845 1641 1016 1695 Irauoolurti
1039 1641 1137 1712 prodit,
1160 1650 1204 1696 est
1224 1645 1258 1696 de
1279 1643 1523 1716 significationibus
1538 1642 1568 1694 rel

329 1728 434 1781 XXIX.
529 1722 712 1785 naturalibus,
733 1721 763 1775 in
775 1721 912 1785 mensoris,
937 1722 964 1775 in
977 1722 1159 1776 facultatibus
1173 1739 1264 1777 rerum
1283 1724 1454 1778 naturalium
1470 1725 1568 1793 adeoque

343 1807 433 1861 XXX
528 1811 558 1858 et
577 1801 712 1864 hominis;
742 1801 859 1871 deniquo
879 1801 907 1855 in
933 1801 993 1870 ipso
1021 1802 1130 1856 homine
1154 1804 1265 1857 ratione
1289 1809 1408 1857 utente:
1439 1803 1482 1856 vel
1506 1803 1569 1856 stiur

529 1881 698 1944 arbitraris,
730 1881 753 1933 si
773 1882 837 1934 Dei
863 1881 908 1934 vel
937 1880 1060 1935 sublimis
1090 1889 1238 1936 creaturas
1268 1883 1452 1937 ministrantis
1480 1882 1569 1935 oonsilio

531 1965 617 2018 stella
638 1966 758 2030 ponatur
778 1961 907 2015 exhibita
927 1963 1035 2018 mundo.
