3692 5842
756 477 876 545 caat
1430 480 1486 550 131

226 656 360 719 Primum
394 655 523 718 omnium
555 675 653 719 rerum
686 666 796 719 natura
818 656 915 718 Deum
944 659 1145 733 conditorem,
1180 669 1324 740 quantum
1357 677 1540 745 quaeque·

132 766 210 807 suae
234 747 388 807 essentiae
411 744 582 807 conditione
604 745 719 825 potuit,
745 755 975 826 repraesentare
1000 747 1112 808 debuit.
1158 746 1237 809 Nam
1263 768 1329 810 curn
1346 747 1493 813 Conditor

133 834 382 915 sapientissimus
405 834 507 896 omnia
529 833 667 896 studeret
695 854 782 913 quam
820 836 953 916 optima,
988 837 1181 898 ornatissima
1207 838 1491 914 praestantissima-

134 942 194 1004 que
227 924 365 986 eflicerc:
399 922 473 984 nihil
497 942 529 985 se
558 923 623 1004 ipso
648 923 754 985 melius
787 924 997 1002 ornatiusque,
1032 924 1105 986 nibil
1138 927 1344 1005 praestantius
1368 930 1490 1007 repetit.

133 1013 307 1093 Propterea
328 1031 396 1074 cum
428 1031 603 1092 corporeum
627 1012 765 1074 muudum
794 1012 928 1093 agitaret
959 1014 1075 1087 auimo,
1111 1015 1236 1075 formam
1265 1016 1291 1077 ei
1325 1015 1493 1079 destinavit

134 1093 197 1164 sibi
222 1101 283 1181 ipsi
306 1120 395 1181 quam
419 1101 611 1164 simillimam.
659 1101 736 1162 Hinc
760 1112 857 1164 ortum
880 1110 978 1164 totum
1002 1102 1204 1183 quantitatum
1228 1123 1323 1183 genus
1347 1113 1379 1165 et
1402 1105 1430 1166 in
1456 1124 1492 1167 eo

134 1188 222 1253 curvi
245 1190 380 1270 rectique
403 1190 577 1252 discrimina
599 1190 921 1270 praestantissimaque
936 1191 1066 1252 omnium
1082 1192 1185 1270 ligura,
1210 1193 1370 1272 sphaerica
1384 1213 1492 1274 super-

134 1279 231 1342 ficies.
278 1279 388 1342 Nam'
381 1299 410 1340 ru
434 1299 472 1341 ea
494 1279 650 1341 formanda
678 1279 749 1341 lusit
771 1280 1013 1359 sapientissimus
1036 1278 1184 1341 Conditor
1216 1282 1390 1344 adorandae
1420 1302 1493 1344 snae

134 1367 342 1471 Trinitatis
334 1368 503 1470 imaginem.
557 1368 636 1458 Hinc
669 1369 765 1429 centri
798 1378 939 1448 punctum
973 1380 1022 1430 est
1049 1368 1198 1446 sphaerici
1229 1372 1376 1451 quaedam
1409 1372 1494 1452 quasi

139 1499 259 1608 inliuila
289 1546 392 1626 puncti
425 1565 549 1649 egressu
580 1565 674 1608 exse
708 1547 772 1627 ipso
803 1566 895 1628 usque
927 1547 965 1608 ad
990 1546 1138 1626 quandam
1162 1547 1290 1609 omnium
1319 1568 1494 1652 egressuum

137 1635 359 1714 aequalitatem
382 1635 465 1714 gigni
488 1634 683 1714 intelligitur,
717 1645 829 1716 puncto
858 1656 890 1697 se
920 1635 949 1695 in
975 1635 1051 1696 hauc
1080 1636 1305 1715 amplitudinem
1329 1638 1495 1700 communi-

137 1731 250 1798 cante,
275 1722 321 1785 sic
344 1733 379 1785 ut
401 1733 542 1804 puuctum
565 1736 597 1786 et
620 1725 808 1805 superficies,
835 1724 994 1786 densitatis
1019 1743 1084 1786 cum
1100 1724 1294 1804 amplitudine
1309 1734 1496 1789 commutata

137 1812 353 1893 proportione,
377 1813 441 1874 sint
463 1814 612 1892 aequalia.
659 1813 738 1875 Hinc
762 1824 811 1874 est
834 1813 961 1892 undique
983 1822 1124 1893 punctum
1153 1815 1232 1876 inter
1255 1824 1286 1877 et
1309 1816 1494 1894 superficiem

139 1902 373 1964 absolutissima
386 1902 574 1982 aequalitas
598 1902 771 1964 arctissima
784 1903 869 1976 unio
892 1902 1093 1981 pulcherrima
1107 1903 1305 1981 conspiratio
1332 1894 1493 1979 conneims,

139 1990 270 2064 relatio,
296 1991 466 2071 proportio,
491 2010 689 2052 commensus.
729 1989 863 2071 Cumque
879 1991 938 2052 tria
956 1992 1018 2053 siut
1040 1993 1139 2070 plane,
1164 2001 1306 2067 centrum,
1323 1994 1496 2072 superficies

139 2090 173 2141 at
196 2080 405 2154 intervallum,
429 2080 475 2141 ita
497 2089 597 2142 umen
622 2100 711 2141 unum
734 2090 819 2154 sunt,
845 2088 878 2141 ut
900 2081 1064 2142 nullumne
1086 2079 1220 2158 cogitatu
1244 2081 1363 2160 quidem
1387 2082 1495 2197 abesse

138 2168 240 2248 possit
263 2168 333 2249 quin
358 2176 455 2231 totum
478 2169 661 2231 destruatur

231 2258 318 2319 Haec
342 2255 433 2335 igitur
456 2260 601 2337 genuina,
626 2259 700 2320 haec
724 2257 882 2337 aptissima
905 2257 1039 2336 corporei
1064 2258 1164 2318 muudi
1189 2258 1268 2319 est'
1261 2277 1377 2339 imago,
1406 2277 1496 2340 quam

141 2346 191 2408 rel
214 2346 396 2427 simpliciter
420 2348 468 2408 rel
492 2357 631 2427 respectu
651 2348 779 2427 quodam
802 2347 929 2425 suscipit
954 2345 1092 2425 quicquid
1114 2346 1153 2407 ad
1172 2366 1316 2409 summam
1331 2348 1495 2428 perfectio·
1572 2385 1575 2390 >

143 2455 212 2497 uem
236 2436 317 2498 iuter
340 2455 500 2517 corporeas
525 2446 679 2499 creaturas
712 2436 838 2516 aspirat.
885 2436 1051 2513 Propterea
1074 2454 1199 2515 corpora
1232 2436 1311 2517 ipsa,
1345 2456 1410 2498 cnm
1443 2455 1497 2517 per

144 2544 214 2586 sese
239 2545 361 2587 suarum
385 2525 605 2605 superficierum
634 2525 742 2587 finibus
775 2525 999 2585 continerentur
1022 2544 1077 2585 nec
1105 2544 1172 2586 sese
1201 2525 1269 2604 ipsa
1298 2526 1497 2605 multiplicare

142 2622 272 2693 possent
294 2614 325 2675 in
349 2614 465 2688 orbem,
500 2616 592 2676 variis
616 2624 686 2675 sunt
707 2614 847 2692 praedita
871 2612 1044 2688 virtutibus,
1077 2632 1152 2693 (puae
1183 2614 1353 2675 nidulautes
1377 2615 1497 2695 quidem

143 2703 173 2764 in
198 2702 392 2783 corporibus,
417 2723 451 2764 se
471 2703 545 2783 ipsis
560 2723 630 2765 rero
649 2704 739 2782 paulo
760 2703 914 2764 liberiores
930 2711 960 2762 et
975 2702 1104 2764 materia
1120 2711 1258 2765 carentes
1274 2721 1427 2783 corporea,
1444 2705 1497 2765 sed

143 2811 199 2852 sua
232 2792 363 2871 quadam
398 2802 574 2853 constantes
607 2792 747 2867 materia,
782 2811 858 2872 quae
891 2791 1094 2852 dimensiones
1127 2792 1255 2871 suscipit
1286 2794 1496 2872 geometricas,

144 2881 361 2960 egrederentur
384 2881 543 2963 orbemque
568 2883 776 2943 adfectarent:
801 2890 833 2941 ut
857 2880 1016 2959 praecipue
1041 2880 1069 2942 iu
1090 2891 1229 2960 magnete
1245 2882 1298 2943 sed
1318 2891 1350 2943 et
1371 2881 1401 2942 iu
1418 2881 1496 2943 mul-

144 2970 184 3032 tia
207 2970 279 3032 aliis
304 2970 385 3032 clare
409 2980 546 3051 apparet.
594 2968 673 3040 Quid
697 2970 802 3032 mirum
826 2970 933 3049 igitur,
967 2969 993 3030 si
1025 2969 1201 3049 principium
1234 2971 1306 3032 illud
1340 2970 1435 3032 omnis
1468 2970 1496 3031 in

144 3059 254 3121 mundo
278 3069 418 3135 ornatus,
444 3061 522 3140 quod
547 3060 666 3121 divinus
687 3060 790 3120 Moses
815 3058 900 3137 quasi
922 3058 1071 3138 quoddam
1092 3057 1247 3121 Creatoris
1271 3060 1498 3121 instrumentum

149 3148 186 3209 ad
210 3148 369 3228 figuranda
393 3160 424 3210 et
447 3150 618 3228 vegetanda
642 3148 741 3210 omnia
765 3149 812 3209 die
837 3147 942 3208 statim
965 3148 1058 3225 primo
1083 3148 1112 3208 iu
1137 3148 1294 3209 materiam
1317 3148 1368 3210 vix
1392 3149 1497 3211 condi-

146 3247 208 3299 tam
233 3237 414 3311 introducit,
448 3239 473 3299 si
502 3239 558 3300 hoc
587 3239 707 3317 iuquam
736 3236 913 3316 principium
944 3247 976 3296 et
1005 3256 1052 3297 res
1080 3239 1109 3298 iu
1135 3246 1199 3298 toto
1223 3256 1366 3316 corporee
1390 3239 1498 3299 mundo

145 3326 424 3407 praestantissima,
453 3327 564 3389 matrix
588 3326 759 3387 animalium
779 3326 956 3387 facultatum
976 3326 1182 3406 vinculumque
1206 3328 1341 3404 corporei
1361 3337 1392 3388 et
1406 3326 1498 3408 spiri·
1550 3394 1551 3398 Ἰ

147 3415 236 3477 tualis
260 3415 378 3489 muudi,
404 3416 432 3476 in
457 3417 541 3496 leges
565 3417 688 3477 easdem
713 3414 900 3486 transiverit,
924 3414 1031 3496 quibus
1054 3416 1182 3476 mundus
1206 3426 1273 3476 erat
1296 3415 1498 3477 exornandus.

128 3502 326 3585 'Sol-itaque
351 3524 459 3585 corpus
483 3514 532 3566 est
555 3504 728 3585 quodpiam,
760 3505 787 3564 iu
813 3523 848 3564 eo
872 3503 947 3564 haec
971 3523 1037 3565 sese
1062 3503 1150 3565 rebus
1174 3503 1310 3564 omuibus
1334 3501 1500 3564 communi·

148 3593 233 3655 candi
258 3594 406 3666 facultas,
431 3614 520 3674 quam
546 3596 641 3655 lucem
660 3593 862 3672 appellamus,
888 3593 934 3653 cui
958 3593 1004 3653 vel
1030 3594 1067 3653 ob
1093 3594 1168 3653 hano
1185 3612 1305 3653 causatu
1329 3592 1444 3653 medius
1468 3589 1499 3652 in

148 3692 209 3744 toto
234 3682 347 3744 mundo
371 3684 454 3745 locus
479 3694 509 3744 et
533 3692 668 3745 centrum
693 3681 833 3756 debetur,
859 3690 893 3742 nt
912 3680 1110 3762 aequabiliter
1133 3690 1277 3760 perpetuo
1302 3699 1368 3740 sese
1392 3680 1422 3740 in
1447 3699 1498 3740 οι-

149 3772 211 3833 bem
236 3780 335 3833 totum
358 3771 547 3834 diffunderet.
595 3770 695 3833 Solem
720 3771 819 3832 omnia
844 3770 904 3831 alia
932 3789 1008 3850 quae
1041 3770 1116 3831 lucis
1145 3779 1216 3831 suut
1246 3768 1406 3848 participia
1428 3768 1499 3830 irui-

149 3869 260 3923 tantur.
297 3859 347 3921 Ex
370 3860 427 3922 bae
450 3861 691 3922 consideratione
706 3860 791 3940 quasi
815 3860 962 3939 quaedam
986 3858 1207 3938 propositiones
1231 3858 1312 3933 fient,
1338 3865 1501 3938 quaesunt

149 3951 227 4030 apud
250 3949 423 4024 Euclidem,
449 3950 642 4012 Vitellionenr
668 3958 699 4010 et
722 3957 840 4010 ceteros
865 3948 943 4009 inter
967 3947 1123 4027 principia.

234 4038 456 4118 Propositio
481 4041 504 4101 l.
543 4038 633 4100 Luci
657 4038 825 4099 effluxus
849 4038 909 4097 vel
942 4035 1158 4116 ejaculatio
1182 4034 1366 4114 competit
1391 4056 1409 4094 a
1432 4055 1501 4096 sua

149 4128 295 4208 origine
319 4127 353 4188 in
378 4128 498 4189 locum
522 4128 741 4189 distantem.
788 4126 911 4188 Dictum
935 4126 1013 4186 enim
1038 4134 1087 4186 est
1110 4124 1249 4185 debuisse
1270 4126 1350 4185 illam
1368 4142 1500 4184 commu-

149 4217 239 4280 nicari
268 4216 442 4295 corporibus
466 4216 612 4277 omnibus.
659 4215 706 4275 Ea
730 4214 957 4277 communicatio
981 4214 1044 4276 fieri
1068 4214 1172 4275 debuit
1186 4212 1402 4273 dimensionum
1426 4230 1499 4273 con-

145 4305 321 4384 junctione:
358 4305 485 4366 diximus
510 4306 588 4366 enim
622 4305 729 4365 cadere
756 4305 850 4365 lucem
875 4304 902 4365 in
929 4304 1011 4382 leges
1039 4302 1238 4383 geometricas
1263 4311 1294 4361 et
1317 4299 1501 4362 considerari

149 4394 175 4458 iu
208 4396 276 4458 loco
307 4403 343 4456 ut
372 4413 479 4473 corpus
508 4394 732 4473 geometricum.
780 4392 861 4470 Ergo
892 4390 1156 4453 communicabitur
1187 4400 1240 4452 aut
1267 4409 1320 4469 per
1343 4407 1498 4450 accessum

149 4485 239 4548 fontis
263 4482 311 4546 sui
335 4483 374 4544 ad
398 4503 461 4556 res,
493 4484 571 4564 quod
603 4484 764 4545 absurdum
797 4493 845 4542 est
873 4496 903 4541 et
937 4480 1164 4542 communicatio
1194 4480 1293 4552 nulla3
1327 4476 1502 4557 relinquitur

149 4573 255 4652 igitur,
281 4581 316 4634 ut
337 4591 392 4653 per
415 4574 616 4650 egressionem
642 4573 766 4633 localem
792 4573 990 4650 effluxumqne
1015 4591 1034 4631 a
1058 4588 1181 4648 corpore
1206 4587 1270 4630 suo.

234 4664 345 4742 Prop.
361 4663 400 4724 ll.
440 4660 616 4723 Punctum
641 4661 844 4740 quodlibet
866 4659 1033 4721 infinitis
1057 4678 1204 4721 numero
1228 4655 1342 4718 lineis
1361 4653 1500 4716 effluit.

150 4751 280 4816 Scilicet
311 4760 346 4813 ut
371 4752 473 4813 orbem
496 4769 613 4812 omnem
637 4749 828 4810 circumcirca
851 4748 996 4823 illustret,
1030 4747 1108 4828 quod
1138 4747 1200 4809 lieri
1232 4745 1341 4807 debere
1364 4743 1501 4805 diximus

146 4842 345 4922 Sphaericum
369 4848 469 4902 autem
489 4839 620 4901 infinitas
643 4839 736 4899 habet
759 4840 863 4900 lineas.

235 4931 346 5009 Prop.
363 4930 418 4991 111.
451 4930 531 4990 Lux
555 4948 597 4989 se
617 4928 702 5007 ipsa
723 4926 764 4987 in
789 4922 1187 5005 infinitumprogredi
1210 4930 1309 5002 apta
1327 4929 1396 4982 est.
1426 4917 1502 4983 cam

147 5023 227 5086 euim
252 5018 435 5105 quantitatis
459 5027 491 5080 et
514 5017 675 5081 densitatis
698 5016 740 5078 sit
762 5015 916 5098 particeps
939 5033 993 5094 per
1016 5011 1187 5092 superiora,
1211 5010 1295 5071 nulla
1309 5008 1504 5089 amplitudine

1248 5110 1291 5167 nr
