3692 5842
781 279 1027 346 camma.
1533 269 1599 339 tta

242 479 300 525 non
320 460 361 523 da
382 459 509 541 partiali
531 459 637 541 eclipsi
660 459 751 542 loqui,
776 460 805 521 in
830 478 889 539 qna
907 457 962 520 Sol
984 457 1015 518 in
1033 458 1154 520 Lunars
1178 474 1271 520 cornu
1293 452 1385 518 fucrit
1406 458 1600 515 attenuatus:

242 551 295 612 sed
319 548 412 631 plane
436 550 474 612 de
503 549 608 624 totali,
638 547 689 611 ubi
712 549 768 612 Sol
796 549 903 610 deinde
932 567 987 628 per
1017 547 1133 626 species
1157 547 1261 608 Lunae
1293 541 1447 606 nascentis
1477 542 1600 604 exordio

243 648 331 719 capto
365 638 458 701 fuerit
485 638 595 701 iterum
623 638 778 717 impletus,
809 638 975 718 cujusmodi
1006 636 1168 716 descriptio
1196 636 1275 696 infra
1304 652 1342 694 ex
1369 632 1433 693 vita
1456 630 1602 692 Ludovici

243 735 395 809 sequetur.
442 729 522 792 Nam
545 747 611 789 cnm
634 737 707 807 post
730 747 824 789 annos
848 736 966 807 septem
990 745 1107 787 rursum
1130 725 1251 804 eclipsis
1274 723 1431 785 incidisset
1453 739 1512 782 non
1535 740 1602 781 mo-

241 818 308 880 dica
321 818 377 879 sed
392 827 509 897 septem
525 818 698 895 digitorum,
722 826 865 897 quantam
880 816 1060 877 Maestlinus
1078 835 1115 877 ex
1129 814 1299 877 Protenicis
1312 811 1436 885 invenit,
1458 810 1600 872 distincte

240 917 342 969 tamen
367 917 473 968 auctor
491 906 529 968 de
549 926 585 966 ca
608 907 749 987 loquitur.
779 920 822 972 De
843 917 908 971 Sole
929 918 1064 972 nonnulla
1084 933 1150 988 pars
1171 914 1281 978 defecit,
1304 901 1415 971 illrum
1430 922 1457 961 tt
1479 898 1601 978 dyracio,

241 996 389 1071 indicans,
413 1015 473 1058 non
498 1003 595 1056 totum
620 996 778 1058 defecisse.
825 997 882 1057 Hic
907 997 1083 1076 simpliciter
1107 993 1123 1057 ὁ
1147 991 1226 1073 ἣλιος
1249 990 1371 1065 ἕξελιπε.
1414 987 1603 1053 Conantem

242 1085 369 1148 adderet
391 1084 445 1146 illa
466 1105 619 1164 percussor
641 1092 807 1163 μηνοειόης,
841 1106 934 1147 cansa
961 1086 1081 1148 videtur
1109 1087 1229 1157 eadem,
1262 1102 1337 1162 quae
1361 1079 1480 1160 impulit
1504 1079 1601 1157 ipsum

240 1175 315 1237 haec
346 1173 472 1247 addere,
505 1183 592 1238 rideri
620 1176 677 1236 sibi
707 1176 856 1237 defectum
880 1173 962 1236 Solis
992 1186 1020 1239 in
1051 1187 1109 1239 solo
1140 1183 1279 1239 novilunio
1313 1198 1395 1251 posse
1425 1179 1599 1250 contingere.

243 1263 482 1327 Confirmatnrns
506 1263 583 1323 enim
607 1262 685 1326 hanc
709 1284 794 1325 suern
818 1264 1004 1343 opinionem,
1034 1265 1112 1343 qnod
1135 1265 1224 1326 Luna
1248 1261 1347 1322 Solari
1373 1259 1475 1320 lumini
1500 1259 1602 1318 obstet

243 1354 272 1414 in
295 1352 401 1432 eclipsi
425 1353 629 1424 (astronomia
652 1362 723 1415 tnnc
747 1352 825 1415 iuter
841 1352 977 1415 Graecos
1002 1355 1130 1415 nondum
1152 1353 1287 1423 exculta)
1312 1349 1398 1409 addit
1417 1367 1492 1429 qnae
1513 1347 1601 1408 vidc-

244 1442 291 1514 rit,
315 1439 420 1504 Solem
443 1440 560 1503 scilicet
582 1442 730 1522 paulatim
753 1451 787 1503 ut
810 1444 888 1504 alias
912 1444 999 1504 Luna
1022 1444 1102 1503 solet
1127 1443 1233 1503 iterum
1257 1440 1428 1520 impletum,
1454 1438 1520 1516 ipso
1545 1436 1601 1498 de-

244 1533 323 1592 fectu
347 1539 380 1592 et
401 1531 535 1593 cavitate
559 1551 617 1592 sua
640 1532 744 1594 Lunae
768 1533 986 1594 rotunditatem
1009 1532 1180 1610 prodidisse
1205 1530 1263 1590 sibi
1287 1531 1470 1590 obstantem.

329 1619 435 1681 Livius
463 1619 515 1680 lib.
541 1617 594 1693 37,
618 1618 650 1685 4.
696 1631 782 1685 Lucio
804 1632 884 1686 Corn.
906 1631 1034 1700 Scipione
1056 1637 1086 1683 et
1103 1631 1132 1685 C.
1161 1629 1258 1685 Laelio
1282 1629 1357 1681 Coss.
1388 1642 1507 1696 percos
1534 1624 1601 1688 dies,

243 1709 341 1781 quibus
361 1710 503 1780 profectus
528 1712 563 1764 ad
589 1712 693 1766 bellum
715 1712 775 1769 Cos.
797 1713 868 1765 ludis
889 1712 1100 1782 Apollinaribus
1122 1712 1196 1766 ad.
1218 1710 1252 1763 V.
1275 1709 1313 1762 ld.
1347 1707 1493 1769 Quintiles,
1524 1706 1602 1758 coelo

243 1817 338 1855 sereno
366 1799 485 1854 interdiu
511 1801 661 1855 obscurata
687 1804 738 1858 lux
768 1811 826 1865 est;
858 1821 917 1862 curn
944 1804 1027 1856 Luna
1055 1802 1105 1855 snb
1133 1802 1225 1853 orbern
1246 1798 1318 1851 Solis
1347 1795 1487 1850 subiisset.
1532 1783 1604 1844 Fuit

245 1898 338 1941 annus
369 1876 401 1940 2.
449 1877 568 1961 Olymp.
604 1876 675 1945 tlt.
723 1883 810 1944 Luna
846 1903 866 1942 a
895 1882 1036 1961 perigaeo
1073 1878 1284 1957 consurgebat.
1335 1877 1445 1937 Forma
1480 1872 1604 1935 Juliana

247 1964 273 2031 3.
296 1966 404 2030 Martii
428 1976 498 2029 ante
523 1967 677 2031 Christum
700 1991 777 2032 anno
806 1969 877 2036 190.

331 2074 460 2136 Biennio
483 2082 554 2153 post
581 2076 661 2137 idem
685 2077 789 2139 Livius
821 2078 871 2140 lib.
897 2076 954 2153 38,
990 2072 1043 2140 37.
1079 2076 1164 2149 „luce
1188 2074 1267 2135 inter
1296 2073 1401 2133 horam
1425 2070 1548 2131 tertiam
1572 2075 1605 2129 el

247 2173 385 2244 quartam
409 2164 551 2225 tenebras
575 2164 719 2227 obortas“
745 2167 805 2241 ait;
836 2168 942 2249 quibus
966 2166 1150 2244 temporibus
1174 2163 1306 2224 calculus
1336 2160 1459 2239 eclipsin
1492 2160 1603 2220 nnllam

249 2252 380 2314 exbibet.
427 2252 599 2332 Prodigium
633 2254 725 2333 igitur
758 2256 824 2318 fnit.
870 2255 1041 2335 Buntingns
1073 2253 1199 2332 eclipsin
1231 2246 1413 2332 producit3
1444 2248 1603 2328 digitorum

245 2341 376 2422 ineptam
399 2342 437 2403 ad
461 2342 604 2404 tenebras
628 2345 791 2419 faciendas,
816 2346 884 2426 quin
909 2354 941 2407 et
961 2346 1037 2406 bora
1056 2344 1126 2418 alia,
1150 2361 1256 2421 nempe
1272 2338 1303 2405 9.
1328 2341 1401 2401 hora
1425 2338 1483 2399 diei
1508 2341 1604 2410 (more

246 2431 400 2506 Romano)
424 2431 538 2493 incidit.

330 2520 537 2583 Memorabilis
561 2529 609 2584 est
642 2522 776 2602 inprimis
808 2523 860 2584 illa
888 2523 1026 2604 eclipsis,
1062 2542 1151 2602 quam
1173 2517 1365 2600 Hipparchus
1399 2517 1429 2578 in
1462 2515 1536 2577 libro
1566 2516 1603 2576 de

244 2609 499 2689 magnitudinibus
531 2619 563 2672 et
591 2611 759 2674 intervallis
793 2613 987 2688 adhibuerat,
1018 2613 1164 2674 incertum
1198 2631 1216 2671 a
1248 2628 1280 2668 se
1310 2627 1349 2668 an
1381 2630 1400 2669 a
1423 2605 1602 2666 Timochare

246 2699 450 2773 observatam,
474 2718 540 2761 cnm
563 2700 770 2764 Alexandriae
793 2703 943 2764 scribatur
967 2703 1148 2764 observata:
1173 2698 1303 2770 Etenim,
1329 2705 1361 2757 ut
1386 2696 1422 2758 de
1447 2714 1484 2755 ea
1508 2692 1601 2756 Cleo-

245 2788 348 2851 medess
371 2788 478 2863 referi,
515 2801 562 2855 Sol
597 2808 672 2855 totus
707 2803 735 2856 in
770 2792 954 2871 Hellesponto
989 2800 1116 2855 deficiens
1151 2802 1316 2854 observatus
1341 2802 1386 2851 cst
1413 2792 1604 2850 Alexandriae

245 2879 342 2951 quinta
360 2885 443 2948 parte
464 2879 591 2935 diametri
612 2882 700 2946 salva,
722 2884 832 2952 reliqua
851 2885 978 2937 dellccrc.

336 2974 477 3037 Meminit
510 2977 575 3057 ejus
604 2978 799 3041 Ptolemaeus
827 2978 878 3041 lib.
903 2981 945 3040 V.
980 2978 1086 3057 Magni
1111 2976 1238 3058 Operis,
1272 2995 1339 3055 cap.
1362 2973 1419 3036 Xl.
1445 2981 1477 3034 et
1500 2972 1603 3034 Theon

245 3064 271 3125 in
300 3062 527 3127 Commentario
555 3085 644 3147 super
671 3068 728 3129 hoc
755 3068 855 3130 verbis
883 3068 1086 3143 notabilibus:
1127 3077 1258 3139 Assumit,
1281 3065 1390 3145 inquit,
1430 3072 1544 3143 eclipsin
1575 3073 1603 3127 in

245 3154 325 3219 locis,
348 3171 420 3224 quae
441 3162 506 3210 sunt
526 3157 599 3212 circa
618 3158 840 3230 Hellespontum,
864 3159 890 3212 in
913 3166 972 3213 toto
992 3159 1056 3212 Sole
1079 3165 1209 3213 accurate
1231 3158 1350 3219 factam,
1372 3161 1405 3208 nt
1425 3154 1494 3206 nihil
1515 3156 1549 3206 de
1569 3171 1603 3207 eo

246 3250 406 3315 appareret.
451 3235 519 3296 Non
545 3244 661 3297 tantum
685 3238 742 3299 hoc
766 3239 906 3313 affirmat,
933 3246 1029 3299 totnm
1054 3236 1155 3299 Solem
1179 3236 1208 3296 in
1233 3236 1431 3313 Hellesponto
1458 3233 1601 3292 latuisse:

246 3324 298 3385 sed
322 3323 414 3384 etiam
438 3323 629 3386 latitudinem
653 3326 697 3387 illi
720 3328 926 3406 phaenomeno
950 3326 1070 3400 tribuit,
1096 3336 1124 3390 in
1144 3336 1212 3389 locis
1244 3322 1380 3403 inquiens
1409 3331 1603 3399 circumjacen-

246 3422 329 3477 tibus.
365 3412 445 3473 Hinc
474 3422 536 3488 est,
569 3415 647 3494 qnod
672 3413 850 3478 cleomedes
874 3417 926 3478 tib.
951 3417 991 3477 Π.
1015 3417 1111 3477 refert
1132 3413 1236 3494 procul
1265 3411 1354 3473 dnbio
1387 3430 1425 3471 ex
1457 3410 1513 3470 hoc
1536 3410 1603 3488 ipso

245 3500 410 3581 Hipparchi
435 3502 516 3579 loce,
540 3515 613 3569 hanc
639 3516 764 3570 umbram
790 3517 853 3586 plus
882 3532 965 3587 qnam
989 3522 1087 3587 quater
1113 3514 1188 3569 mille
1210 3512 1303 3569 stadia
1323 3526 1468 3580 occupare.
1511 3508 1604 3564 Omnis

248 3592 317 3646 enim
346 3592 440 3656 locus,
471 3592 499 3647 in
528 3611 582 3665 qno
610 3595 659 3649 Sol
689 3614 743 3651 non
773 3596 895 3651 cernitur
918 3598 1000 3651 Luna
1030 3597 1269 3659 subtercurrente,
1301 3592 1400 3646 umbra
1423 3592 1521 3644 Lunae
1551 3594 1604 3644 est.

248 3671 350 3732 Theon
374 3671 453 3731 enim
477 3673 585 3747 refert,
610 3674 817 3753 Hipparchum
841 3676 954 3737 exilia
979 3676 1084 3754 eclipsi
1109 3676 1267 3753 collegisse
1300 3670 1476 3732 distantiam
1499 3670 1605 3731 Lunae

250 3759 381 3821 citimam
404 3758 444 3821 71
472 3762 784 3839 semidiametrorum,
813 3765 950 3825 nltimam
975 3761 1038 3835 83,
1061 3764 1197 3844 quamvis
1220 3770 1328 3843 postea
1352 3759 1543 3821 descenderit
1566 3759 1604 3819 ob

250 3867 356 3910 causas
391 3848 470 3911 alias
494 3870 514 3911 a
537 3846 580 3914 62
612 3852 651 3912 ad
682 3846 779 3934 7²¹h·
827 3850 943 3923 Quodsi
976 3853 1123 3914 diameter
1155 3854 1260 3915 Lunae
1289 3856 1460 3911 assumatur
1488 3846 1542 3910 30‘
1574 3847 1604 3909 in

251 3956 401 4018 apogaeo,
432 3939 511 4018 qnod
535 3939 708 4021 Hipparcho
739 3942 853 4018 visum,
884 3944 938 4005 fiet
961 3942 989 4002 in
1014 3942 1155 4022 perigaeo
1181 3939 1241 4016 35,
1271 3960 1324 4020 per
1348 3936 1606 3999 eccentricitatem

250 4026 505 4107 Hipparcbianam
528 4030 678 4092 excedens
703 4030 881 4093 diametrum
904 4030 1007 4106 Solis,
1040 4040 1152 4111 quanta
1175 4032 1214 4092 ab
1237 4028 1411 4109 Hipparcho
1435 4025 1605 4103 usurpaba-

251 4124 310 4190 tur,
333 4114 378 4180 5¹.
424 4117 469 4179 Ut
490 4126 592 4179 antem
621 4138 729 4199 corpus
758 4119 787 4182 in
818 4121 876 4182 hac
906 4120 1092 4182 sublimitate
1116 4119 1154 4182 tt
1182 4120 1469 4180 semidiametrorum
1493 4114 1605 4175 Terrae

250 4212 397 4283 permutet
425 4204 522 4268 locum
552 4225 608 4287 per
631 4207 677 4283 5‘,
712 4227 787 4288 opus
818 4218 867 4271 est
897 4218 931 4271 nt
960 4229 1014 4289 per
1038 4206 1078 4271 0ο
1100 4209 1202 4271 circuli
1232 4206 1354 4269 Terreni
1385 4212 1472 4264 eatur
1496 4223 1515 4263 a
1538 4203 1605 4264 loco

250 4294 296 4355 nbi
314 4294 405 4356 Lnna
427 4296 604 4357 verticalis:
630 4307 662 4358 et
685 4297 765 4359 circa
782 4298 1014 4378 Hellespontum
1038 4299 1067 4358 in
1092 4299 1146 4360 alt.
1186 4295 1226 4374 Θ
1247 4297 1276 4357 in
1297 4309 1329 4360 ea
1354 4290 1416 4355 71⁰
1438 4312 1493 4372 per
1511 4286 1605 4373 6¹l‚⁹.

250 4382 304 4445 Illa
326 4403 399 4446 vero
430 4393 535 4446 aetate
558 4386 779 4448 Eratosthenes
808 4388 985 4449 definiverat
1013 4388 1158 4449 ambitum
1180 4386 1293 4447 Terrae
1316 4380 1449 4447 250000
1486 4381 1605 4443 stadio-

251 4491 330 4536 mm:
355 4473 392 4534 dc
417 4473 525 4555 quibus
544 4471 632 4538 4000
655 4476 744 4556 plane
766 4472 804 4537 0ο
827 4476 970 4541 efficiunt.
1004 4475 1077 4539 Sive
1101 4476 1192 4555 igitur
1216 4494 1253 4536 ex
1276 4472 1404 4552 simplici
1429 4470 1606 4533 considera·

251 4561 328 4625 tione
351 4562 445 4641 spatii
470 4562 647 4637 Terrarum,
675 4583 732 4643 per
756 4566 834 4645 qnod
858 4573 941 4627 totns
965 4564 1019 4629 Sol
1042 4566 1073 4627 in
1097 4565 1153 4627 hac
1178 4564 1283 4645 eclipsi
1307 4562 1447 4635 latuerit,
1480 4560 1544 4622 sive
1568 4579 1607 4622 ex

251 4650 304 4713 hac
321 4652 389 4732 jam
412 4651 556 4730 expedita
578 4654 810 4716 ratiocinatione
834 4654 1026 4734 Hipparchus
1049 4655 1104 4716 illa
1126 4651 1213 4717 4000
1236 4653 1338 4714 stadia
1370 4650 1543 4725 deduxerit,
1567 4650 1605 4711 dc

252 4740 355 4818 quibus
380 4738 580 4804 Oleomedes:
608 4751 734 4822 utroque
759 4743 876 4805 nomine
900 4744 1000 4807 valide
1026 4743 1227 4813 convincitur,
1258 4743 1386 4805 totalem
1410 4739 1503 4802 fuisse
1526 4738 1605 4802 banc

252 4829 384 4909 eclipsin,
408 4827 482 4893 Sole
505 4838 578 4910 post
600 4831 718 4895 Lunam
741 4852 809 4894 cnm
833 4832 935 4913 aliqua
958 4852 1042 4895 mora
1064 4833 1192 4894 latente.
