3692 5842
603 518 645 554 ssu
664 501 800 556 unaue·
819 504 922 558 assa
939 505 1013 557 m
1414 479 1479 574 303

139 676 183 739 sic
205 678 389 759 deprehenso
408 686 481 759 puto
500 690 596 742 ortam
621 700 688 741 esse
706 682 787 743 iliam
811 683 1010 757 traditionem,
1036 684 1113 764 quod
1126 683 1261 746 Jououas
1282 682 1480 748 annuncians

139 766 231 829 luerit
262 768 309 829 die
339 768 390 833 27.
415 767 611 849 Septembris.
658 770 893 833 Dissimularunt
923 774 1002 836 euim
1034 773 1202 836 dissensum
1234 772 1346 835 numeri
1376 769 1421 836 30
1448 772 1480 834 iu

136 854 338 936 Evangelistc
360 858 409 938 qui
431 856 487 919 hoc
511 858 776 938 deprehenderunt,
801 868 853 922 aut
875 859 952 924 sorte
976 864 1013 924 de
1037 881 1072 923 eo
1096 881 1153 924 non
1177 860 1355 942 cogitamnt.

225 947 310 1009 Haec
339 946 430 1021 ipitur
459 955 545 1009 erent
562 947 715 1030 ¹Dionysio
745 957 920 1028 arguments
943 971 962 1012 a
988 951 1125 1031 putribus
1156 959 1283 1030 accepta
1313 949 1480 1033 inquirendi
1539 985 1544 1000 ·

137 1034 208 1098 anui
231 1035 434 1117 conceptionis
456 1034 595 1100 Josunis.
642 1035 756 1108 Quodsi
783 1038 884 1120 itaque
906 1037 1041 1104 Joanues
1069 1039 1265 1103 annunciatus
1289 1046 1337 1102 est
1358 1039 1480 1102 Juliauo

136 1118 192 1187 db.
217 1121 396 1205 Septembri,
422 1122 562 1188 Christus
585 1126 783 1189 annunciatus
806 1136 838 1190 et
859 1139 1022 1209 conceptus
1046 1128 1135 1192 fuerit
1157 1147 1234 1191 euno
1258 1137 1402 1208 sequente
1426 1124 1479 1193 to.

136 1207 189 1277 25.
214 1213 329 1276 Martii.
374 1216 406 1278 Is
428 1232 498 1276 vero
522 1222 570 1276 est
597 1216 709 1294 primus
742 1235 831 1278 aerae
864 1218 1042 1294 hodiernae,
1073 1238 1161 1298 quam
1189 1236 1243 1279 nos
1267 1239 1285 1280 a
1307 1217 1480 1280 Nativitate

137 1299 297 1365 deductam
321 1304 410 1384 vulgo
432 1311 582 1383 potamos.
629 1306 735 1385 Itaque
765 1305 928 1390 scriptores
952 1305 1080 1381 Gallici,
1104 1307 1153 1387 qui
1176 1305 1352 1389 Dionysium
1375 1308 1481 1370 dextre

136 1391 358 1468 intellexeruut,
383 1411 450 1456 cum
468 1400 625 1456 numerant
648 1413 757 1457 annum
770 1395 990 1459 Iocamatioois
1005 1394 1219 1477 Dionysisuum
1236 1389 1312 1459 80i.
1336 1395 1482 1476 incipiunt

134 1480 219 1564 illum
247 1480 381 1544 etiams
408 1480 456 1545 dis
478 1482 707 1559 Incarustioois,
732 1505 750 1545 a
774 1481 825 1548 25.
851 1485 957 1548 Martii
983 1505 1038 1560 sc,
1068 1485 1132 1547 sive
1155 1493 1278 1566 propter
1300 1483 1440 1552 viciniam
1462 1504 1483 1570 ⁸.

133 1569 298 1645 Panchate,
332 1578 365 1633 et
395 1571 556 1635 terminent
588 1574 713 1636 eundem
745 1573 773 1635 io
804 1570 856 1637 24.
880 1574 985 1636 Martii
1016 1582 1087 1654 post
1118 1574 1234 1636 initium
1266 1573 1337 1638 anui
1366 1572 1481 1653 politici

133 1657 276 1732 Romani,
300 1678 386 1742 quem
410 1678 464 1723 nos
488 1661 576 1722 bodie
598 1680 693 1742 prava
720 1662 923 1725 intellectione
947 1683 1035 1726 cerae
1058 1663 1262 1746 Dionysisuae
1292 1681 1481 1726 numeramus

129 1747 202 1828 jam·
222 1745 297 1812 808.
322 1757 353 1811 et
375 1769 395 1812 a
416 1750 601 1825 Nativitate,
634 1751 759 1831 ideoque
792 1752 884 1815 etiam
907 1772 927 1815 a
951 1753 998 1815 die
1019 1752 1215 1829 Natiuitatis,
1236 1771 1290 1815 seu
1316 1751 1417 1832 potius
1441 1751 1481 1814 ob

134 1833 276 1900 viciniam
301 1837 379 1901 initii
407 1839 522 1919 politici
544 1839 673 1902 Romani
696 1861 715 1902 a
738 1841 786 1902 die
809 1840 1056 1904 circumcisionis·
1090 1841 1186 1904 Recte
1209 1841 1300 1922 igitur
1323 1841 1384 1903 istu
1406 1859 1481 1903 con·

129 1925 248 2006 junctio
272 1924 355 1989 Solis
378 1936 410 1992 et
430 1928 580 2002 Mercurii,
605 1949 681 2011 quae
708 1928 756 1992 17.
777 1930 881 1992 Martii
904 1930 1039 2011 contigit,
1063 1931 1217 2013 reponitur
1239 1937 1272 1992 et
1295 1951 1313 1991 a
1335 1930 1481 2010 scriptore

135 2011 228 2078 Gallo
260 2015 289 2079 iu
321 2017 408 2080 linem
439 2019 509 2080 anni
532 2015 607 2082 807.
641 2026 672 2080 et
695 2039 713 2080 a
735 2019 822 2082 nobis
855 2020 884 2081 in
917 2020 1045 2100 primum
1077 2019 1274 2102 quadrantem
1307 2018 1376 2081 anui
1404 2014 1480 2082 808.

135 2124 225 2168 aerae
247 2105 389 2185 vulgaris.

224 2194 388 2257 Provectus
417 2213 483 2257 sum
515 2193 635 2275 praeter
665 2203 795 2258 mentem
826 2197 856 2258 io
887 2196 1116 2280 chronologice,
1149 2203 1275 2259 ostensa
1306 2214 1398 2258 causa
1429 2214 1482 2258 cur

135 2283 225 2347 bodie
248 2303 341 2347 anuos
366 2282 481 2346 Christi
503 2285 659 2349 mutilatus
682 2284 846 2348 habeamus
870 2304 962 2366 opere
976 2286 1123 2370 Dionysii,
1147 2305 1213 2348 cum
1236 2293 1356 2347 veteres
1379 2284 1480 2346 eccle-
1525 2317 1528 2321 ·

134 2373 200 2436 siae
222 2372 384 2452 scriptores
408 2372 526 2437 biennio
549 2375 738 2438 maturiorem
763 2375 924 2438 exhibeant
948 2374 1062 2439 Christi
1086 2372 1297 2448 nativitatem,
1322 2392 1410 2455 quam
1432 2361 1482 2436 est

135 2469 228 2542 caput
250 2461 409 2525 hodiernae
433 2482 521 2526 aerae
553 2463 697 2545 vulgaris.
743 2464 779 2526 Id
804 2465 860 2527 feci
883 2473 970 2527 tauto
1000 2464 1157 2534 libentius,
1190 2464 1269 2545 quod
1297 2471 1368 2525 aute
1392 2461 1479 2525 bieu-

133 2551 217 2615 nium
245 2551 274 2614 io
303 2551 443 2615 Distribe
476 2550 696 2634 chronologica
728 2554 764 2615 de
791 2571 870 2616 auno
902 2553 1052 2616 Natalitio
1082 2553 1196 2619 Christi
1229 2569 1371 2624 causam,
1403 2570 1508 2638 quae,

133 2640 312 2723 Dionysium
334 2641 429 2704 nostri
452 2642 565 2705 numeri
589 2643 770 2730 copditorem
794 2642 956 2718 seduxerit,
981 2643 1079 2705 dicere
1102 2662 1161 2705 uon
1183 2638 1326 2721 potui.*)

223 2729 314 2793 Addo
337 2731 429 2811 igitur
442 2738 475 2792 et
488 2730 544 2793 hoc
567 2731 672 2807 obiter,
697 2731 840 2794 iuvidiam
859 2732 956 2794 creari
979 2732 1059 2794 dicto
1075 2752 1140 2795 meo
1159 2730 1265 2793 libello
1289 2728 1479 2792 auctoribus·

135 2839 193 2903 que
225 2838 300 2902 quos
332 2839 397 2881 sum
429 2828 551 2883 secutus
581 2841 635 2896 eo,
668 2821 745 2901 quod
777 2839 830 2900 pro
859 2819 1076 2901 Evangelistae
1111 2838 1233 2883 numero
1261 2815 1304 2882 30
1336 2836 1480 2881 suuorum

135 2908 249 2972 aetatis
273 2907 385 2972 Christi
407 2928 463 2970 uos
486 2910 622 2990 ponimus
645 2907 688 2974 32
711 2910 760 2973 vel
783 2907 841 2984 33,
869 2916 1049 2978 excusantes
1082 2909 1239 2974 rotundum
1261 2907 1479 2987 Evangelistse

135 3017 291 3062 numerum
312 3016 366 3078 per
397 2998 596 3079 adjectionem
625 2999 791 3083 particulae
823 2994 910 3062 dou:
943 2999 1046 3080 quasi
1077 3001 1125 3061 vel
1157 2997 1316 3060 circiter.
1362 2998 1408 3060 st
1430 2997 1481 3078 qui

135 3096 209 3151 auut
241 3086 292 3150 isti
323 3086 414 3166 iniqui
446 3090 610 3152 censores?
641 3087 788 3152 Nimirum
820 3089 860 3166 ii,
897 3090 946 3171 qui
968 3089 1186 3172 Dionysianam
1217 3086 1305 3150 hodie
1335 3086 1480 3149 usitatam

135 3197 240 3240 aeram
271 3183 453 3259 sequuntur3
485 3178 585 3257 itaque
619 3179 723 3240 eodem
754 3178 874 3242 crimine
907 3178 986 3259 quod
1012 3179 1041 3239 in
1074 3178 1159 3241 uobis
1189 3184 1333 3240 accusant
1360 3183 1392 3237 et
1420 3174 1479 3255 ipsi

134 3274 287 3330 tenentur.
332 3264 479 3329 Anximus
501 3286 556 3330 uos
577 3266 793 3347 Evangelistae
816 3267 992 3330 numerum?
1014 3267 1077 3350 Ipsi
1100 3267 1283 3340 mutilarunt,
1307 3272 1339 3328 et
1356 3284 1410 3346 pro
1435 3261 1479 3328 30

134 3358 272 3419 iecerunt
293 3352 346 3418 28.
393 3353 428 3417 Si
451 3356 529 3418 enim
553 3355 692 3419 Christus
715 3363 764 3417 est
785 3365 874 3419 uatus
897 3357 1119 3419 anuo.Joiieno
1142 3353 1196 3424 45.
1220 3353 1273 3420 25.
1289 3353 1478 3427 Decembris,

135 3455 218 3510 certe
241 3463 318 3506 enno
341 3442 462 3506 Juliauo
486 3442 537 3521 73,
562 3443 615 3508 25.
631 3445 805 3525 Decembris
828 3447 967 3508 currebat
989 3443 1038 3510 15.
1072 3444 1191 3519 Tiberii,
1218 3444 1295 3525 quod
1317 3451 1366 3507 est
1390 3450 1479 3505 extra

134 3532 378 3599 eoutmversism.
424 3534 514 3596 Auuo
546 3535 638 3615 igitur
669 3533 719 3599 15.
747 3534 858 3597 Tiberii
887 3534 1062 3598 Decembris
1085 3532 1137 3599 25.
1168 3532 1308 3597 Christus
1342 3531 1476 3611 comple-

133 3624 231 3688 visset
254 3641 348 3686 auuos
367 3620 420 3697 28,
445 3643 511 3687 cum
533 3624 569 3685 B.
589 3623 689 3685 Lucas
713 3642 749 3686 eo
772 3623 882 3686 Tiberii
905 3643 982 3686 anuo
1006 3623 1196 3687 tricenarium
1220 3620 1371 3685 exhibeat.
1407 3621 1475 3684 Its·

135 3732 192 3797 que
216 3713 243 3776 ei
267 3712 378 3774 nullum
410 3711 561 3795 hucusque
592 3712 741 3793 piaculum
773 3713 921 3776 commisit
952 3713 1081 3776 ecclesia
1111 3721 1143 3775 et
1174 3710 1363 3776 Christianus
1395 3710 1477 3773 orbis

134 3802 310 3873 universus,
341 3820 500 3865 numerans
529 3823 548 3864 a
574 3802 744 3866 Nativitste
777 3800 891 3867 christi
921 3804 1020 3888 minus
1051 3820 1139 3883 quam
1167 3803 1232 3864 'lert
1260 3799 1476 3880 Evangelistae

134 3910 288 3964 numerus,
320 3909 414 3972 neque
437 3911 492 3956 nos
514 3891 597 3974 impii
620 3890 713 3953 videri
745 3892 886 3956 debemus
909 3895 976 3972 plus
999 3899 1198 3955 numerantes.
1245 3888 1376 3953 Constat
1398 3887 1475 3951 enim
1544 3924 1547 3930 ·

134 3981 273 4062 utrinque
304 3997 426 4042 numero
448 3981 633 4063 Euangeliou
660 3981 787 4044 rotundo
811 3978 854 4045 30
876 4001 933 4044 sna
956 3981 1129 4057 auctoritas,
1159 3980 1274 4044 mnnita
1306 3978 1475 4068 adjectione

132 4068 299 4150 particulae
322 4064 403 4132 dosa.

222 4157 293 4220 Jam
315 4166 432 4239 tempus
455 4167 504 4222 est
526 4160 701 4224 utret'eram
715 4162 755 4238 id,
779 4160 862 4242 cujus
884 4177 978 4223 causa
993 4157 1180 4224 haecomnia
1202 4158 1345 4223 hactenus
1369 4155 1474 4236 dispu-

133 4255 202 4313 tsts
224 4254 304 4318 sunt,
326 4248 482 4312 nimirum:

439 4536 716 4612 Phaenomenon
742 4537 894 4611 coeleste
920 4535 1165 4611 lectissimum.

220 4699 381 4763 Attendite
399 4696 575 4762 Astrooomi
599 4703 631 4757 et
653 4704 686 4759 tu
707 4694 883 4780 Coryphaee
906 4695 1070 4757 Maestliue
1094 4715 1158 4758 cum
1188 4694 1387 4776 respondente
1410 4699 1472 4754 tuo.

131 4790 213 4854 Nam
236 4790 314 4869 quod
336 4788 407 4850 mihi
435 4786 575 4850 videbitis
608 4784 753 4866 obtigisse
787 4787 889 4857 hodie,
915 4785 981 4865 jam
1007 4804 1096 4865 porro
1128 4784 1216 4878 facile
1247 4782 1419 4847 concedetis
1442 4790 1475 4845 ct

131 4924 246 4934 ---

222 4986 247 5055 ‘l
270 4989 336 5044 cum
364 4989 467 5044 frontes
496 4986 660 5058 paginarum
690 4986 771 5042 titulo
802 4991 941 5050 carerent,
974 4983 1165 5056 typographus
1194 4980 1306 5052 proprio
1335 4981 1472 5037 erbihutu

131 5071 277 5146 Bylr'sm
297 5068 570 5179 scripsitnoeeasione
591 5076 682 5123 sumta
702 5069 739 5123 ab
759 5066 881 5124 exordio.
910 5066 997 5138 Atqui
1016 5066 1065 5121 rix
1084 5064 1165 5118 unica
1185 5064 1268 5208 epipop
1287 5068 1339 5119 est
