3692 5842
238 494 304 563 tm
660 495 1172 563 Umfflffimffl

240 682 272 736 ds
293 682 374 733 liano
396 682 533 744 tammum:
561 673 608 734 De
632 675 758 736 maculis
783 673 941 736 Solaribus
964 673 1131 736 assentitur
1153 672 1209 734 tibi
1233 672 1359 747 Marius,
1384 679 1489 734 cetera
1510 679 1583 734 vates

240 764 353 825 invisus
376 771 409 823 et
432 762 532 823 audax
555 771 587 823 et
608 763 677 841 plus
706 782 794 842 quam
822 772 1019 843 prognostes,
1048 772 1082 824 ut
1105 762 1225 843 quidem
1250 771 1282 823 et
1306 762 1429 824 fatetur.
1476 761 1586 823 Habeat

240 853 297 914 sibi
319 870 369 912 res
394 870 465 913 suae
489 853 624 922 seorsim,
648 871 685 911 ne
708 853 811 931 gravis
835 852 877 912 sit
900 853 1016 913 amicis.

329 948 414 998 Missis
437 949 541 999 taudem
564 948 603 998 bis
631 950 663 999 de
680 949 762 1000 Mario
780 950 1001 1013 disceptationibus
1018 949 1175 1013 proponimus
1192 947 1278 998 lectori
1297 948 1428 1013 matula·
1446 946 1544 1010 Koplssl
1560 945 1589 995 ad

242 1046 393 1092 anonymum
415 1031 533 1093 scriptam
551 1029 583 1079 de
600 1031 742 1079 inventione
753 1031 867 1079 tuborum
880 1032 1017 1094 optinorum
1028 1032 1159 1080 maritau's
1171 1030 1280 1094 plenam.
1318 1020 1490 1100 Epistulam
1502 1027 1587 1088 fuam,

240 1122 326 1171 mabit
342 1120 480 1184 Keptsrus.
498 1112 692 1172 festivissime
717 1112 906 1181 mortalium,
934 1112 1067 1191 quisquis
1095 1130 1147 1184 es,
1180 1129 1292 1190 magna
1318 1128 1388 1171 curn
1406 1106 1590 1188 jucunditate

242 1202 366 1282 perlegi.
399 1200 469 1261 Etsi
483 1200 561 1261 enim
577 1219 634 1261 non
658 1200 695 1260 iis
718 1200 884 1261 instructus
907 1219 973 1261 sum
996 1199 1103 1278 opibus
1129 1201 1268 1280 privatis,
1291 1208 1328 1260 ut
1340 1198 1475 1260 animam
1490 1206 1591 1275 agente

245 1294 316 1352 tisco
339 1289 473 1370 publico,
507 1310 527 1349 a
550 1308 607 1368 quo
631 1289 800 1368 dependeo‚
834 1287 937 1348 dolore
969 1307 1077 1349 vacare
1105 1291 1237 1367 possim,
1271 1296 1373 1349 tamen
1401 1293 1436 1347 ut
1463 1284 1590 1356 seniculi,

244 1381 294 1459 qui
308 1378 422 1440 Veneri
444 1397 498 1457 per
517 1386 649 1440 aetatem
672 1386 793 1437 strenue
818 1377 1001 1451 militarunt,
1034 1377 1171 1455 quamvis
1195 1376 1314 1440 emeriti
1336 1375 1473 1455 rudeque
1495 1371 1592 1435 donati

246 1469 284 1528 ad
308 1467 440 1528 subitum
463 1476 656 1544 conspectum
681 1465 844 1526 exorientis
866 1465 1035 1543 pulchellae
1067 1466 1260 1543 virgunculae
1293 1463 1443 1526 modicum
1465 1462 1592 1525 incales-

175 1631 178 1636 Ι
243 1565 316 1618 cunt
348 1575 403 1617 nec
427 1555 589 1633 tripudium
611 1555 813 1614 titubantibus
836 1555 972 1614 cruribus
995 1572 1136 1615 exercere
1169 1554 1321 1615 abnuunt:
1353 1552 1402 1613 sio
1433 1570 1493 1632 ego
1522 1569 1592 1631 quo-

243 1664 300 1725 que
324 1644 465 1705 diuturna
488 1643 656 1721 ingruentis
688 1643 805 1722 inopiae
838 1642 1054 1721 imaginatione
1086 1644 1206 1722 penitus
1238 1642 1414 1714 obsoletus,
1447 1650 1481 1703 et
1507 1639 1594 1702 ferias

243 1733 389 1813 quasdam
418 1755 437 1793 a
469 1732 577 1793 studiis
609 1750 722 1809 agens,
757 1730 933 1792 Saturnalia
964 1740 1038 1811 puta
1069 1732 1229 1793 deterioris
1256 1730 1440 1793 conditionis
1474 1728 1592 1811 (quippe

241 1821 438 1906 philosophis,
462 1840 560 1882 rerum
574 1819 711 1893 dominis,
736 1839 841 1882 servos
864 1821 903 1880 ad
926 1821 1053 1881 metalla
1075 1821 1235 1881 damnatos
1258 1820 1525 1893 observantibus),
1545 1819 1592 1878 rix

240 1912 363 1972 tandem
386 1911 425 1971 ad
449 1911 608 1971 lectionem
632 1909 785 1970 literarum
809 1917 926 1969 tuarum
951 1910 1051 1970 animo
1074 1910 1215 1982 reflorui,
1236 1910 1377 1990 consque
1400 1909 1439 1970 de
1463 1908 1592 1970 crastino

241 2001 281 2061 ad
303 2000 495 2079 perspicaces
517 1999 586 2060 illos
614 1998 764 2059 exercitus
788 1998 950 2075 relegatis,
986 1998 1036 2078 qui
1068 1998 1210 2060 sublimes
1233 1998 1349 2060 levibus
1372 1998 1487 2077 pennis
1508 1995 1591 2077 liqui·

243 2090 313 2150 dnm
336 2089 462 2150 aethera
484 2095 628 2161 tranant,
661 2086 700 2146 ad
732 2086 971 2164 respondendum
996 2095 1153 2167 tecumque
1172 2088 1336 2165 jocandum
1359 2087 1441 2148 serio
1466 2083 1590 2148 consedi

240 2178 321 2240 Nam
345 2177 447 2257 quidni
469 2186 567 2238 tecum
587 2177 691 2255 jocer:
716 2175 764 2254 qui
789 2177 839 2247 (ut
860 2176 944 2254 pueri
967 2177 1068 2237 solent
1080 2176 1237 2256 blyindam
1261 2176 1416 2250 ludentes)
1440 2175 1469 2237 si
1488 2184 1520 2237 te
1540 2191 1593 2235 uon

241 2268 341 2338 video,
365 2274 400 2327 at
422 2274 453 2326 te
475 2267 567 2345 palpo
586 2266 652 2344 jam
671 2265 794 2343 jamque
819 2264 932 2325 teneo?
965 2265 1086 2326 Titillas
1109 2265 1188 2325 enim
1206 2265 1401 2343 jucunditate
1424 2262 1593 2344 scriptionis

242 2355 358 2416 eminus
381 2354 535 2434 vestisque
560 2354 699 2415 laciniam
721 2352 851 2432 porrigis
874 2352 1063 2414 ambroseam
1087 2364 1120 2413 et
1150 2352 1268 2433 gratias
1291 2373 1393 2415 merae
1423 2354 1593 2433 spirantem,

245 2443 383 2505 acerrimi
414 2442 545 2521 ingenii,
578 2442 757 2521 prudentiae
786 2452 817 2502 et
845 2442 1055 2513 discretionis,
1089 2461 1178 2521 quam
1216 2442 1327 2504 odoror
1357 2462 1397 2503 ex
1430 2442 1594 2522 aptitudine

241 2534 395 2613 jocorum,
429 2551 467 2593 ex
499 2532 640 2593 dictionis
673 2531 950 2610 contemperatione
973 2531 1120 2602 oratoris,
1154 2550 1222 2592 cum
1250 2551 1298 2592 me
1330 2532 1490 2594 laudantis
1512 2539 1594 2611 gesta

244 2622 422 2700 redarguis3
454 2620 649 2682 humanitatis
682 2619 808 2680 eximiae
843 2638 880 2679 ex
910 2620 1070 2698 praeclara
1097 2620 1135 2680 de
1164 2639 1212 2681 me
1246 2620 1495 2693 existimatione3
1525 2620 1593 2680 doc·

245 2711 343 2772 trinae
367 2709 493 2789 denique
516 2708 690 2786 multiplicis
712 2727 750 2768 ex
773 2728 828 2769 usu
852 2709 1045 2770 terminomm
1069 2710 1350 2770 mathematicomm
1371 2710 1483 2770 dextro
1505 2725 1594 2788 eaque

245 2799 391 2861 orationis
415 2798 534 2860 flumine
558 2806 714 2869 tortuoso,
747 2797 826 2876 quod
855 2797 955 2857 varias
978 2798 1092 2877 passim
1115 2816 1205 2877 rupes
1228 2799 1410 2876 optimorum
1433 2806 1593 2868 auctorum.

244 2888 313 2950 hinc
335 2887 443 2960 Plinii,
467 2887 549 2948 illinc
571 2885 637 2947 Jos.
661 2884 827 2963 Scaligen,
852 2886 924 2947 alibi
947 2886 1072 2947 aliorum
1096 2887 1202 2960 alluit,
1226 2887 1356 2967 indeque
1379 2887 1488 2949 limam
1510 2886 1593 2949 ders⁸

244 2996 311 3038 snm
341 2976 371 3037 in
402 2975 548 3053 cespitem
579 2975 749 3058 oppositum
781 2975 878 3052 egerit
907 2976 1137 3036 amoenissimae
1160 2975 1416 3057 doctissimaeque
1448 2974 1594 3039 dicnmis

245 3065 307 3127 Sed
331 3074 361 3124 et
386 3064 458 3125 feris
480 3083 527 3124 me
551 3065 709 3123 adversum
733 3071 762 3123 te
785 3081 892 3141 prope,
917 3073 950 3124 et
973 3084 1019 3125 me
1042 3066 1235 3126 retroflexnm
1268 3074 1357 3145 teque
1391 3066 1595 3127 nominetenus

246 3155 464 3232 capturientem
492 3153 588 3233 (stylo
611 3172 649 3212 an
673 3156 776 3223 manu)
802 3153 971 3213 lubricitate
995 3153 1191 3213 membrorum
1216 3154 1357 3215 elaberis.
1394 3153 1424 3215 0
1452 3167 1485 3216 te
1508 3173 1594 3234 argu·

246 3253 318 3314 tum,
343 3242 392 3320 qni
416 3241 531 3315 laudes,
556 3260 630 3320 quas
647 3242 674 3301 in
695 3260 741 3301 me
760 3241 925 3319 profundis,
943 3242 1126 3302 adulationis
1146 3243 1318 3321 suspicione
1333 3243 1456 3323 penitus
1481 3245 1596 3313 liberas,

246 3331 316 3410 quia
338 3331 435 3410 ipsam
458 3330 550 3390 etiam
574 3330 693 3396 faciem,
717 3329 765 3389 cui
788 3339 890 3390 mutuo
915 3331 991 3390 bene
1015 3330 1084 3409 qnid
1109 3332 1171 3391 fieri
1194 3343 1309 3410 posset,
1333 3333 1444 3393 abesse
1460 3332 1595 3394 voluisti:

245 3419 494 3499 reprehensiones
525 3437 615 3491 vero,
650 3418 756 3497 quibus
789 3438 836 3479 me
868 3420 1085 3498 corripiendum
1118 3439 1243 3492 censes,
1278 3421 1307 3481 in
1338 3429 1408 3482 tuto
1430 3420 1595 3483 collocasti.

245 3511 334 3570 Anne
358 3518 388 3570 te
412 3519 535 3587 poetam
558 3508 667 3580 dicam,
691 3508 760 3585 quia
784 3521 815 3567 et
838 3508 948 3585 prodes
972 3517 1003 3568 et
1026 3509 1184 3569 delectas?
1221 3509 1438 3588 Philosophum
1463 3520 1547 3572 certe
1569 3519 1597 3570 te

246 3600 293 3659 vel
318 3599 385 3659 sola
408 3598 611 3658 inventionum
636 3596 829 3656 humanarum
854 3597 1014 3657 admiratio
1038 3616 1184 3676 superque
1208 3599 1349 3677 operibus
1373 3598 1431 3659 Dei
1456 3609 1600 3679 concepta

246 3688 428 3759 delectatio,
462 3686 603 3765 gaudium
634 3695 796 3763 stuporque
820 3686 968 3746 attonitus
992 3687 1162 3746 effecerunt.
1211 3683 1279 3756 Quo
1303 3688 1423 3748 nomine
1447 3690 1510 3751 etsi
1533 3687 1599 3749 mihi

248 3778 330 3837 lusus
354 3777 411 3836 iste
437 3776 627 3835 vehementer
654 3776 774 3852 placet,
807 3775 914 3852 quippe
948 3774 1055 3852 corrigi
1089 3796 1107 3833 a
1137 3775 1235 3836 doctis
1267 3776 1483 3854 expetibilius,
1518 3795 1602 3858 quam

249 3863 365 3924 laudari
388 3883 407 3923 a
429 3863 624 3941 promiscuis:
658 3861 728 3941 qnia
761 3873 861 3922 tamen
895 3862 1016 3922 ludendi
1046 3863 1230 3940 provinciam
1260 3865 1395 3945 suscepi,
1429 3885 1491 3930 non
1514 3884 1603 3946 aegre

247 3952 326 4013 feres
350 3951 483 4030 quisquis
507 3971 540 4011 es
563 3952 611 4030 qni
635 3952 691 4011 suh
714 3952 769 4011 hac
787 3970 917 4030 persona
943 3951 1031 4022 lates,
1056 3953 1135 4012 site
1160 3953 1452 4035 appropinquantem
1477 3956 1602 4035 plagas·

247 4059 304 4120 que
327 4040 514 4111 inferentem,
540 4039 589 4098 ubi
613 4048 716 4100 tenere
739 4059 862 4119 nequeo,
887 4051 1026 4118 protrusu
1041 4059 1256 4115 summoveam,
1283 4044 1411 4104 verbera
1434 4053 1490 4105 tua
1509 4044 1603 4106 dech-

247 4147 335 4202 nem,
368 4136 422 4188 aut
444 4129 554 4188 mutuis
577 4128 686 4188 ictibus
710 4130 830 4189 fortuna
852 4147 906 4207 per
930 4127 1071 4189 tenebras
1105 4129 1260 4209 aspirante
1283 4132 1443 4194 vindicem.
1495 4131 1604 4213 Incipis

247 4218 285 4278 ab
309 4216 454 4297 inopinati
477 4235 637 4278 successus
659 4218 892 4295 exaggeratione
915 4217 945 4278 iu
969 4237 1001 4278 re
1025 4219 1214 4296 specillaria:
1246 4239 1364 4300 oppono
1389 4240 1449 4296 me,
1475 4220 1606 4301 vestigia

247 4305 395 4384 Scaligeri
419 4325 567 4384 premens.
614 4303 690 4367 Cum
715 4307 873 4367 t'aruanus
906 4307 935 4367 in
968 4308 1144 4368 immensum
1174 4310 1336 4369 extulisset
1359 4311 1604 4391 typogrsphim,

247 4395 332 4455 velut
368 4395 407 4454 ab
443 4394 598 4472 inopinato
635 4412 794 4468 successu,
838 4395 975 4472 Scaliger
1013 4397 1136 4473 negavit
1176 4397 1327 4457 difficilem
1360 4411 1415 4459 aut
1450 4401 1606 4461 fortuitum

248 4483 407 4543 transitum
437 4483 606 4560 asigillis,
639 4501 714 4561 quae
746 4485 898 4544 veteribus
927 4485 1065 4563 cognita,
1099 4485 1137 4543 ad
1168 4497 1258 4564 typos
1290 4506 1412 4548 aeneos.
1466 4488 1520 4551 Sic
1550 4506 1606 4568 ego

248 4590 325 4632 nunc
353 4571 425 4631 nihil
454 4572 612 4632 admodum
641 4572 707 4631 novi
737 4572 889 4632 iumentum
919 4573 985 4633 dico
1009 4574 1037 4633 in
1063 4572 1143 4633 tubis
1173 4574 1355 4642 bilentibus.
1388 4596 1457 4639 cum
1493 4579 1522 4640 iu
1553 4597 1607 4639 usu

248 4661 359 4721 fuerint
382 4660 478 4720 lentes
502 4659 665 4737 simplices.
712 4659 813 4721 Etiam
837 4662 915 4740 quod
939 4662 1058 4738 objecta
1081 4662 1227 4723 coelestia
1250 4667 1379 4739 attinet,
1404 4685 1528 4746 semper
1550 4683 1605 4744 ego

248 4767 286 4808 ea
309 4767 367 4826 quo
391 4748 604 4807 astronomiam
632 4748 716 4818 colo,
751 4751 883 4827 specillis
918 4750 1063 4809 adhibitis
1092 4752 1194 4830 plures
1223 4754 1462 4833 minutioresque
1485 4767 1518 4816 et
1541 4756 1606 4815 dis·

249 4837 406 4895 tinctiorcs
430 4835 490 4895 vidi
515 4836 620 4895 stellas
644 4837 796 4915 ipsamque
822 4838 925 4897 Lunae
951 4840 1057 4899 faciem
1082 4840 1110 4900 in
1135 4841 1303 4902 defectibus
1333 4844 1501 4922 praecipue
1533 4843 1605 4904 niti·

250 4922 373 4984 diorum.
419 4921 498 4984 h'am
522 4923 601 5003 quod
623 4942 780 4985 assensum
804 4944 899 4987 meum
919 4937 989 4986 ante
1015 4929 1088 4989 baec
1113 4940 1249 5009 tempora
1274 4930 1406 5007 cohibui,
1431 4950 1542 4994 vereor
1564 4941 1605 5004 ot,

250 5029 311 5090 qua
331 5010 362 5072 ia
385 5027 418 5072 rs
441 5009 666 5085 illumeobibu'a
691 5012 723 5073 id
744 5031 782 5073 ne
805 5032 882 5074 nunc
904 5016 1023 5093 quidem
1047 5018 1162 5078 frustra
1182 5018 1236 5081 sit
1271 5019 1340 5082 Hoc
1358 5019 1606 5102 enimwopone·
