3692 5842
304 467 368 536 382
795 470 969 521 Διιιοιιοιιιιιο
987 469 1049 522 Pars
1067 469 1165 535 Optlca

302 648 380 710 enim
404 646 531 708 visibilis
554 646 605 707 via
619 646 723 706 Lunae
747 645 846 724 duplo,
871 646 971 725 triplo,
997 646 1163 725 quadruplo
1177 652 1226 707 est
1248 643 1450 726 obliquiorad
1473 644 1651 725 eclipticam,

303 756 395 819 quare
420 736 511 798 etiam
533 735 705 796 obscuratio
730 735 861 796 maxima
884 736 921 796 ab
946 735 1072 796 articulo
1096 734 1223 796 visibilis
1251 733 1472 812 conjunctionis
1496 735 1653 798 secundun

304 826 519 906 longitudinem
543 824 643 886 differt
662 824 798 903 amplius,
823 832 856 884 et
879 833 1017 903 tempora
1046 824 1199 901 ingressus
1223 832 1255 884 et
1282 824 1459 885 emersionis
1493 823 1652 886 variantur.

390 917 551 993 Apponam
582 921 682 974 autem
706 913 753 974 hic
784 914 1019 991 experimentum
1043 931 1080 971 ex
1108 911 1369 973 observationibus
1392 911 1548 987 walteri,
1582 915 1652 992 quod

301 1023 348 1065 me
372 1003 540 1065 diutissimo
571 1002 759 1064 aberrantem
784 1002 812 1061 in
836 1001 914 1062 viam
944 1001 1065 1062 tandem
1098 1000 1237 1074 reduxit;
1270 1000 1321 1062 nbi
1348 1000 1483 1079 quadiu
1512 1002 1651 1080 conjunc·

301 1092 432 1155 tionibus
457 1093 543 1170 inque
567 1090 653 1152 nodis
677 1090 740 1151 fieri
764 1090 904 1164 mirabar,
930 1091 1007 1151 idem
1032 1098 1165 1170 tempore
1189 1089 1432 1162 intermenstruo,
1455 1089 1549 1151 Luna
1571 1090 1650 1152 diari-

302 1182 386 1243 diata
410 1176 471 1244 37⁰
493 1201 511 1240 a
535 1180 611 1241 nodo
636 1187 759 1251 remota,
785 1179 880 1240 visum
905 1178 1065 1258 aliquando
1090 1178 1190 1241 didici.

391 1269 498 1329 Refert
522 1286 593 1347 ergo
616 1267 809 1330 Bernhardus
829 1268 1014 1340 waltherus,
1039 1286 1117 1329 anno
1141 1262 1233 1332 1482.
1258 1267 1306 1329 die
1333 1263 1382 1329 tt.
1396 1264 1539 1329 Jannarii
1563 1284 1650 1340 mane,

302 1357 382 1420 horis
414 1358 529 1418 duabus
553 1376 618 1418 cum
649 1356 773 1417 dimidia
802 1364 872 1418 ante
896 1355 977 1419 Solis
1009 1364 1106 1418 ortum
1138 1358 1235 1418 visam
1257 1355 1315 1417 sibi
1347 1373 1417 1416 esse
1446 1355 1569 1417 Lunam
1596 1356 1650 1432 jau

301 1447 513 1527 propemodum
546 1446 690 1507 bisectam
723 1445 761 1506 ad
786 1443 948 1507 Saturnum
979 1446 1118 1519 advolvi,
1152 1463 1238 1525 quem
1270 1453 1303 1506 et
1333 1453 1444 1522 postea
1476 1462 1546 1505 cnm
1579 1444 1651 1505 circs

302 1536 496 1598 meridianum
519 1543 692 1595 versaretur
715 1533 835 1595 texerit.
881 1534 1052 1613 Descriptio
1076 1533 1120 1595 sic
1143 1534 1245 1596 habet.
1291 1544 1360 1597 cnm
1391 1543 1475 1597 Luna
1509 1543 1650 1597 urentis

301 1628 401 1681 ultima
428 1626 599 1696 quadratura
620 1631 670 1678 aut
697 1624 784 1687 circa,
812 1624 909 1695 utique
939 1624 1085 1679 deficiebat
1104 1642 1142 1678 ex
1169 1628 1251 1693 parte
1281 1623 1439 1677 occidentis.
1481 1624 1522 1677 Et
1552 1624 1650 1693 quande

302 1707 390 1776 primo
411 1705 580 1767 intuebatur,
602 1704 730 1757 videlicet
750 1704 823 1758 circa
844 1702 896 1772 2¹l,
921 1706 1004 1758 horas
1030 1712 1096 1759 ante
1121 1709 1211 1757 ortum
1231 1703 1317 1769 Solis,
1346 1704 1441 1758 fuerat
1459 1708 1476 1772 t
1497 1703 1650 1757 orientaliur

302 1794 331 1841 et
351 1793 382 1839 ut
403 1785 534 1856 apparuit
553 1784 757 1839 meridionalior
777 1785 871 1848 Luna,
894 1786 1000 1839 distans
1020 1802 1071 1855 per
1091 1786 1160 1837 duas
1180 1785 1284 1838 Lunas.
1324 1784 1430 1838 Postea
1447 1782 1649 1837 intervenerant

302 1867 397 1928 nubes,
420 1868 490 1936 quod
515 1864 677 1934 principium
705 1881 817 1917 cernere
839 1883 892 1918 non
914 1864 1000 1935 potui.
1041 1863 1166 1919 Judicari
1188 1870 1281 1918 autem
1301 1881 1351 1935 pro
1372 1869 1464 1927 certo,
1487 1864 1561 1934 quod
1581 1863 1649 1917 Iuni

302 1962 386 2000 cornu
408 1946 524 1999 australi
547 1944 757 2014 apprehensura
777 1952 839 1998 erat
853 1945 1010 1999 Saturnum.
1039 1944 1108 1998 Post
1121 1946 1192 2015 quod
1214 1950 1308 1999 autern
1328 1942 1487 1997 revideham
1501 1942 1648 2002 Saturnum

301 2025 426 2080 distabat
446 2025 474 2078 in
495 2024 629 2079 diametro
650 2027 686 2078 ad
707 2026 773 2077 duos
795 2024 897 2095 digitos
919 2025 963 2077 rel
985 2023 1055 2079 citra
1075 2041 1093 2079 a
1114 2041 1195 2078 cornu
1218 2022 1449 2095 septentrionali:
1472 2030 1504 2076 et
1522 2029 1581 2077 tum
1602 2024 1648 2074 rice

300 2121 384 2159 uersa
405 2121 542 2175 apparere
570 2104 722 2175 reincepit:
753 2105 907 2158 transivere
932 2104 993 2173 jam
1022 2104 1137 2158 medium
1163 2104 1241 2158 coeli.
1283 2104 1324 2158 Eo
1345 2119 1410 2157 vero
1440 2109 1570 2173 tempore
1591 2104 1648 2175 quod

302 2187 418 2241 medium
439 2186 523 2255 hujus
545 2185 679 2254 eclipseos
697 2183 830 2253 judicari,
853 2186 947 2256 accepi
969 2184 1142 2239 altitudinem
1162 2184 1260 2239 Lunae
1282 2184 1388 2239 sercin
1410 2183 1487 2238 linea
1508 2183 1648 2238 meridiana

302 2265 459 2329 existentis,
482 2272 512 2319 et
531 2265 621 2336 reperi
643 2263 703 2320 32⁰.

389 2348 419 2399 ld
441 2347 511 2417 qnod
533 2361 619 2414 supra
638 2345 727 2413 posui,
749 2345 879 2399 videlicet
898 2347 1006 2400 Lunam
1032 2346 1119 2415 primo
1140 2346 1287 2401 Saturnum
1315 2345 1558 2415 apprehensuram
1579 2360 1647 2398 sorar

301 2426 435 2491 australi,
467 2443 532 2479 non
562 2426 708 2479 videtur
734 2426 928 2495 possibile,
959 2427 1228 2481 considerando
1249 2426 1335 2481 riam
1355 2427 1490 2480 Lunae.
1535 2426 1648 2481 Sedbur

302 2507 410 2576 quidem
432 2506 574 2561 evidenter
594 2506 735 2576 apparuit,
755 2504 905 2561 Saturnum
917 2506 946 2560 in
967 2508 1100 2562 diametro
1113 2508 1210 2561 Lunae
1231 2522 1250 2560 a
1270 2522 1353 2560 cornu
1374 2506 1593 2576 septentrionali
1609 2520 1648 2575 pet

301 2597 369 2648 duos
389 2596 492 2667 digitos
514 2604 563 2650 aut
583 2595 657 2649 cirea
682 2594 882 2660 distitisse.¹¹²)
919 2585 1037 2664 Dignus
1056 2593 1154 2647 estet
1177 2594 1283 2648 auctor
1305 2585 1405 2647 clarus
1429 2592 1463 2645 et
1486 2584 1647 2647 observatio

302 2674 432 2752 diligens
453 2684 485 2735 et
506 2675 661 2754 imprimis,
686 2673 771 2753 cujus
794 2692 888 2735 causa
912 2675 989 2736 hanc
1013 2673 1197 2748 adducimus,
1223 2682 1257 2735 ut
1279 2693 1338 2735 non
1359 2674 1458 2736 minus
1485 2672 1646 2752 diligentis

300 2763 331 2824 in
355 2782 393 2824 ea
415 2763 609 2842 ponderanda
632 2762 839 2825 adhibeamus.

390 2849 440 2914 Sit
471 2872 543 2932 ergo
576 2853 724 2915 diameter
753 2853 857 2913 Lunae
891 2870 944 2911 seu
977 2850 1071 2913 sectio
1107 2850 1249 2913 dirimens
1286 2858 1402 2929 partem
1435 2851 1590 2914 lucentem
1616 2847 1646 2910 ab

282 2994 289 3012 ,,
434 2986 460 3033 f.
509 2985 558 3033 127
700 2940 827 3003 obscura
851 2940 918 3006 AL,
944 2948 977 3001 et
999 2940 1039 3001 sit
1063 2941 1088 3002 E
1112 2959 1183 3019 pars
1208 2938 1350 3002 deficiens
1374 2939 1404 3000 in
1432 2950 1540 3019 partes
1564 2938 1644 3017 solip

235 3019 303 3090 ὓ
453 3001 487 3050 '⁸'
562 3021 567 3033 ’
598 3093 611 3126 ι
702 3030 780 3091 tiene
805 3032 873 3100 (seu
898 3029 1000 3091 circuli
1024 3029 1145 3090 maximi
1169 3048 1222 3108 per
1238 3026 1340 3091 Solem
1364 3039 1396 3089 et
1419 3029 1555 3102 Lunam)
1579 3026 1643 3088 oeci·

701 3119 848 3191 dentales,
864 3118 891 3179 D
907 3118 935 3178 in
955 3128 1058 3198 partes
1074 3119 1236 3180 orientales
1256 3137 1361 3179 versus
1378 3116 1493 3180 Solem.
1527 3119 1647 3180 Ducatur

661 3230 676 3269 ι
701 3208 758 3287 ipsi
782 3207 839 3269 LA
864 3208 902 3268 ad
928 3216 1026 3268 rectos
1050 3208 1129 3269 linea
1148 3206 1205 3269 Ac
1230 3208 1408 3285 contingens
1433 3207 1553 3268 Lunam
1576 3208 1645 3268 inA.

315 3313 326 3345 ¹
701 3294 777 3358 Cum
802 3316 873 3374 ergo
897 3297 984 3357 Luna
1008 3297 1096 3375 paulo
1120 3297 1187 3376 plus
1216 3298 1383 3375 quadrante
1415 3296 1511 3359 distet
1535 3319 1554 3357 a
1578 3294 1645 3357 Solu.

699 3385 826 3448 circulus
860 3405 932 3463 ergo
963 3403 1090 3463 magnus
1121 3405 1174 3465 per
1202 3386 1261 3447 AL
1293 3385 1487 3447 continuatus
1520 3382 1647 3446 transibit

698 3492 751 3552 per
783 3475 868 3553 polos
893 3486 924 3534 et
957 3474 1115 3554 eclipticas
1139 3483 1169 3535 et
1199 3474 1302 3537 circuli
1336 3475 1437 3552 magni
1473 3493 1527 3554 per
1558 3485 1648 3537 centra

301 3556 441 3616 luminum
466 3557 546 3622 ducti
572 3565 746 3644 secabitque
771 3574 928 3643 utrumque
953 3563 991 3624 ad
1016 3573 1125 3626 rectos.
1163 3564 1205 3625 Et
1228 3562 1344 3625 illorum
1370 3563 1551 3626 circulorum
1575 3579 1649 3624 urus

300 3643 380 3705 circa
404 3644 480 3709 hunc
513 3652 690 3729 quadrantis
724 3654 819 3714 loeuru
844 3661 932 3713 eruut
964 3652 1176 3731 propemodum
1204 3652 1362 3732 paralleli;
1396 3663 1484 3713 secat
1507 3671 1581 3713 vero
1602 3649 1650 3713 AL

299 3742 332 3793 et
356 3733 465 3795 lineam
488 3737 544 3800 Ac
570 3742 607 3801 ad
631 3753 741 3806 rectos.
789 3742 868 3820 Ergo
888 3738 945 3804 AC
971 3750 1002 3801 et
1025 3741 1182 3819 eclipticas
1207 3751 1238 3802 et
1262 3742 1372 3803 circulo
1397 3760 1452 3821 per
1477 3742 1592 3802 lumina
1611 3748 1650 3799 est

301 3822 518 3922 quodammodo
543 3832 717 3908 paralleloe.
764 3830 834 3892 Fiat
856 3828 912 3893 AC
939 3830 1029 3909 dupla
1053 3830 1090 3890 ad
1115 3830 1187 3902 AL,
1220 3831 1382 3892 secundum
1406 3832 1487 3909 quod
1510 3829 1650 3892 Saturnus

300 3910 338 3970 ab
364 3912 448 3971 initio
472 3915 554 3976 visus
579 3929 627 3980 est
659 3922 774 3983 duabus
798 3919 891 3980 Lunis
926 3919 1033 3979 abesse
1058 3940 1077 3980 a
1100 3919 1204 3991 Luna,
1230 3928 1262 3980 et
1286 3921 1314 3981 in
1340 3918 1365 3981 C
1390 3929 1548 3981 statuatur
1571 3917 1651 3981 stella

300 3996 435 4074 Saturni,
462 4022 537 4083 quae
562 4006 617 4068 hoc
641 4010 701 4071 situ
725 3999 947 4070 meridionalior
971 4028 1042 4068 sane
1074 4008 1223 4070 videbitur
1246 4008 1332 4070 Luna
1357 4009 1385 4070 iu
1410 4001 1581 4088 AL'(quia
1604 4002 1650 4070 Ac

300 4098 349 4150 est
375 4090 531 4169 eclipticae
555 4098 733 4172 parallelos)
754 4106 785 4158 et
807 4098 926 4158 omniuo
942 4097 970 4158 in
992 4096 1051 4157 situ
1076 4098 1140 4169 tali,
1161 4106 1193 4158 ut
1212 4097 1240 4157 si
1255 4097 1359 4159 Lunae
1385 4108 1523 4160 centrum
1548 4098 1651 4159 directe

233 4213 244 4230 ι
300 4198 404 4240 versus
428 4180 455 4241 D
480 4181 517 4241 ad
542 4180 644 4246 Solem
670 4188 838 4259 accederet,
862 4204 952 4246 cornu
978 4186 1043 4263 ejus
1067 4186 1095 4246 Α
1120 4185 1284 4248 Saturnum
1309 4187 1337 4248 iu
1364 4184 1388 4249 C
1413 4187 1553 4265 praecise
1578 4204 1649 4247 com·

299 4269 514 4346 prehensurum
548 4273 697 4337 videatur.
744 4274 813 4335 Jam
847 4276 964 4354 quaudo
989 4273 1138 4335 Saturnus
1169 4274 1224 4335 fuit
1256 4284 1407 4347 retectus,
1441 4277 1512 4356 qnia
1539 4285 1607 4337 tune
1627 4273 1650 4333 iu

300 4357 446 4418 diametro
477 4359 581 4422 Lunae
613 4364 729 4425 duobus
761 4363 864 4441 digitis
895 4362 1001 4424 abesse
1035 4365 1117 4423 risus
1156 4364 1212 4425 fuit
1243 4385 1262 4425 a
1292 4383 1383 4425 cornu
1417 4362 1648 4444 septentrionali.

300 4445 450 4506 dividatur
473 4448 531 4508 AL
555 4450 719 4515 diametros
743 4455 771 4514 in
797 4461 897 4530 partes
923 4450 952 4523 u,
978 4450 1076 4530 sitque
1100 4461 1189 4513 sexta
1213 4453 1258 4513 vel
1279 4450 1299 4514 2
1324 4453 1412 4533 digiti
1431 4454 1485 4515 LF
1509 4465 1543 4514 et
1565 4472 1615 4533 per
1629 4449 1649 4511 f

299 4544 382 4595 recta
406 4535 443 4594 ad
469 4548 567 4599 rectos
593 4541 647 4619 ipsi
673 4541 730 4602 La
754 4543 893 4613 ducatur,
926 4559 1033 4602 secans
1061 4541 1331 4604 circumferentium
1356 4543 1385 4603 in
1411 4540 1456 4616 G,
1483 4543 1522 4616 ll,
1548 4550 1579 4604 et
1602 4538 1647 4617 ipsi

301 4620 359 4684 Gll
384 4625 519 4702 aequatis
544 4628 572 4688 in
598 4629 653 4690 AC
679 4649 764 4710 porro
789 4631 978 4702 extendatur,
1004 4649 1078 4708 quae
1103 4631 1144 4691 sit
1164 4630 1214 4703 Cl,
1231 4644 1263 4691 et
1282 4651 1335 4710 per
1354 4630 1421 4706 C,l
1445 4642 1561 4710 puncta
1582 4629 1647 4693 erri-

300 4712 388 4772 barm
412 4712 533 4774 schema
557 4736 608 4777 seu
634 4719 761 4780 circulus
785 4720 897 4780 Lunae.
947 4717 1022 4780 Cum
1046 4720 1124 4780 enim
1144 4719 1232 4781 Luna
1256 4732 1289 4781 ut
1312 4722 1394 4800 prius
1419 4721 1447 4781 iu
1474 4722 1646 4800 quadratura

300 4810 443 4872 versetur,
468 4802 605 4866 diametri
631 4827 683 4869 seu
707 4808 825 4870 termini
851 4808 1015 4868 luminosae
1044 4808 1140 4887 partis
1164 4809 1194 4870 in
1218 4816 1343 4889 utroque
1372 4808 1529 4871 schemate
1553 4825 1645 4872 mant·

301 4888 372 4948 bunt
402 4891 537 4965 proxime
562 4897 709 4972 paralleli,
734 4907 765 4958 et
788 4898 883 4956 eidem
909 4895 966 4957 CA
990 4898 1027 4956 ad
1058 4907 1157 4959 rectos
1190 4907 1286 4960 erunt.
1334 4898 1376 4960 Et
1399 4900 1444 4961 sic
1476 4897 1644 4980 geometrice

300 4974 451 5038 delineata
474 4981 532 5041 erit
555 4983 629 5045 haec
656 4987 804 5047 ll'altheri
828 4987 1012 5046 observatio.
