3692 5842
742 483 825 549 capa
844 483 933 535 xxvr.
1098 506 1100 509 v
1447 487 1513 557 709

161 669 196 723 et
208 661 319 724 Martis
344 661 459 735 recidit,
484 669 517 724 et
531 662 614 722 Mars
633 661 730 723 medio
749 670 831 724 mutu
855 661 1057 740 superioribus
1081 662 1248 741 conjunctis
1267 682 1357 745 quarn
1378 669 1513 747 proxime

160 750 325 814 coincidit:
358 752 425 833 ipsa
454 761 554 813 tamen
583 769 664 813 vera
685 751 856 830 conjunctio
880 750 1004 812 Saturni
1027 761 1059 812 et
1080 750 1167 813 Jovis
1198 753 1375 834 anticipavit
1406 758 1512 834 locum,

160 848 197 901 nt
219 846 252 900 et
273 841 328 902 illa
351 850 473 903 nostrae
497 837 608 902 aetatis
633 859 710 901 anno
738 837 833 910 1583,
858 859 934 919 quae
957 839 1002 901 illi
1026 839 1150 902 similior
1173 850 1221 903 est
1244 862 1332 923 qnam
1360 854 1514 926 postrema

161 930 234 990 suni
263 925 357 994 1603.
404 931 492 992 Anno
516 928 608 1009 igitur
631 925 683 992 39.
707 927 828 991 Juliano
852 930 907 989 snb
932 927 1028 1014 ipsam
1057 948 1197 1009 inagnam
1226 932 1465 1010 cunjunctionem
1486 935 1513 999 si

161 1018 255 1079 stella
278 1018 331 1080 illa
353 1040 413 1081 nna
435 1027 566 1081 ortaest
584 1027 615 1080 et
633 1017 743 1098 inipso
768 1018 887 1099 quidem
909 1017 1126 1097 conjunctionis
1150 1020 1216 1082 loco
1239 1022 1332 1101 (qnod
1356 1025 1513 1088 credamus

159 1106 296 1181 interim)
320 1109 446 1188 primum
461 1108 563 1170 fulsit:
588 1107 689 1187 ntique
705 1106 876 1169 Chaldaeos
891 1125 928 1168 ex
947 1107 1077 1187 ipsorum
1096 1110 1208 1188 regulis
1226 1110 1372 1191 hodieque
1387 1123 1513 1177 exstan-

159 1196 244 1257 tibus
266 1198 304 1258 de
328 1197 465 1259 maximis
495 1198 584 1258 rebus
614 1207 647 1257 et
673 1197 767 1259 totins
795 1196 896 1258 mnndi
928 1197 1122 1257 renovatione
1155 1199 1317 1262 universali
1350 1203 1512 1267 admonuit

160 1284 267 1346 Abest
288 1284 353 1365 jam
375 1285 525 1348 biennium
552 1286 638 1359 illud,
665 1305 772 1366 aquo¹
787 1294 922 1366 tempore
946 1285 1083 1346 Herodes
1113 1286 1244 1349 inientes
1268 1289 1514 1354 Bethleemiticos

161 1374 345 1453 conquisivit
366 1375 404 1436 ad
429 1393 540 1449 necem,
565 1385 730 1454 exactoque
754 1375 873 1437 biennio
896 1374 1020 1436 veniant
1041 1374 1125 1455 Magi
1149 1375 1341 1439 inJudaeam
1365 1381 1403 1444 ad
1427 1382 1512 1443 iucu-

159 1462 273 1524 nabula
296 1462 420 1527 Christi.
466 1464 588 1526 Fuisset
611 1463 701 1544 igitur
724 1463 755 1525 id
778 1483 855 1524 anno
878 1461 931 1527 lt.
955 1462 1088 1524 Juliauo.
1134 1465 1149 1526 Ι
1173 1484 1251 1527 nuuc
1274 1475 1305 1529 et
1328 1468 1410 1548 lege,
1436 1489 1512 1550 qnae

159 1552 200 1613 de
223 1552 342 1614 ratione
363 1565 529 1633 temporum
552 1552 775 1615 Laurentius
798 1551 966 1634 Snslyga
996 1553 1159 1616 Polonus
1186 1555 1365 1636 disputavit,
1391 1556 1512 1622 Graecii

158 1639 284 1723 Styriae
308 1643 400 1717 edita,
417 1640 459 1716 ⁸¹)
489 1642 674 1722 argumentis
697 1661 735 1703 ex
757 1642 949 1704 historiamm
975 1642 1034 1702 fide
1066 1643 1328 1721 ponderosissimis
1356 1647 1431 1720 (etsi
1454 1666 1512 1728 quo

160 1731 228 1792 loco
252 1731 288 1793 de
316 1733 469 1811 passionis
498 1751 575 1796 anuo
606 1732 803 1795 disserentem
836 1732 911 1810 legit
934 1730 1105 1810 Kepplerus
1137 1741 1346 1809 astronomus,
1380 1737 1513 1816 projecto

157 1820 238 1882 libro
261 1820 436 1901 calamoque
461 1820 735 1883 stomachabundus
760 1839 827 1881 sese
850 1819 997 1899 proripuit
1020 1821 1057 1881 de
1081 1820 1219 1895 tabula):
1244 1841 1407 1903 persuasus
1431 1826 1514 1887 dices
1571 1890 1574 1898 ,

157 1909 296 1978 omuino,
329 1908 483 1972 Christum
510 1910 668 1972 Dominum
700 1918 803 1969 natum
836 1928 904 1969 esse
937 1927 1015 1969 auno
1045 1928 1102 1969 non
1130 1906 1184 1973 45.
1218 1912 1272 1972 sed
1295 1908 1347 1975 lt.
1370 1912 1512 1977 Juliauo:

157 1998 263 2080 itaque
287 2000 422 2072 stellam,
452 2018 528 2079 qnae
551 1998 670 2060 biennio
694 2006 764 2059 ante
788 1997 903 2076 fulgere
927 2005 1082 2076 coeperat,
1117 1998 1276 2062 incurrisse
1300 2001 1330 2063 in
1354 2003 1513 2065 articulum

160 2086 381 2165 conjunctionis
414 2088 561 2149 maximae
594 2083 733 2161 Saturni,
765 2086 854 2149 Jovis
887 2096 919 2147 et
950 2086 1062 2149 Martis
1094 2106 1172 2149 anno
1197 2085 1249 2153 39.
1279 2089 1421 2154 Juliauo:
1456 2109 1513 2172 quo

159 2177 280 2260 nomine
305 2177 403 2251 inerit,
428 2177 471 2238 uti
496 2177 619 2248 dictum,
642 2176 710 2237 huic
729 2176 890 2238 modernae
914 2175 1074 2237 simillima.
1113 2175 1252 2258 Cumque
1271 2178 1414 2242 divinitus
1438 2182 1513 2244 baec

159 2265 254 2327 stella
276 2265 377 2344 Magis
401 2267 492 2328 suerit
521 2265 671 2340 exhibita,
691 2266 791 2326 ¹fidem
815 2265 891 2326 facit
913 2264 1020 2343 igitur,
1043 2266 1140 2327 Deum
1163 2266 1260 2345 ipsum
1283 2267 1331 2330 his
1355 2269 1513 2349 Magomm

158 2355 275 2433 regulis
299 2375 366 2417 sese
389 2356 538 2434 tantisper
561 2355 815 2429 accommodasse,
839 2361 874 2415 nt
891 2355 1013 2415 stellam
1035 2373 1069 2415 eo
1089 2363 1225 2435 tempore
1248 2357 1430 2434 incenderet,
1456 2377 1514 2439 qno

158 2452 296 2525 tempore
319 2445 403 2524 Magi
433 2446 553 2506 stellam
582 2444 772 2524 potissimum
801 2444 1020 2523 exspectabant
1028 2462 1037 2517 ;
1071 2443 1172 2505 forsan
1201 2445 1309 2520 etiam,
1341 2448 1419 2528 quod
1443 2456 1514 2509 aute

159 2532 291 2606 dictum,
317 2553 352 2595 eo
378 2535 442 2596 loco
466 2534 644 2607 collocaret,
673 2533 712 2594 ad
736 2552 823 2613 quem
848 2533 946 2594 locum
979 2533 1169 2613 potissimum
1191 2534 1349 2614 Magorum
1372 2537 1452 2599 oculi
1475 2537 1514 2599 ob

157 2622 271 2683 trinum
300 2622 492 2703 planetarum
519 2641 713 2703 congressum
746 2621 969 2702 dirigebantur3
1003 2622 1082 2702 qnod
1105 2620 1135 2684 in
1159 2624 1216 2686 hac
1240 2632 1345 2687 nostra
1371 2626 1514 2689 moderna

157 2712 254 2773 stella
276 2710 382 2773 itidem
406 2713 529 2773 lactum.

250 2799 489 2863 Accommodant
511 2821 580 2862 sese
602 2799 670 2861 huic
703 2798 871 2861 sententiae
896 2797 957 2859 alia
987 2798 1078 2861 etiam
1102 2819 1140 2863 ex
1166 2801 1307 2880 penitiori
1338 2802 1511 2881 theologia:

157 2897 195 2951 nt
217 2890 297 2971 quod
320 2891 404 2952 Deus
428 2909 481 2969 per
500 2881 675 2970 ¹prophetas
705 2908 771 2950 cum
800 2887 970 2950 hominibus
999 2888 1128 2968 loquitur
1151 2891 1302 2953 derebus
1325 2891 1513 2954 naturalibus

158 2980 253 3040 etde
277 2981 393 3042 artibus
420 2980 479 3052 ita,
507 2981 550 3042 uti
580 2978 716 3039 homines
739 2979 784 3040 illi
807 2977 945 3056 capiunt,
971 2977 1047 3056 qnod
1071 2979 1101 3041 in
1126 2979 1201 3041 libro
1223 2979 1305 3053 lobi,
1329 2981 1459 3042 Psalmis
1482 2988 1514 3042 et

158 3062 323 3149 Prophetis
348 3078 492 3149 apparet:
517 3068 595 3149 quod
619 3076 742 3128 sanctus
757 3066 887 3147 Spiritus
909 3085 967 3126 uon
992 3085 1071 3128 nova
1086 3075 1117 3128 et
1132 3068 1267 3141 coelesti,
1290 3070 1344 3131 sed
1358 3070 1511 3132 nationum

157 3156 269 3237 linguis
294 3157 461 3219 doctrinam
488 3158 597 3220 salutis
624 3158 781 3235 proposuit
812 3174 973 3233 eammque
1002 3156 1173 3234 cognitione
1196 3158 1363 3237 Apostolos
1386 3158 1511 3221 imbuit:

159 3247 239 3325 quod
263 3247 346 3309 Deus
370 3247 556 3308 Petriarchis
584 3247 715 3307 humana
746 3244 935 3326 potissimum
964 3244 1061 3305 forma
1094 3248 1250 3325 apparuit:
1284 3247 1410 3327 denique
1434 3247 1512 3327 quod

157 3331 219 3397 Dei
241 3336 336 3399 Filius
360 3336 458 3416 ipsam
485 3336 563 3396 hanc
596 3343 733 3396 naturam
765 3341 898 3395 nostram
932 3341 1028 3394 totam
1052 3341 1085 3394 et
1105 3335 1255 3412 integram
1279 3355 1345 3397 cnm
1375 3336 1511 3398 omnibus

157 3424 394 3507 proprietatibus
409 3426 481 3499 suis,
507 3425 606 3485 demto
625 3431 759 3502 peccato,
785 3440 910 3500 cumque
926 3429 992 3482 tota
1006 3421 1178 3484 interiomm
1203 3424 1381 3486 facultatum
1396 3424 1512 3486 animae

158 3514 309 3575 hnmanae
332 3514 425 3591 serie,
460 3514 536 3575 unde
560 3531 675 3584 sermo,
707 3512 809 3572 variae
833 3510 953 3587 linguae
984 3529 1146 3592 omnesque
1177 3520 1259 3575 artes
1282 3521 1314 3575 et
1335 3512 1511 3593 disciplinae

157 3602 309 3665 humanae
332 3605 492 3684 profluunt,
518 3622 555 3664 ex
577 3610 663 3663 utero
686 3602 795 3662 beatae
814 3598 951 3677 Virginis
975 3599 1003 3661 in
1028 3600 1174 3662 unitatem
1195 3620 1342 3682 personae
1366 3601 1510 3682 suscepit.

157 3690 312 3755 Credibile
336 3701 385 3755 cst
407 3693 506 3773 igitur,
532 3692 657 3753 eundem
679 3690 761 3753 illum
784 3687 943 3750 Dominum
967 3697 999 3750 et
1020 3689 1117 3751 Deum
1139 3699 1289 3766 uostmm,
1313 3690 1398 3770 cujus
1422 3699 1511 3753 tanta

158 3782 217 3844 tuit
239 3781 417 3857 delectatio,
451 3789 569 3844 tantum
592 3781 620 3842 iu
651 3788 805 3841 aeternum
829 3776 888 3838 erit
920 3779 1129 3841 commercium
1151 3798 1218 3841 cum
1248 3779 1316 3842 filiis
1348 3780 1509 3857 bominum,

157 3871 321 3933 etiamnum
354 3872 441 3933 hodie
474 3890 533 3932 non
565 3872 653 3949 plane
683 3887 803 3931 cessare
828 3888 846 3928 s
868 3866 990 3946 publica
1021 3867 1238 3948 significatione
1267 3888 1340 3931 suae
1364 3872 1400 3932 de
1424 3869 1512 3932 nobis

158 3979 272 4037 curae,
305 3979 431 4043 eamque
464 3960 710 4040 significationem
734 3957 764 4019 in
793 3976 872 4017 nova
903 3957 996 4019 stella
1026 3958 1212 4038 propositam
1235 3958 1279 4021 sic
1302 3958 1458 4023 ordinasse
1480 3969 1511 4022 ot

155 4047 341 4112 instruxisse
364 4069 419 4130 per
441 4043 671 4128 descriptionem
693 4046 839 4125 temporis
854 4052 886 4106 et
899 4046 966 4120 loci,
991 4054 1096 4109 utnon
1119 4058 1225 4129 posset
1243 4068 1309 4121 uos,
1331 4050 1511 4130 praesertim

155 4137 298 4201 literatos
321 4146 354 4200 et
376 4140 547 4219 astrologos
571 4139 708 4217 (qnorum
741 4134 838 4197 diaria
866 4134 955 4196 hodie
987 4155 1104 4207 omnes,
1139 4138 1231 4199 etiam
1253 4138 1359 4214 infimi,
1391 4139 1510 4218 legunt)

154 4227 207 4290 vel
230 4228 328 4291 latere
351 4228 399 4290 vel
423 4247 481 4291 non
505 4244 692 4307 summopere
716 4229 914 4289 commovere.

743 4448 932 4460 ——mn-—nn-

685 4618 805 4731 Caput
830 4629 991 4707 XXVII.

552 4791 698 4860 momen
721 4794 899 4875 positorum
923 4794 1114 4876 opinionum.

247 4942 318 5007 Jam
334 4958 490 5021 coeperam
511 4939 622 5011 dicere,
646 4935 771 5017 primam
795 4936 1017 5015 astrologorum
1041 4937 1221 5000 senteutiam
1238 4936 1367 5001 omnium
1390 4940 1510 5004 minimo

158 5053 229 5097 esse
253 5031 408 5097 ferendam
430 5030 546 5093 duobus
568 5026 758 5109 potissimum
781 5026 976 5105 argumentis,
1001 5046 1076 5107 qnae
1095 5028 1158 5109 jam
1182 5027 1349 5112 explicabo.
