3692 5842
767 456 849 521 C²llut
867 458 898 508 V.
920 457 944 508 l.
1471 455 1536 524 229

179 629 295 692 faciunt
322 629 502 709 pericnlum,
532 653 569 694 au
604 634 656 695 illa
688 634 758 694 lerri
788 633 896 713 possit.
950 635 991 694 Et
1024 634 1052 694 in
1087 633 1286 715 longinquiori
1320 634 1440 716 quidem
1471 635 1536 697 luce

178 719 349 799 superciliis
373 727 405 780 et
428 722 637 798 corrogatione
662 723 769 784 frontis
794 743 848 784 nos
872 722 1028 796 munimus,
1055 731 1088 783 at
1112 723 1139 783 in
1165 723 1277 785 directe
1303 724 1443 805 opposita
1465 725 1536 803 pal-

177 809 337 888 pebrarum
362 808 454 870 etiam
477 810 554 872 ciliis
570 815 601 872 et
615 811 742 872 connixu
769 812 886 874 utirnur.
913 813 978 873 lloc
993 812 1178 873 Aristoteles
1203 822 1277 874 sect.
1295 810 1347 875 31.
1372 813 1467 893 probl.
1487 809 1535 876 16.

178 897 236 959 sibi
259 897 479 959 discutiendum
503 919 571 960 esse
595 901 722 979 putavit,
747 903 798 962 sed
824 902 956 961 absurda
980 902 1130 961 radiorum
1154 893 1327 974 emissione,
1352 921 1439 981 quarn
1464 902 1552 963 alibi

177 987 243 1072 ipse
267 986 377 1065 rejicit.
425 984 511 1056 Quae
536 989 728 1050 adeo'causa
753 999 812 1062 est,
848 1009 899 1051 cur
919 990 1080 1067 supercilia
1108 1001 1268 1052 curventur
1297 992 1325 1051 iu
1355 1010 1470 1063 arcurn,
1503 999 1533 1052 ut

178 1075 369 1138 circulariter
391 1078 493 1136 oculos
516 1078 678 1138 circulares
703 1080 822 1139 obeant.
871 1079 1000 1139 Accedit
1020 1079 1086 1157 jain
1111 1079 1238 1139 auctarii
1264 1081 1338 1153 loco,
1364 1080 1442 1158 qnod
1466 1079 1532 1158 pul-

178 1163 312 1228 visculos
336 1163 493 1239 sustinent,
520 1166 599 1246 quod
623 1167 692 1228 cilia
713 1168 851 1228 videntur
875 1168 1062 1229 flabellorurn
1088 1169 1152 1228 loco
1177 1188 1260 1244 esse,
1293 1170 1330 1229 ad
1356 1169 1534 1230 everrendos

179 1253 359 1316 obvelantes
383 1254 581 1332 pulvisculus:
620 1256 746 1335 deniqne
776 1257 853 1335 qnod
888 1265 921 1316 ut
954 1257 981 1316 in
1014 1265 1078 1316 toto
1103 1276 1240 1335 corpore,
1271 1258 1314 1317 sic
1345 1257 1391 1318 hic
1420 1276 1534 1337 quoque

176 1359 281 1424 partes
306 1342 404 1404 nudae
428 1352 460 1403 et
483 1352 605 1405 tenerae
630 1345 700 1422 pilis
725 1356 831 1406 contra
855 1346 992 1406 attritam
1024 1345 1130 1405 narrriri
1155 1346 1303 1408 videntur.
1351 1346 1535 1409 Praesertim

176 1451 244 1494 curu
269 1439 467 1508 exterguntur
490 1433 653 1511 palpebrae
678 1443 709 1494 et
733 1435 837 1494 sordes
862 1434 975 1494 detritu
999 1454 1052 1513 per
1077 1435 1181 1494 valvas
1207 1445 1277 1496 sunt
1295 1436 1533 1513 provolvendae,

176 1521 247 1584 cilia
270 1519 421 1581 canalium
445 1520 538 1582 ricem
559 1531 727 1600 praestant,
753 1523 801 1601 qui
817 1523 920 1584 sordes
942 1531 1025 1583 trans
1041 1523 1147 1582 valvas
1168 1524 1327 1598 declinent,
1353 1544 1388 1584 ne
1415 1524 1442 1584 in
1460 1544 1533 1586 ocu·

177 1613 238 1672 lum
262 1616 421 1687 cogantur.
469 1610 571 1671 Pilosa
594 1611 740 1689 siqnidem
764 1612 871 1681 onnria,
898 1623 931 1671 ut
955 1612 1040 1672 arida
1064 1621 1095 1672 ct
1119 1612 1209 1686 sicca,
1235 1614 1389 1675 humorem
1414 1612 1534 1692 asperi-

176 1709 242 1760 tate
268 1707 378 1758 suaet
402 1699 529 1776 quodam
555 1700 639 1778 quasi
664 1700 772 1779 rigore,
804 1701 900 1779 quoad
926 1701 952 1760 is
977 1719 1034 1761 uon
1060 1700 1199 1774 vincitur,
1225 1702 1385 1781 repellunt.
1433 1704 1534 1781 Atque

177 1807 216 1850 ex
240 1786 288 1848 lris
313 1785 406 1847 etiarn
431 1805 525 1848 causa
556 1789 704 1861 cernitur,
734 1808 785 1849 cur
810 1797 894 1851 recta
918 1790 988 1849 cilia
1011 1790 1085 1861 sint,
1112 1809 1169 1849 rron
1195 1792 1316 1868 supina,
1341 1809 1399 1851 non
1424 1809 1533 1870 prona,

177 1896 235 1938 non
263 1874 425 1954 sparsiura,
452 1895 509 1937 non
535 1877 683 1950 densiora,
709 1896 765 1938 non
792 1878 936 1957 longiora,
972 1897 1028 1938 nou
1054 1878 1192 1939 breviora
1223 1889 1253 1939 et
1283 1898 1407 1940 recurva
1436 1878 1535 1940 modi·

176 1985 254 2028 cunr.
302 1964 386 2024 Haec
415 1975 498 2040 sunt,
535 1986 610 2046 ‹qrrae
639 1967 756 2027 oculuru
785 1966 882 2045 ipsurn
916 1966 1145 2027 circumstantia
1178 1968 1216 2028 ad
1247 1967 1368 2028 videndi
1405 1967 1535 2030 officium

176 2063 368 2117 concurrunt.

267 2144 301 2205 lu
327 2142 420 2222 ipsius
444 2142 520 2203 oculi
545 2143 634 2221 globo
655 2144 837 2204 recensendo
864 2151 979 2205 tanturn
1004 2143 1059 2203 lroc
1083 2143 1153 2203 nrilri
1175 2143 1293 2204 videtur
1310 2144 1535 2220 elaborandum,

178 2241 212 2296 ut
236 2230 424 2294 anatomicos
454 2239 535 2293 recte
569 2232 736 2311 intelligam
760 2242 790 2293 et
814 2232 922 2293 bonurn
956 2252 1043 2311 again
1078 2232 1340 2294 nomenclatorem.
1388 2232 1440 2294 Sic
1464 2252 1536 2312 ergo

178 2321 251 2384 mihi
275 2320 415 2383 videntur
440 2320 601 2381 anatomici
618 2323 734 2382 oculum
758 2330 789 2382 et
812 2323 936 2400 pingere
961 2330 992 2382 et
1006 2320 1184 2392 describere,
1211 2340 1246 2380 ac
1270 2322 1295 2381 si
1320 2322 1437 2401 species
1458 2321 1536 2384 oculi

178 2420 255 2486 tots,
279 2418 314 2472 ut
338 2431 356 2470 a
380 2410 502 2470 cerebro
527 2410 668 2484 nascitur,
694 2430 807 2489 caepae
832 2418 1041 2488 repraesentet
1065 2410 1213 2489 effigiem:
1239 2420 1369 2489 quaeat
1392 2411 1535 2473 exbnlbo

178 2507 300 2562 constat
324 2506 415 2560 etex
439 2500 534 2573 caule,
560 2499 603 2559 sic
628 2500 730 2560 oculus
755 2520 791 2559 ex
816 2500 905 2577 globo
931 2498 1109 2577 aspectabili
1134 2508 1166 2558 et
1189 2517 1227 2558 ex
1250 2519 1393 2579 processu
1419 2500 1535 2561 latente

176 2589 265 2670 inque
290 2587 443 2650 cerebrum
467 2588 656 2667 pertingente
669 2585 714 2666 l).
753 2589 795 2649 Et
819 2588 938 2667 quidem
962 2589 991 2648 in
1016 2588 1118 2666 caepis
1143 2587 1331 2650 inveniuntur
1356 2589 1452 2650 nuclei
1477 2586 1536 2650 toti

175 2678 310 2740 latentes
333 2676 363 2738 in
388 2676 486 2750 bulbo,
522 2696 596 2757 quos
620 2678 739 2738 tunicae
763 2678 853 2738 bulbo
877 2686 909 2737 et
933 2678 1009 2737 cauli
1034 2695 1205 2737 communes
1230 2677 1386 2738 includunt
1416 2686 1447 2738 et
1477 2677 1536 2738 ab·

175 2768 260 2830 dunt.
310 2766 351 2827 lis
379 2765 492 2827 nucleis
526 2785 583 2826 non
617 2767 694 2827 male
723 2767 944 2844 comparaveris
975 2767 1127 2831 humores,
1163 2765 1211 2841 qui
1241 2774 1311 2826 snut
1345 2765 1373 2826 in
1403 2765 1536 2846 sphaera

176 2857 263 2928 oculi,
289 2855 525 2933 claudunturque
549 2874 624 2933 pene
650 2855 754 2916 eodem
779 2856 865 2916 niodo
890 2856 1053 2922 amnicis,
1089 2874 1165 2933 clerae
1197 2863 1268 2915 snut
1296 2856 1382 2916 uculo
1407 2863 1439 2916 et
1461 2873 1535 2934 pro-

175 2944 276 3008 cessui
307 2945 336 3007 in
371 2943 537 3018 cerebrum,
573 2945 642 3023 qnin
671 2953 702 3004 et
731 2944 788 3023 ipsi
822 2944 944 3006 cerebro
976 2962 1157 3005 communes.
1205 2945 1284 3006 Nam
1319 2944 1387 3023 ipsa
1416 2944 1535 3023 quidem

174 3033 291 3097 cerebri
316 3033 489 3094 substantia
513 3033 629 3094 duabus
653 3033 783 3094 ambitur
807 3033 924 3106 tunicis,
952 3053 1076 3112 quarum
1100 3032 1272 3094 interiorem
1289 3041 1418 3107 tenuem,
1444 3041 1533 3095 exte-

175 3126 284 3186 riorem
309 3141 460 3195 crassam,
487 3123 654 3201 meningern
689 3123 857 3201 appellant,
883 3131 915 3183 ut
947 3122 990 3182 ita
1022 3122 1050 3181 in
1081 3122 1203 3181 cerebro
1237 3131 1300 3183 tres
1332 3123 1393 3183 sint
1423 3140 1488 3198 res,
1518 3143 1537 3183 a

176 3231 302 3294 quarum
331 3230 507 3290 unaquaque
536 3231 591 3271 sua
621 3212 724 3272 tunica
754 3211 915 3289 porrigitur
946 3211 975 3271 iu
1009 3210 1084 3271 oculi
1119 3230 1293 3289 processum
1318 3221 1348 3272 et
1373 3220 1482 3291 postea
1504 3210 1534 3273 iu

175 3304 272 3383 ipsum
297 3301 376 3363 oculi
410 3301 539 3379 globum.
589 3298 704 3361 Crasse
739 3301 856 3360 rneninx
891 3300 1069 3361 exteriorem
1100 3300 1232 3360 tunicam
1266 3299 1343 3361 oculi
1382 3299 1532 3378 producit,

176 3391 274 3454 tenuis
295 3389 468 3452 membrana
492 3389 628 3462 mediam,
656 3389 721 3467 ipsa
747 3408 816 3449 rero
840 3390 955 3449 cerebri
979 3388 1152 3449 substantia
1177 3390 1457 3467 nervumopticum,
1484 3388 1534 3468 qui

175 3481 209 3542 lit
231 3479 336 3541 tunica
361 3477 467 3538 intima
490 3479 622 3557 haecque
649 3479 715 3557 ipsa
739 3498 795 3538 non
821 3479 956 3556 simplex.
1006 3476 1152 3547 Quamvis
1176 3477 1317 3537 Platerns
1343 3478 1419 3537 banc
1453 3476 1535 3537 tuni·

175 3589 243 3631 cam
265 3567 430 3648 improprie
454 3568 512 3628 dici
537 3575 665 3641 asserat,
692 3569 767 3628 sorte
792 3568 869 3645 qnod
895 3586 1003 3627 nemos
1028 3565 1144 3644 opticos
1164 3565 1264 3626 nervis
1280 3565 1402 3644 reliquis
1418 3565 1532 3627 similes

175 3665 306 3731 statuat,
331 3675 424 3718 cavos
449 3675 515 3717 esse
535 3665 634 3736 neget,
661 3675 734 3735 qnos
759 3656 809 3716 alii
834 3655 953 3717 omnino
979 3674 1069 3715 caros
1094 3673 1161 3715 esse
1187 3663 1337 3716 asserunt.

210 3818 261 3824 ---
275 3816 362 3823 -—---
374 3813 499 3821 .--..-.....

265 3905 294 3977 *)
317 3910 433 3980 ignosce
455 3909 542 3961 lector
557 3906 616 3959 rudi
638 3903 815 3958 similitudini.
845 3906 914 3959 Nam
930 3921 990 3956 cum
1004 3905 1075 3957 haec
1097 3904 1252 3966 scriberem,
1275 3906 1394 3957 nondum
1416 3902 1536 3972 animum

147 4023 152 4034 ·
175 3992 341 4046 induxeram
362 3990 487 4043 tabulam
508 3986 626 4048 Platori,
650 4003 720 4056 qnae
743 3985 813 4037 oculi
836 3994 931 4054 partes
954 3987 987 4037 ad
1009 3984 1099 4037 rivum
1128 3984 1271 4054 exprimit,
1296 3983 1396 4038 imitari
1419 3992 1486 4054 typo
1507 3989 1538 4036 et

176 4073 253 4144 operi
275 4070 406 4139 adjicere,
429 4070 500 4140 quod
521 4073 622 4136 postea
642 4075 842 4135 persuaserunt
864 4065 952 4128 amici,
975 4075 1007 4118 ut
1028 4065 1140 4118 inferius
1162 4082 1197 4117 eo
1218 4065 1395 4118 insereretur.
1439 4065 1535 4133 ltaque

176 4153 267 4207 verbis
289 4152 335 4205 hic
355 4157 501 4220 praestare
524 4147 598 4200 rolui
619 4154 648 4199 et
669 4146 899 4206 similitudinibus,
922 4147 993 4215 quod
1015 4145 1124 4213 pictura
1146 4155 1210 4199 tunc
1231 4145 1367 4198 nolebam.

267 4233 310 4286 Tu
331 4230 419 4301 igitur
439 4231 493 4283 hac
513 4228 597 4281 missa
624 4226 801 4280 similitudine
831 4227 977 4279 identidem
999 4228 1033 4278 ud
1062 4226 1162 4278 dictam
1189 4226 1314 4278 tabulam
1342 4222 1484 4291 respicito,
1506 4228 1537 4275 et

174 4331 247 4386 qnae
268 4312 397 4365 dicuntur
418 4317 477 4364 tato
498 4311 551 4363 hoc
571 4315 657 4371 statu,
680 4307 829 4377 diligenter
850 4324 909 4359 cunr
931 4307 982 4359 illa
1002 4306 1135 4359 conferto.

265 4390 349 4454 Quam
367 4389 480 4438 tabulam
498 4389 580 4435 minus
600 4387 740 4450 elegantem
760 4384 800 4434 hic
825 4385 988 4433 omittendam
1013 4399 1158 4438 censemus,
1177 4398 1233 4432 cum
1250 4380 1323 4430 hodie
1349 4380 1491 4430 concinnior
1510 4384 1536 4430 et

174 4462 299 4530 pulchrior
316 4461 381 4510 haec
400 4461 531 4522 descriptio
550 4459 575 4505 in
594 4458 705 4505 omnibus
725 4457 755 4506 de
775 4457 846 4506 oculo
865 4457 1010 4518 conscriptis
1030 4456 1095 4504 libris
1115 4462 1236 4505 occumat.

263 4532 339 4583 Hauc
363 4533 442 4595 ipsam
468 4531 609 4580 describens
633 4529 755 4584 tabulam,
783 4543 857 4591 quam
877 4529 902 4576 in
920 4528 970 4576 fine
989 4528 1061 4588 hujus
1087 4528 1176 4588 capitis
1195 4525 1253 4573 Nro.
1275 4520 1298 4571 3.
1320 4523 1444 4585 adjunxit,
1469 4521 1534 4571 husu

175 4615 314 4679 praemittit
333 4611 457 4675 Keplerus
477 4611 568 4660 rerba:
590 4603 628 4655 L't
648 4602 744 4654 lectori
767 4602 946 4664 consulerem,
970 4601 1012 4652 cui
1028 4600 1142 4653 tabulae
1165 4598 1337 4651 arratomicae
1352 4614 1405 4650 non
1420 4602 1485 4648 suut
1499 4596 1533 4648 ad

175 4706 287 4751 munus,
319 4687 408 4739 visum
429 4693 472 4739 est
494 4685 538 4738 hic
569 4682 688 4750 adjicere
717 4683 874 4751 exemplum
905 4682 1020 4735 tabulae
1044 4680 1089 4731 lb.
1113 4680 1153 4732 Cl.
1177 4679 1234 4731 Viri
1257 4679 1284 4730 F.
1307 4675 1430 4729 Pleteri:
1461 4675 1534 4744 quod

174 4769 318 4823 consilium
339 4766 446 4820 utinam
466 4765 561 4819 statim
582 4763 717 4832 principio
740 4763 842 4816 laboris
871 4762 1026 4822 incidisset,
1049 4760 1087 4813 sic
1108 4760 1179 4812 enirn
1202 4763 1361 4811 attextum
1383 4772 1533 4810 accommo-

174 4852 292 4903 dassem.
321 4846 481 4917 Explicatis
497 4845 640 4898 literarum
654 4852 683 4895 et
699 4851 825 4896 notarum
840 4860 892 4895 non
915 4842 973 4895 alie
987 4840 1040 4893 luit
1055 4841 1188 4903 addenda,
1211 4854 1291 4907 qnam
1310 4837 1395 4905 ipsine
1410 4834 1532 4890 Plateri:

174 4928 363 5001 allegationes
386 4927 473 4981 solum
495 4925 547 4981 mci
569 4931 663 4977 textus
686 4922 785 4976 addidi.
815 4924 935 4995 Figurae
957 4927 1022 4976 sunt
1039 4921 1082 4982 19,
1105 4935 1168 4973 nam
1189 4921 1256 4973 duas
1276 4917 1387 4971 ultimas
1410 4915 1532 4984 (auditus

175 5003 355 5082 organorum)
378 5008 503 5078 sculptor
523 5005 644 5075 injussus
666 5002 777 5057 eddidit.
