3692 5842
351 492 417 559 358
844 492 1018 544 1111111111
1035 492 1097 546 rm
1116 493 1214 562 epea.

350 672 464 754 reliquo
488 671 593 734 modus
616 669 666 731 hic
689 667 782 730 habet
805 669 1020 748 compendium.
1067 671 1145 733 Nam
1174 670 1320 733 hactenus
1350 671 1468 752 quidem
1495 672 1709 735 inclinationes

349 762 452 825 circuli
475 780 529 841 per
553 766 658 823 centra
682 759 720 819 ad
744 759 918 820 verticalem
944 759 1024 821 fuere
1059 769 1240 836 annotatae,
1275 780 1332 821 non
1356 779 1430 822 sane
1462 769 1589 843 propter
1612 762 1710 844 ipsum

349 851 537 926 verticalem,
571 849 625 911 sed
649 856 682 909 ut
705 867 758 929 per
781 848 955 909 verticalem
986 849 1133 911 scirentur
1163 850 1375 911 inclinationes
1406 851 1495 931 hujus
1528 851 1634 914 circuli
1657 872 1711 935 per

348 947 454 1002 centra
478 941 516 1000 ad
540 940 638 1020 ipsam
662 938 844 1018 eclipticam.
882 938 939 999 Hic
955 958 1026 999 vero
1050 938 1261 1001 inclinationes
1285 939 1390 1000 statim
1405 939 1443 1000 ad
1463 940 1562 1020 ipsam
1584 942 1710 1004 lixarum

348 1030 508 1109 sphaeram
532 1030 710 1090 referuntur.
758 1028 995 1088 Fundamentum
1020 1027 1122 1088 horum
1146 1028 1375 1106 problematum,
1401 1030 1481 1109 quod
1505 1049 1621 1092 cornua
1644 1027 1713 1093 cuni

346 1118 407 1180 fixa
422 1119 451 1179 iu
475 1127 590 1179 rectam
613 1116 776 1178 incidentia
796 1115 917 1191 attinet,
943 1124 990 1176 est
1005 1116 1071 1190 hoc,
1096 1115 1173 1196 qued
1194 1124 1374 1179 connectens
1398 1137 1542 1182 cornuum
1560 1130 1710 1196 extrema,

347 1207 404 1268 hoc
434 1216 482 1269 est
511 1208 662 1268 sectiones
693 1206 828 1266 binorum
858 1204 1053 1280 circulorum,
1088 1213 1137 1266 est
1168 1206 1423 1286 perpendicularis
1455 1211 1629 1272 transeunti
1658 1230 1712 1290 per

347 1303 462 1358 centra.
509 1296 658 1375 Exempla
683 1302 754 1356 sunt
776 1293 873 1373 prohl.
898 1291 951 1355 21.
978 1302 1009 1355 11
1033 1294 1061 1355 in
1087 1295 1333 1357 antecedentibus
1357 1295 1478 1358 alicubi.

435 1384 634 1446 Problema
652 1384 723 1445 XX.
762 1384 949 1462 Tempora
971 1382 1139 1463 phasium
1159 1384 1404 1446 communiter
1423 1393 1616 1450 annotare.
1640 1387 1710 1449 Jam

346 1475 418 1536 olim
440 1473 699 1554 Regiomontanus
723 1492 759 1533 err
779 1473 963 1552 Albategnio
986 1472 1142 1552 praecepit
1164 1482 1309 1535 annotare
1330 1472 1431 1535 Solis
1456 1475 1708 1539 altitudinem.

345 1562 393 1624 De
412 1573 501 1625 nocte
521 1563 689 1625 rectissime
714 1563 836 1624 clarae
862 1562 1018 1641 alicujus
1043 1561 1140 1623 fixae
1164 1562 1324 1624 altitudo
1348 1562 1485 1626 sumitur.
1521 1563 1556 1627 Si
1575 1566 1710 1628 nubilum

346 1653 462 1713 coelum
486 1653 527 1714 sit
550 1653 715 1714 latentibus
745 1651 826 1725 lixis,
856 1652 980 1715 Lunae
1011 1649 1133 1729 ipsius
1166 1651 1328 1713 altitudo
1359 1661 1533 1716 annotatur.
1583 1652 1711 1717 Confert

345 1748 378 1803 et
408 1742 525 1803 notatio
563 1740 823 1802 azimuthorum
861 1741 965 1801 horum
999 1739 1136 1800 omnium.
1190 1737 1346 1810 Quomodo
1380 1760 1451 1803 vero
1483 1742 1555 1804 hinc
1589 1752 1709 1825 tempus

345 1829 512 1907 habeatur,
545 1830 575 1892 in
600 1829 737 1891 doctriua
761 1828 847 1909 primi
880 1837 979 1890 motus
1003 1828 1121 1890 abunde
1145 1828 1277 1890 docetur.
1325 1830 1425 1893 Audio
1450 1831 1624 1894 clarissimo
1650 1836 1710 1895 viro

345 1918 542 1982 Melchiori
566 1918 587 1979 J
595 1918 754 1980 oestelio
784 1918 838 1979 sub
862 1918 1000 1979 manibus
1024 1936 1091 1978 esse
1116 1918 1267 1997 egregium
1297 1937 1388 1998 opus,
1421 1920 1709 2001 quadringentorum

343 2009 563 2089 problematum
583 2008 671 2090 primi
689 2008 808 2068 mobilis
830 2027 883 2088 per
906 2006 1196 2087 prosthaphaereses
1216 2008 1311 2068 nudas
1327 2027 1447 2069 arcuum
1464 2018 1496 2070 et
1511 2010 1707 2074 chordarum:

347 2098 426 2178 quud
451 2098 557 2160 calculi
583 2117 677 2177 genus
701 2096 836 2178 Tychoni
859 2098 928 2157 inde
953 2116 972 2156 a
995 2095 1096 2156 multis
1120 2096 1206 2156 annis
1240 2096 1405 2172 familiare,
1438 2118 1493 2159 nec
1517 2102 1709 2163 mediocriter

347 2206 367 2247 a
391 2184 498 2248 Clario
522 2188 705 2266 percultum,
724 2188 789 2265 jam
815 2186 936 2246 tandem
960 2204 979 2245 a
1000 2184 1149 2246 Joestelio
1173 2184 1333 2265 perficitur.
1376 2186 1422 2248 Eo
1445 2186 1541 2268 igitur
1566 2191 1708 2252 lectorem

348 2270 527 2354 ablego.⁹⁸)
573 2277 652 2338 Nam
676 2276 751 2336 haec
785 2275 976 2354 problemata
1008 2274 1215 2335 obseruatoria
1245 2281 1334 2335 suut:
1369 2294 1543 2355 quaerero
1569 2280 1708 2360 inparte

343 2365 442 2427 altera
466 2374 643 2446 sequentur,
677 2364 817 2426 secundis
841 2363 1020 2437 mobilibus,
1044 2382 1149 2443 nempe
1173 2362 1302 2424 motibus
1327 2364 1445 2438 Lunae,
1471 2367 1627 2442 servient,
1653 2389 1707 2430 non

344 2454 442 2534 primo
474 2454 586 2516 mobili.
635 2453 737 2534 Tycho
770 2454 870 2514 Brahe
900 2452 1106 2532 horologiis
1137 2452 1181 2512 uti
1215 2452 1304 2513 docet
1338 2453 1519 2534 expeditius.
1578 2458 1706 2519 Primum

342 2542 492 2622 horologii
524 2543 689 2623 periculum
720 2542 753 2602 fit
792 2562 846 2621 per
874 2541 990 2622 aliquot
1013 2542 1076 2601 dies
1109 2542 1337 2620 praecedentes.
1385 2543 1464 2604 Dein
1488 2564 1508 2605 a
1532 2566 1706 2627 quacunque

343 2639 418 2694 uota
441 2632 525 2693 initio
559 2652 663 2694 cursus
699 2632 795 2704 lacto,
829 2638 973 2692 notantur
996 2629 1026 2690 in
1050 2648 1085 2689 eo
1108 2631 1221 2691 iudicia
1245 2650 1302 2690 non
1335 2632 1473 2710 phasium
1509 2644 1631 2698 tanturn
1656 2637 1705 2695 sed

342 2722 436 2785 etiam
460 2722 672 2801 applicationis
698 2721 779 2781 Solis
803 2722 851 2781 rel
875 2721 979 2780 Lunae
1002 2719 1051 2779 vel
1079 2719 1203 2780 finarum
1228 2719 1266 2778 ad
1295 2719 1508 2799 meridianum,
1538 2735 1595 2787 aut
1619 2724 1704 2785 alium

343 2810 471 2873 eundem
495 2818 526 2870 et
550 2819 664 2873 certum
688 2810 839 2871 circulum.
887 2810 936 2869 Ita
964 2808 1076 2888 phases
1100 2826 1164 2868 cum
1195 2807 1330 2868 articulis
1356 2809 1414 2869 diei
1438 2828 1493 2889 per
1517 2825 1605 2875 certa
1628 2824 1703 2875 tem-

340 2899 423 2980 poris
447 2898 610 2960 intervalla
624 2899 662 2960 ab
687 2899 840 2978 horologio
865 2897 999 2958 indicata
1023 2905 1249 2958 connectuntur.
1288 2895 1438 2977 Exempla
1453 2909 1524 2962 sunt
1548 2903 1648 2983 probl.
1664 2901 1701 2964 21

338 2997 370 3049 11
393 3007 427 3047 se
471 3034 478 3047 .

430 3006 600 3136 1111111111
644 3084 745 3136 autern
782 3075 887 3135 modos
930 3074 1044 3151 aliquot
1083 3091 1137 3151 per
1177 3074 1324 3151 exenrpla.
1382 3075 1471 3137 Auno
1515 3076 1612 3142 1595.
1657 3078 1704 3142 ¹3.

338 3162 391 3228 23.
413 3164 510 3243 April.
538 3161 637 3223 Gratii
663 3163 793 3246 Styriae‚
819 3182 883 3222 curu
910 3162 1024 3222 initium
1049 3161 1195 3239 eclipseos
1220 3163 1522 3240 animadverteretur,
1551 3168 1704 3230 111111111-

338 3256 411 3316 tudo
432 3253 556 3315 Arcturi
576 3250 638 3315 w
653 3248 832 3333 ὁλοσχερως,
854 3251 1019 3312 astrolabio
1035 3268 1203 3330 papyraceo
1224 3250 1380 3313 dodrantis
1402 3254 1562 3317 latitudine
1583 3267 1615 3318 et
1630 3277 1705 3338 pen-

338 3343 418 3417 dulo,
443 3343 548 3403 Lunae
574 3360 644 3402 vero
669 3343 797 3402 altitudo
823 3333 901 3418 157,
913 3337 933 3399 ⁰.
973 3338 1047 3399 Cum
1067 3339 1131 3416 jam
1158 3339 1239 3398 nulla
1263 3339 1312 3399 lux
1337 3344 1465 3421 amplius
1490 3364 1545 3424 per
1570 3366 1706 3408 crassum

337 3439 438 3493 aerem
465 3440 685 3509 transpareret,
703 3431 788 3490 Luna
812 3430 930 3489 scilicet
954 3428 1086 3488 umbram
1111 3428 1230 3505 penitus
1256 3429 1404 3504 ingressa,
1430 3433 1563 3495 altitudo
1580 3437 1703 3498 Arcturi

335 3516 404 3592 34⁰,
432 3521 535 3581 Lunae
562 3518 602 3581 6⁰
625 3519 753 3579 circiter.
800 3519 881 3595 Ergo
906 3516 1001 3576 risum
1026 3515 1097 3576 ruihi
1127 3528 1210 3575 esset
1238 3517 1355 3579 initium
1388 3521 1461 3582 hora
1495 3522 1545 3584 14.
1579 3522 1637 3588 59’
1671 3546 1706 3587 ex

334 3609 495 3670 altitudine
512 3610 642 3670 Arcturi.
682 3607 730 3667 Ex
746 3605 1007 3666 observationibus
1028 3604 1178 3685 Tychonis
1199 3605 1343 3667 lluennae
1365 3609 1480 3671 initium
1502 3614 1711 3694 colligebatur

334 3697 361 3758 h.
393 3694 441 3759 14.
469 3698 532 3759 51¹.
572 3698 678 3775 Itaque
704 3716 786 3755 rneus
812 3696 893 3754 locus
918 3692 1065 3753 2011111
1089 3693 1272 3755 orientalior.
1315 3698 1361 3757 At
1385 3700 1590 3764 differentiam
1615 3707 1708 3785 paulo

334 3786 481 3864 majorem
507 3805 573 3844 esse
599 3784 720 3845 aliunde
745 3793 859 3844 certum
885 3791 940 3844 est.
990 3784 1097 3860 Itaque
1123 3801 1178 3841 non
1210 3783 1300 3861 plane
1330 3788 1502 3850 certissima
1531 3790 1609 3854 haec
1641 3813 1717 3856 mea

333 3874 507 3934 observatio
532 3874 598 3934 fult.

423 3961 512 4022 Auno
541 3958 635 4024 1598.
676 3961 723 4022 ll.
749 3957 802 4021 21.
828 3959 931 4032 Febr,
958 3977 1013 4037 quo
1040 3970 1173 4036 ternpore
1205 3959 1438 4024 tintinnabulum
1463 3967 1546 4027 urbis
1573 3971 1705 4031 sonabat
1739 4007 1764 4022 -·

333 4049 436 4110 horam
462 4050 593 4123 tertiam,
620 4050 756 4110 distabat
781 4048 872 4126 Spica
895 4069 913 4106 a
935 4048 1045 4107 vertice
1067 4042 1174 4127 56²s,⁰
1197 4051 1365 4127 quadrante
1390 4053 1489 4132 ligneo
1514 4058 1703 4136 spithamali.
1753 4099 1764 4108 -

332 4139 416 4199 llora
440 4157 511 4217 ergo
537 4139 618 4199 rrrbis
643 4133 702 4217 A'l,
734 4138 862 4197 nondum
897 4136 1100 4196 internoscere
1124 4137 1207 4213 potui
1232 4139 1398 4212 defectum,
1435 4144 1488 4203 sed
1514 4149 1615 4224 potuit
1642 4149 1704 4210 fieri
1742 4137 1764 4199 j

333 4235 459 4306 propter
490 4228 583 4287 nubes
607 4226 666 4297 (sic
699 4225 792 4285 habet
824 4244 891 4284 mea
916 4225 1102 4311 annotatio),
1127 4234 1157 4283 ut
1183 4234 1255 4285 tuuc
1287 4227 1441 4308 inceperit.
1488 4232 1570 4294 Nam
1605 4237 1704 4298 minus
1743 4263 1764 4278 ⁴

333 4316 449 4375 duobus
475 4313 691 4393 quadrantibus
715 4326 785 4396 post
811 4314 898 4372 Luna
928 4313 1055 4371 noudum
1080 4332 1117 4370 ex
1141 4313 1263 4372 dimidio
1293 4316 1456 4379 obscurata
1481 4323 1573 4400 plane
1599 4341 1702 4386 erecta
1760 4361 1764 4370 ·

328 4406 433 4477 stetit,
468 4403 652 4482 paulopost
677 4402 810 4480 quintam
846 4398 968 4457 dimidia
992 4401 1155 4460 diametros
1181 4402 1306 4475 defecit,
1332 4405 1420 4468 Luna
1449 4410 1518 4488 jam
1542 4412 1700 4478 inclinata,

328 4491 424 4552 Paulo
450 4499 520 4550 aute
546 4499 665 4548 sextam
690 4487 865 4548 tenuissimo
890 4505 955 4545 cum
980 4486 1089 4547 lumine
1114 4507 1146 4547 se
1171 4490 1226 4548 sub
1252 4493 1346 4554 nubes
1379 4497 1538 4575 subduxit,
1565 4504 1645 4564 adeo
1670 4517 1703 4567 ut

332 4580 487 4640 videretur
510 4577 608 4637 adhuc
633 4578 806 4636 decrescere
830 4583 861 4634 et
886 4574 983 4633 lumen
1008 4594 1094 4636 omne
1118 4578 1285 4654 perditura.
1325 4584 1701 4655 1’11115111112’26’11.

327 4665 410 4745 Ergo
435 4666 510 4726 haec
536 4666 645 4743 Spirae
671 4664 797 4724 altitudo
821 4662 947 4723 adderet
971 4664 1060 4724 horae
1086 4666 1166 4725 urhis
1191 4667 1306 4730 minuta
1326 4669 1379 4732 24.
1419 4673 1557 4740 Caderet
1582 4657 1701 4744 initias„

326 4756 417 4831 paulo
449 4752 583 4825 1111115,
620 4753 724 4814 ultima
756 4751 860 4829 phasis
891 4750 1011 4812 circiter
1035 4751 1088 4812 20¹
1118 4764 1188 4832 post
1218 4768 1348 4822 sertam.
1397 4763 1439 4825 Et
1471 4766 1530 4828 fuit
1558 4769 1589 4830 id
1619 4771 1701 4833 circa

330 4842 468 4902 medium.
516 4843 595 4902 ham
620 4837 842 4915 ll'andesburgi
873 4838 1035 4901 observata
1071 4851 1118 4902 est
1147 4862 1204 4903 uon
1237 4850 1358 4922 penitus
1393 4852 1542 4929 delicere,
1580 4858 1617 4920 de
1643 4881 1700 4942 quo

325 4928 476 5007 judicabis
511 4949 547 4989 ea
581 4948 649 5007 cap.
682 4927 721 4985 V.
756 4935 787 4985 et
818 4926 888 4987 l'll.
936 4927 1082 4989 Referunt
1115 4939 1214 4991 autern
1249 4936 1412 5018 Tychonici
1446 4945 1579 5008 medium
1612 4948 1699 5030 hujus

325 5016 449 5092 eclipsis
475 5017 628 5095 (principii
655 5013 894 5075 observationem
918 5018 1080 5096 adjurante
1104 5020 1231 5097 calculo,
1257 5044 1327 5089 nam
1347 5029 1414 5092 finis
1434 5032 1492 5094 snb
1508 5034 1608 5100 Terra
1627 5038 1698 5108 luit)
