3692 5842
745 468 828 536 capae
844 470 889 522 tv.
908 468 935 521 t.
1452 463 1514 531 187

252 640 396 723 Sequitur
427 657 500 721 ergo
530 661 586 726 per
616 648 806 727 analogiam,
839 645 926 708 utin
959 653 1042 708 recta
1074 645 1155 706 iiuee
1186 652 1312 725 uterque
1346 644 1430 706 iocus
1455 644 1516 717 (ita

162 731 312 814 loquimur
333 732 370 794 dc
393 738 493 806 recta,
523 734 587 797 siue
611 755 680 812 usu,
709 744 825 799 tantum
849 735 887 797 ad
912 734 1082 813 analogiam
1117 734 1340 812 complendam)
1364 731 1517 795 coincidet

161 821 194 884 iu
215 821 314 901 ipsam
336 826 471 882 recum:
496 822 594 905 sitque
618 840 693 886 nous
715 834 750 887 ut
773 825 802 886 in
826 824 948 886 circulo.
985 824 1020 885 ln
1044 822 1154 885 circulo
1177 822 1271 902 igitur
1294 823 1377 883 iocus
1396 822 1426 883 iu
1449 822 1516 900 ipso

162 918 269 973 centro
297 916 365 977 est,
396 907 571 987 longissime
604 914 748 975 recedens
772 934 791 974 a
819 912 1059 974 circumferentia
1089 910 1242 990 proxima,
1267 910 1295 972 in
1330 910 1429 989 ellipsi
1458 911 1518 990 jam

162 997 261 1062 miuus
284 996 408 1071 recedit,
432 1004 464 1058 et
482 999 512 1062 in
535 1001 679 1080 parabole
703 1003 797 1063 multo
820 1001 928 1075 minus,
953 1001 1076 1063 tandem
1094 1001 1124 1061 iu
1147 1008 1233 1061 recta
1256 999 1339 1061 focus
1363 998 1517 1060 minimum

163 1087 203 1150 ab
226 1086 296 1166 ipsa
317 1084 446 1160 recedit,
471 1088 526 1151 hoc
550 1099 613 1164 est,
638 1088 667 1152 in
690 1090 788 1169 ipsam
811 1089 927 1151 incidit.
973 1088 1024 1151 Sic
1047 1089 1149 1169 itaque
1173 1089 1202 1149 iu
1226 1087 1376 1161 terminis,
1410 1087 1520 1149 circulo

164 1184 197 1239 et
218 1184 315 1249 recta,
339 1180 450 1237 coeunt
464 1177 532 1249 foci,
556 1177 617 1241 illic
640 1179 814 1258 longissime
829 1178 934 1252 distat,
958 1178 1007 1239 hic
1020 1178 1110 1256 plane
1129 1177 1233 1238 incidit
1253 1176 1338 1238 focus
1352 1176 1517 1237 inlineam.

164 1265 199 1327 iu
223 1263 325 1326 medie
345 1263 490 1342 parabole
513 1266 628 1329 infinito
653 1267 813 1331 intervallo
837 1267 962 1342 distant,
986 1266 1015 1327 in
1040 1265 1139 1345 ellipsi
1162 1273 1195 1327 et
1217 1264 1378 1347 hyperbole
1402 1264 1517 1326 latera-

165 1353 245 1416 libus
266 1351 330 1414 bini
354 1357 425 1413 actu
449 1352 507 1417 foci
530 1356 631 1434 spatio
654 1356 790 1419 dimenso
814 1355 951 1426 distant;
975 1355 1004 1416 in
1027 1355 1126 1433 ellipsi
1149 1354 1227 1415 alter
1242 1354 1334 1436 etiam
1358 1353 1438 1415 intra
1461 1360 1519 1427 est,

165 1442 195 1504 iu
219 1440 384 1522 hyperbole
408 1440 486 1504 alter
509 1452 606 1506 extra.
653 1445 791 1523 Undique
815 1452 885 1507 suut
908 1444 1043 1506 rationes
1066 1442 1234 1523 oppositae.

255 1528 354 1590 Linea
384 1528 448 1590 MN
455 1579 463 1606 ‚
496 1550 574 1612 quae
605 1534 703 1595 iocum
734 1533 763 1594 ia
796 1551 853 1593 aue
886 1541 1018 1594 metatur
1049 1530 1338 1611 perpendiculariter
1370 1530 1399 1591 in
1433 1548 1520 1591 axem

166 1618 322 1692 insistens,
346 1616 466 1681 dicatur
487 1620 573 1682 nobis
596 1621 718 1694 chorda,
742 1630 868 1701 atquae
892 1621 1083 1683 altitudinem
1107 1619 1242 1682 ostendit
1265 1619 1361 1681 socia
1384 1616 1522 1696 proxima

164 1715 254 1789 parte
287 1704 431 1770 medonis
453 1729 473 1770 a
495 1710 625 1779 vertice,
658 1728 731 1790 pars
763 1728 868 1790 nempe
901 1711 968 1771 axis
996 1709 1053 1771 BR
1082 1710 1130 1770 vel
1153 1708 1213 1770 ΒΚ
1242 1709 1290 1769 vei
1319 1706 1370 1769 ΕΒ
1404 1706 1522 1767 dicatur

165 1794 286 1875 sagitta
307 1794 357 1856 rel
379 1794 457 1858 auis.
504 1797 599 1876 igitur
622 1798 650 1858 in
674 1798 785 1860 circulo
813 1798 929 1877 sagitta
961 1804 1072 1876 aequat
1101 1796 1334 1865 semiohordam,
1368 1796 1397 1856 in
1423 1793 1520 1873 ellipsi

165 1885 264 1965 major
287 1891 336 1945 est
358 1884 547 1948 semichorda
567 1887 621 1948 BP
644 1905 731 1966 quam
755 1886 870 1965 sagitta
888 1886 954 1959 BR,
980 1886 1076 1965 major
1098 1885 1191 1946 etiarn
1214 1885 1329 1964 sagitta
1351 1883 1409 1945 BR
1432 1901 1521 1963 quarn

166 1972 323 2036 dimidium
344 1972 399 2033 BP
428 1975 633 2037 semiehordae
666 1994 719 2037 seu
752 1975 881 2036 chordae
914 1981 1023 2054 quarta
1054 1991 1136 2053 pars.
1187 1973 1220 2034 In
1251 1972 1411 2051 parabole,
1443 1970 1521 2051 quod

166 2062 296 2124 Vitellio
324 2061 560 2136 demonstravit,
594 2063 711 2143 sagitta
733 2064 791 2125 ΒΚ
816 2062 952 2144 praecise
981 2070 1093 2141 aequat
1125 2069 1262 2141 quartam
1294 2061 1424 2122 chordae
1447 2059 1521 2131 MN,

167 2152 226 2214 hoe
250 2156 301 2211 est
321 2148 382 2212 DN
405 2160 454 2214 est
486 2152 578 2232 dupla
600 2153 638 2213 ad
662 2152 731 2215 ΒΚ.
778 2153 812 2213 lo
844 2151 1006 2234 hyperbole
1029 2148 1088 2232 EQ
1117 2150 1184 2229 plus
1212 2157 1277 2224 est,
1311 2168 1400 2228 quam
1432 2147 1524 2227 dupla

165 2239 264 2321 ipsius
282 2235 345 2311 ΕΒ,
370 2256 414 2301 sc.
439 2240 534 2303 minor
553 2250 601 2303 est
623 2241 740 2321 sagitta
757 2238 810 2302 ES
834 2260 923 2320 quam
948 2246 1056 2319 quarta
1079 2237 1209 2300 chordae
1232 2246 1265 2299 et
1287 2256 1405 2316 semper
1427 2236 1523 2298 minor
1552 2300 1555 2308 ,

166 2337 259 2408 atque
283 2325 382 2388 minor
403 2346 457 2407 per
480 2347 583 2392 omnes
605 2329 825 2410 proportiones,
850 2330 945 2391 donec
969 2335 1135 2389 evanescat
1156 2327 1187 2388 iu
1211 2333 1304 2401 recta,
1329 2324 1379 2386 ubi
1404 2325 1470 2386 ioco
1494 2324 1522 2385 in

165 2417 280 2479 lineam
313 2414 412 2493 ipsam
441 2416 648 2492 incumbente,
683 2418 812 2480 altitudo
846 2417 904 2479 foci
935 2437 988 2479 seu
1021 2415 1136 2496 sagitta
1169 2415 1337 2487 evanescit,
1371 2421 1403 2474 et
1435 2411 1523 2475 simul

165 2504 282 2568 chorda
303 2502 421 2565 infinita
444 2506 580 2579 efficitur,
606 2505 777 2568 coincidens
792 2524 836 2568 sc.
861 2524 929 2568 eum
952 2523 1022 2568 arcu
1046 2523 1101 2567 suo
1125 2504 1248 2565 abusive
1272 2503 1316 2565 sic
1341 2502 1430 2576 dicto,
1455 2519 1523 2563 eum

166 2601 253 2657 recta
276 2591 357 2653 linea
379 2593 431 2654 sit.
478 2592 608 2673 Oportet
631 2595 709 2656 euim
737 2593 824 2656 uobis
852 2594 966 2656 servire
997 2612 1088 2655 voces
1119 2592 1319 2672 geometricas
1343 2590 1522 2670 analogice:

166 2680 328 2765 plurimum
342 2697 469 2763 namque
484 2699 552 2744 amo
566 2682 724 2762 analogias
742 2682 934 2745 fidelissimos
954 2701 1038 2744 meos
1057 2683 1229 2761 magistros,
1253 2680 1383 2743 omnium
1397 2688 1523 2741 naturae

167 2787 346 2834 arcanorum
376 2771 533 2833 conscios:
570 2770 600 2832 iu
633 2771 800 2850 geometria
838 2772 998 2852 praecipue
1032 2770 1257 2850 suspiciendos,
1291 2769 1359 2830 dum
1393 2767 1523 2830 infinitos

168 2878 259 2923 casus
282 2858 458 2939 interjectos
480 2860 562 2922 intra
588 2880 643 2921 sua
672 2869 810 2923 extrema
839 2860 1027 2940 mediumque
1055 2859 1245 2940 quantumvis
1275 2857 1412 2919 absurdis
1437 2857 1522 2918 loco·
1592 2873 1600 2886 ·

169 2947 302 3011 tionibus
339 2948 533 3024 concludunt,
573 2956 727 3031 totamque
760 2947 803 3010 rei
837 2948 965 3028 alicujus
1005 2948 1169 3011 essentiam
1205 2947 1370 3009 luculenter
1406 2950 1521 3025 ponunt

167 3038 206 3100 ob
234 3035 348 3098 oeulos.

257 3119 339 3194 Quin
372 3123 465 3185 etiam
496 3124 525 3185 in
557 3125 758 3204 descriptione
794 3124 959 3187 sectionum
995 3124 1134 3203 analogia
1170 3125 1327 3204 plurimum
1361 3141 1406 3183 rue
1435 3118 1524 3201 juvit.

168 3212 290 3277 Etenim
314 3232 352 3275 ex
375 3213 430 3286 111,
456 3209 508 3274 51.
532 3211 585 3276 52.
614 3214 767 3292 Apollonii
796 3214 960 3292 descriptio
987 3214 1099 3295 hyper·
1254 3231 1305 3296 rig.
1327 3224 1368 3278 ot.

168 3303 254 3365 bolos
285 3311 317 3364 et
345 3301 487 3380 ellipseos
511 3302 640 3363 eflicitur
669 3302 829 3376 facillima3
861 3310 1021 3381 potestque
1049 3301 1097 3362 vel
1419 3367 1424 3376 ,

169 3393 218 3454 illo
245 3389 360 3471 perlici.
407 3388 520 3451 Positis
553 3390 631 3452 euim
664 3391 737 3452 iocis
767 3390 803 3464 A,
829 3391 911 3452 Bet
940 3391 1018 3452 inter
1045 3408 1097 3450 eos
1365 3377 1419 3470 s
1427 3369 1434 3446 i

170 3479 283 3543 vertice
305 3479 347 3554 Ε,
378 3477 509 3557 figantur
536 3497 609 3540 acus
632 3479 661 3541 in
696 3478 770 3540 iocis
793 3481 833 3554 A,
857 3480 893 3551 Β,
919 3485 1100 3539 annectatur
1311 3501 1348 3568 ss:
1429 3485 1450 3566 [q

169 3571 208 3633 ed
232 3586 319 3632 acum
338 3568 369 3628 A
391 3567 471 3629 filum
496 3566 682 3647 longitudine
698 3568 763 3643 ΑΕ,
789 3568 869 3629 adB
893 3567 974 3629 iilum
998 3566 1097 3644 longi·
1282 3565 1328 3622 fs
1444 3598 1447 3604 ·

170 3656 271 3721 tudine
295 3654 360 3718 ΒΕ.
406 3656 605 3735 Prolongetur
634 3663 791 3736 utmmque
815 3657 894 3717 iilum
923 3655 1098 3735 aequalibus
1235 3607 1415 3723 ff
1431 3651 1455 3734 Β,

170 3744 383 3815 additionibus,
406 3752 441 3806 ut
455 3744 480 3805 si
495 3744 605 3825 duplex
628 3745 708 3806 filum
724 3744 828 3824 digitis
851 3744 1096 3824 comprehendas,
1166 3729 1375 3850 ‘Q
1432 3729 1459 3798 lg

170 3837 265 3918 saque
279 3832 360 3896 suu
384 3831 608 3895 discedentibus
629 3833 701 3896 sins
714 3833 765 3893 ora
783 3833 930 3912 passaran
950 3833 1096 3906 dimittas,
1409 3791 1485 3917 «ie,

170 3926 326 4004 alteraque
349 3939 437 3983 manu
466 3921 569 4001 signes
592 3920 651 3983 iter
679 3922 796 4001 anguli,
826 3940 913 4002 qoem
941 3930 1098 4000 utrumque

170 4014 248 4076 iilum
281 4011 357 4073 iecit
395 4010 474 4089 apud
508 4010 636 4088 digitos,
670 4029 707 4072 ea
739 4009 909 4091 designatio
940 4010 1000 4072 erit
1029 4006 1199 4091 hyperbole.
1245 4000 1377 4064 Facilius
1410 3998 1525 4078 ellipsis

171 4099 358 4164 describitur.
402 4097 475 4161 Foci
499 4098 561 4159 siut
583 4098 622 4173 A,
647 4099 683 4170 Β,
707 4106 812 4161 vertex
834 4098 872 4160 E.
919 4100 993 4178 Fige
1017 4117 1089 4160 acus
1112 4095 1211 4157 firmas
1236 4092 1265 4151 iu
1289 4090 1328 4161 Α,
1347 4091 1384 4164 Β,
1408 4095 1525 4149 utram·

171 4209 225 4271 que
249 4189 300 4251 dio
324 4187 505 4266 amplectere
529 4187 658 4266 simplici
682 4188 835 4268 amplexu,
862 4195 895 4249 ut
917 4188 995 4250 inter
1018 4187 1074 4247 AB
1098 4184 1179 4245 litum
1204 4200 1261 4242 non
1291 4177 1420 4239 intersit.
1467 4173 1526 4236 Fili

171 4276 326 4358 longitudo
358 4274 400 4337 sit
422 4275 480 4337 ΑΒ
510 4275 681 4355 duplicata,
716 4286 747 4337 et
777 4276 879 4355 capita
910 4276 950 4337 lili
984 4275 1062 4337 nodo
1090 4275 1151 4336 siut
1280 4267 1334 4332 rig.
1355 4262 1398 4314 ⁶⁵·

170 4384 316 4430 connexa.
363 4365 467 4426 Insere
487 4364 550 4443 jam
574 4363 771 4444 graphiumC
795 4366 825 4427 in
849 4365 976 4427 eundern
998 4363 1040 4425 iili
1064 4381 1147 4423 com·
1236 4354 1240 4402 ¹

170 4458 290 4536 plexum
304 4471 373 4515 oum
386 4452 452 4526 AB,
477 4462 508 4514 et
524 4460 610 4515 tenso
625 4454 685 4526 dio,
709 4461 851 4534 quantum
871 4452 901 4514 id
920 4452 1044 4533 patitur,
1069 4450 1149 4512 circa
1211 4407 1241 4504 1’i
1254 4464 1312 4541 a&

171 4545 226 4607 AB
250 4540 420 4604 circumduc
449 4540 572 4613 lineam,
606 4543 681 4605 haec
713 4542 830 4622 ellipsis
858 4542 926 4604 erit.
974 4539 1050 4603 Gom
1075 4539 1149 4600 haec
1211 4509 1266 4628 sti,xx
1312 4543 1335 4624 t

171 4642 232 4695 tem
256 4629 357 4693 facilis
380 4638 463 4692 esset
485 4629 665 4711 descriptio,
689 4650 746 4693 nou
770 4629 906 4711 indigens
931 4629 1065 4709 operosis
1090 4626 1149 4688 illis
1233 4617 1287 4714 if>
1334 4629 1344 4716 ἰ

171 4720 299 4796 circinis,
324 4717 431 4801 quibus
455 4718 546 4798 aliqui
574 4718 718 4782 cudendis
747 4720 976 4781 admirationem
1000 4715 1150 4778 hominum
1232 4715 1235 4736 ¹
1268 4739 1281 4800 π,
1340 4723 1343 4752 ²

170 4817 332 4883 neaman,
364 4807 414 4868 diu
442 4807 537 4877 dolui,
570 4829 627 4871 non
660 4826 750 4888 posse
784 4808 828 4870 sio
860 4809 953 4870 etiam
985 4804 1149 4886 parabolen
1207 4819 1260 4894 Bp·
1286 4802 1338 4894 {qu

172 4897 310 4962 describi.
358 4897 492 4958 Tandem
520 4897 663 4977 analogia
694 4897 877 4959 monstravit
905 4898 954 4970 (et
985 4891 1153 4975 geometria
1351 4957 1373 4974 ,x
1417 4913 1453 4978 ’χ

173 4986 361 5069 comprobat)
394 5003 453 5048 nou
485 4986 578 5048 multo
618 4985 774 5069 operosius
807 4994 838 5048 et
869 4987 948 5048 hanc
980 4983 1151 5063 designare.
1208 4893 1268 5104 ir
1376 4973 1393 4986 ‘
