3692 5842
829 474 975 543 capsus
998 475 1023 528 o.
1541 478 1606 546 233

247 648 336 713 tabat
348 649 523 713 Hebraeum
534 648 667 713 Samech
690 654 813 732 oppleto
836 662 961 716 ventre:
986 654 1095 733 angulo
1119 655 1272 728 illo(uam
1290 654 1444 717 insereris
1467 657 1607 735 partibus

248 740 310 799 iore
332 746 401 801 erat
426 741 572 814 rotunda)
603 743 817 821 propemodum
848 762 954 805 versus
985 744 1114 805 medium
1143 744 1226 822 gibbi
1258 752 1411 825 protenso.
1458 745 1523 807 Nec
1548 746 1605 807 hac

246 828 434 890 solummodo
457 827 523 891 vice
545 830 601 891 sed
624 831 746 911 saepius
769 831 900 909 periculo
926 832 1007 894 lacto
1031 850 1149 911 semper
1170 852 1237 894 sese
1262 852 1328 895 cum
1351 833 1461 895 lumine
1485 838 1606 896 macula

246 915 387 994 ingessit,
410 926 446 979 ιιι
468 918 656 998 impossibile
681 921 722 981 sit
744 920 827 981 visus
851 939 920 982 esse
944 921 1111 1000 emphasin.

334 1006 451 1069 Multas
474 1007 526 1068 illo
551 1007 626 1069 libro
641 1009 822 1071 Plutarchus
842 1010 933 1071 affert
950 1010 988 1071 de
1009 1010 1065 1071 hac
1081 1011 1184 1071 Lunae
1200 1010 1278 1069 facie
1298 1009 1605 1093 opiniones-aliquas

245 1094 339 1155 etiam
361 1094 566 1169 Reinboldus,
602 1116 726 1176 quarum
759 1098 836 1159 hanc
869 1098 1043 1160 Vitelliouis
1067 1099 1196 1160 maxime
1229 1098 1353 1177 probat,
1388 1119 1464 1181 quae
1487 1101 1604 1163 Lunam

243 1183 386 1261 perhibet
414 1183 517 1246 radios
543 1184 625 1247 Solis
659 1187 865 1248 transmittere
898 1188 966 1249 aliis
998 1190 1135 1267 partibus
1168 1187 1275 1248 aliter:
1310 1206 1386 1267 quae
1415 1208 1486 1251 vero
1518 1191 1605 1252 uobis

244 1280 418 1350 appareant
440 1274 585 1348 maculae,
611 1276 767 1337 densiores
791 1295 857 1337 esse
882 1285 1000 1356 partes,
1026 1276 1132 1357 quibus
1156 1276 1209 1337 Sol
1232 1294 1336 1354 parum
1361 1278 1479 1339 luminis
1502 1278 1605 1340 iufun-

244 1361 317 1422 dere
339 1362 447 1440 possit.
486 1363 565 1424 Hinc
588 1364 664 1425 adeo
687 1365 752 1426 fieri
775 1364 941 1440 existimat,
966 1375 998 1426 ut
1018 1367 1106 1428 Luna
1129 1365 1276 1438 videatur,
1303 1364 1395 1427 etiam
1419 1385 1485 1429 cum
1508 1374 1604 1430 totum

243 1449 331 1510 nobis
355 1448 459 1514 Solem
487 1452 577 1532 eripit
608 1453 726 1532 objectu
757 1455 802 1514 sui
834 1455 988 1533 corporis:
1023 1464 1093 1516 tuuc
1124 1454 1202 1515 enim
1233 1454 1363 1515 transire
1397 1456 1499 1518 radios
1522 1455 1604 1518 Solis

244 1538 435 1618 aliquatenus
468 1539 622 1621 visumque
655 1550 789 1604 nostrum
820 1542 979 1605 incurrere.
1027 1543 1143 1604 Verum
1172 1551 1204 1604 ut
1228 1552 1364 1623 apparet,
1389 1544 1516 1606 Vitellio
1545 1565 1603 1607 uon

245 1627 284 1689 de
306 1628 434 1693 maculis
458 1638 525 1692 erat
553 1629 701 1693 sollicitus
725 1651 792 1693 cum
815 1632 892 1693 hauc
921 1633 1049 1711 eligeret
1072 1631 1255 1711 opinionem,
1287 1632 1341 1694 sed
1367 1634 1403 1693 de
1427 1634 1482 1695 hoc
1505 1635 1602 1713 phae-

243 1735 381 1792 nomeuo,
407 1718 513 1781 curin
537 1720 627 1781 totali
650 1719 732 1782 Solis
755 1721 860 1801 eclipsi
884 1721 972 1784 Luna
995 1721 1090 1782 videri
1115 1729 1208 1800 queat
1233 1729 1320 1800 parte
1344 1742 1364 1782 a
1387 1720 1459 1785 Sole
1484 1742 1602 1785 aversa.

244 1807 451 1870 Accesserant
474 1808 517 1870 illi
541 1808 667 1870 auctarii
691 1810 757 1870 loco
780 1810 926 1871 maculae.
964 1812 1073 1889 ltaque
1092 1810 1118 1870 ei
1143 1829 1197 1870 nos
1216 1809 1294 1870 infra
1317 1810 1604 1873 demonstrationem
1690 1830 1696 1839 ’

243 1896 310 1958 huic
333 1896 542 1977 phaenomeuo
567 1899 657 1959 aliam
688 1900 1027 1973 accommodaverimus,
1054 1898 1243 1960 liberabimur
1267 1898 1323 1959 hac
1347 1900 1499 1978 opinione,
1526 1920 1602 1981 quae

241 1986 425 2066 permultum
448 1986 543 2048 babet
565 1987 763 2060 difficultatis,
788 2007 968 2069 causamque
997 1987 1179 2049 macularum
1207 2006 1264 2048 non
1295 1990 1531 2068 repugnantibus
1555 1989 1603 2050 his

243 2075 418 2136 auctoribus
442 2076 584 2138 aliorsum
607 2078 804 2139 conferemus.
853 2075 1007 2139 Conciuue
1035 2095 1163 2155 namque
1187 2075 1366 2137 Plutarchus
1394 2095 1432 2138 ex
1459 2077 1511 2138 illo
1536 2079 1602 2139 exi-

243 2164 300 2224 mio
324 2162 432 2224 Lunae
455 2165 615 2244 splendore
639 2187 657 2227 a
680 2164 751 2227 Sole
774 2173 910 2228 mutuato
935 2165 1064 2244 colligit,
1090 2164 1300 2226 densissimum
1329 2174 1469 2245 oportere
1494 2185 1602 2246 corpus

244 2253 308 2332 ejus
342 2272 427 2325 esse,
459 2254 537 2332 qnod
570 2254 723 2316 minimum
755 2255 830 2316 lucie
859 2255 886 2315 in
919 2254 1097 2334 profundum
1131 2254 1280 2316 demittat.
1327 2255 1361 2315 Id
1395 2254 1483 2317 facile
1515 2264 1604 2335 patet

243 2341 405 2404 collatione
437 2342 580 2405 instituta
614 2362 681 2405 cum
712 2343 1025 2424 resplendesoeutibus
1059 2342 1126 2404 aliis
1158 2361 1252 2421 penes
1285 2361 1355 2418 uos,
1389 2363 1512 2425 quorum
1544 2363 1601 2424 quo

244 2430 343 2511 magis
367 2431 515 2510 quidlibet
537 2432 735 2512 perspicuum,
760 2434 817 2494 hoc
840 2433 938 2494 miuus
962 2432 1126 2511 repercutit
1149 2432 1310 2493 radiorum.
1341 2430 1407 2494 Nec
1428 2434 1474 2495 ita
1498 2434 1600 2494 multis

244 2520 358 2581 Terrae
383 2520 540 2583 diametris
564 2541 583 2582 a
605 2522 692 2583 uobis
715 2522 802 2582 Luna
830 2522 986 2595 discessit,
1020 2532 1055 2583 ut
1084 2541 1103 2581 a
1135 2520 1262 2583 terrenis
1292 2519 1331 2581 ad
1363 2521 1479 2584 lunaria
1508 2541 1600 2601 argu-

243 2608 371 2671 mentari
394 2610 462 2672 visu
484 2610 625 2689 praeside
648 2629 840 2690 nequeamus.
884 2608 1000 2680 Quodsi
1032 2617 1084 2671 aer
1116 2617 1219 2672 noster
1248 2629 1411 2688 paucorum
1432 2611 1602 2674 milliarium

243 2697 451 2779 profunditate
473 2697 539 2760 Soli
569 2699 755 2761 occumbeuti
789 2700 926 2778 objectus
953 2699 999 2760 ita
1026 2699 1166 2761 debilitat
1199 2699 1263 2779 ejus
1293 2699 1408 2775 radios,
1439 2708 1472 2762 ut
1496 2701 1603 2763 umbra

243 2806 318 2868 pene
343 2796 470 2850 careant
493 2807 590 2868 opaea
612 2788 677 2851 Soli
700 2788 859 2868 exposita3
891 2788 1028 2870 idemque
1052 2796 1086 2849 ut
1109 2789 1189 2850 inira
1211 2789 1342 2863 dicetur,
1366 2788 1519 2869 duplicato
1543 2790 1600 2852 hoc

243 2877 345 2956 spatio
367 2878 457 2957 plane
489 2878 626 2939 umbram
649 2897 742 2960 usque
766 2878 805 2939 ad
834 2878 939 2939 Lunae
971 2895 1080 2957 corpus
1112 2886 1273 2958 prorogat:
1307 2897 1345 2939 an
1369 2897 1426 2939 non
1456 2879 1601 2940 rariorem

244 2967 298 3027 boc
321 2966 390 3045 ipso
414 2975 519 3029 nostro
542 2974 612 3029 abre
636 2966 795 3029 fecerimus
809 2967 935 3042 Lunam,
960 2966 1059 3046 siper
1082 2968 1247 3046 quingenta
1262 2967 1403 3029 milliaria
1418 2966 1603 3030 Germanica

244 3055 378 3135 corporis
402 3056 531 3117 Lunaris
556 3059 660 3129 (tanta
690 3075 817 3137 namque
849 3056 912 3118 fere
936 3064 986 3117 est
1018 3057 1177 3118 dimetiens
1201 3057 1320 3128 Lunae)
1349 3058 1478 3118 transire
1511 3076 1602 3137 posse

245 3143 326 3207 Solis
350 3144 453 3206 radios
477 3164 659 3219 asseramus,
682 3154 713 3207 et
737 3146 780 3206 sic
806 3145 924 3225 quidem
948 3146 1089 3218 transire,
1114 3152 1147 3207 ut
1170 3145 1198 3205 iu
1223 3147 1326 3207 oculos
1350 3144 1511 3208 incurrant.

332 3234 602 3313 Elegantissimum
624 3242 673 3296 est
695 3235 769 3297 illnd
787 3234 943 3296 Plutarchi
963 3234 1138 3312 opusculum
1157 3241 1189 3295 et
1213 3234 1438 3297 festivissimum
1461 3236 1602 3313 dignum-

244 3343 308 3403 que,
335 3343 393 3404 quo
413 3342 446 3385 se
469 3324 675 3404 philosophus,
700 3322 846 3403 depositis
866 3324 1026 3403 aliquando
1046 3323 1154 3384 studiis
1179 3322 1376 3401 gravioribus,
1401 3324 1544 3386 oblectet.
1558 3320 1601 3397 ⁶³)

245 3411 331 3483 Quae
355 3413 432 3474 adeo
464 3420 641 3486 causaest,
675 3420 710 3473 ut
737 3431 795 3474 uon
827 3411 939 3473 invitus
972 3431 1038 3473 cum
1065 3412 1130 3491 ipso
1163 3413 1286 3473 taudem
1319 3420 1439 3473 auctore
1464 3413 1493 3473 iu
1524 3413 1601 3474 hauc

245 3501 428 3564 senteutiam
452 3502 627 3575 concedam,
658 3501 743 3580 cujus
767 3501 838 3562 mihi
866 3501 987 3581 quidem
1014 3502 1081 3580 jam
1112 3501 1225 3581 pridem
1251 3509 1283 3562 et
1306 3500 1486 3562 Maestliuus
1510 3519 1601 3579 prae-

246 3598 349 3670 ceptor
373 3609 457 3651 meus
485 3599 591 3652 auctor
620 3591 712 3652 luite
731 3591 903 3669 dicamque,
937 3592 1041 3651 Lunae
1070 3590 1132 3651 tale
1163 3609 1231 3650 esse
1264 3609 1371 3669 corpus
1406 3591 1493 3668 quale
1529 3590 1602 3651 haec

246 3688 350 3741 nostra
374 3678 470 3740 Terra
492 3687 550 3754 est,
574 3698 613 3741 ex
636 3699 715 3760 aqna
739 3689 770 3741 et
793 3679 1015 3741 continentibus
1038 3698 1128 3740 uuum
1147 3678 1268 3758 globum
1292 3679 1434 3740 efficiens.
1474 3679 1508 3739 ld
1534 3678 1602 3759 qui-

247 3769 312 3829 dem
335 3768 492 3847 pertendit
513 3768 695 3830 Plutarchus
727 3768 888 3849 multisque
920 3768 1086 3829 rationibus
1110 3776 1143 3830 et
1170 3768 1300 3830 oratorie
1324 3776 1356 3829 et
1381 3777 1488 3846 arguto
1517 3785 1601 3829 com-

247 3856 341 3919 munit
364 3864 472 3918 coutra
485 3856 589 3919 varias
612 3857 818 3937 objectiones:
844 3866 878 3919 ut
895 3858 1002 3919 merito
1022 3856 1123 3920 mirari
1137 3859 1236 3938 possit
1252 3855 1468 3936 peripateticus
1484 3855 1602 3935 aliquis,
1670 3894 1674 3905 ·

247 3954 308 4008 mm
333 3945 431 4008 mults
453 3952 486 4008 et
508 3944 608 4008 solida
630 3955 737 4008 contra
759 3965 832 4008 suae
856 3953 959 4008 sectae
985 3946 1100 4025 placita
1123 3947 1231 4007 disseri
1253 3964 1353 4024 posse.
1400 3945 1451 4006 Me
1475 3944 1602 4025 potissi-

246 4054 323 4097 mum
350 4035 414 4096 ista
446 4035 633 4098 confirmant.
683 4035 815 4097 Primum
848 4054 940 4114 supra
972 4035 1084 4096 dictum
1117 4042 1178 4109 eat,
1207 4035 1341 4109 Lunam,
1366 4054 1432 4096 cum
1455 4035 1602 4095 bisectam

250 4124 356 4186 laniem
369 4131 591 4203 repraesentat,
607 4124 770 4185 sectionem
781 4124 968 4204 inaequalem
978 4124 1137 4185 ostendere
1148 4132 1180 4184 et
1194 4124 1410 4203 quodammodo
1426 4130 1602 4185 tortuosam.

249 4211 282 4273 ld
306 4221 486 4293 argumento
507 4220 562 4288 est,
587 4221 691 4293 partes
710 4214 774 4292 ejus
794 4213 911 4293 aliquas
931 4232 999 4274 esse
1015 4213 1149 4287 humiles,
1174 4214 1290 4293 aliquas
1314 4212 1466 4284 elatiores,
1490 4229 1602 4291 easque

249 4300 431 4375 intumum,
455 4309 489 4365 nt
511 4322 530 4362 a
552 4302 713 4382 sexaginta
743 4302 975 4364 semidiametris
998 4302 1030 4363 id
1057 4321 1147 4363 seusu
1174 4302 1303 4364 discerni
1330 4300 1438 4381 possit.
1484 4300 1602 4362 Deinde

248 4390 274 4451 iu
298 4391 479 4472 quibusdam
504 4390 674 4454 Lunaribus
708 4392 870 4470 eclipsibus
898 4411 1008 4471 magua
1032 4399 1159 4470 apparet
1182 4391 1400 4471 inaequalitas,
1425 4409 1519 4469 eaque
1543 4407 1602 4450 non

247 4480 281 4542 ab
303 4480 412 4543 umbra
435 4481 546 4543 Terrae
577 4480 728 4561 prodiens.
775 4481 889 4542 Notum
918 4480 997 4541 euim
1026 4488 1088 4550 est,
1121 4480 1266 4541 montium
1298 4477 1423 4556 fastigia
1447 4476 1601 4538 rarissime

247 4569 330 4633 unius
353 4568 493 4633 milliaris
517 4570 618 4649 spatio
642 4569 750 4643 attolli,
777 4588 900 4649 quorum
923 4570 954 4629 iu
979 4568 1125 4630 diametro
1140 4570 1252 4631 Terrae
1276 4576 1346 4629 sunt
1365 4563 1458 4629 1000.
1495 4567 1602 4645 ltaque

248 4658 365 4740 siquid
389 4660 491 4721 estin
515 4658 611 4720 Tema
634 4660 820 4738 asperitatis,
845 4659 874 4720 id
896 4659 928 4720 iu
952 4658 1053 4733 Luna,
1078 4678 1154 4739 quae
1179 4654 1221 4720 60
1249 4654 1479 4718 semidiametris
1503 4655 1600 4729 abest,

248 4746 421 4811 insensibile
444 4765 512 4809 esse
535 4765 660 4809 necesse
684 4756 741 4809 est.
788 4747 839 4810 Sit
861 4748 941 4809 enim
965 4747 1094 4809 altitudo
1122 4746 1242 4819 montis,
1268 4764 1355 4826 quem
1379 4744 1508 4807 circulus
1529 4743 1603 4804 illu·

248 4836 420 4900 minationis
452 4836 584 4910 mansit,
617 4837 765 4909 milliare,
801 4837 858 4900 hoc
891 4844 940 4898 est
976 4835 1226 4915 octingentesima
1263 4832 1477 4896 semidiametri
1508 4850 1601 4912 pars:

248 4933 369 4990 maneat
399 4926 477 4989 baso
508 4925 663 5007 quantitas
696 4925 787 4987 etiam
820 4925 886 5005 ejus
918 4926 1042 4987 umbrae
1075 4925 1113 4986 ad
1137 4924 1272 4998 Lunam,
1306 4941 1429 5002 cumque
1462 4920 1603 5000 sexagies

248 5014 436 5096 mdugsuts,
467 5013 524 5077 hoo
554 5022 604 5077 est
634 5013 831 5095 quinquagies
863 5014 945 5076 mille
978 5014 1041 5077 iere
1072 5010 1215 5075 milliaria
1246 5010 1308 5075 sint
1339 5028 1432 5091 usque
1457 5010 1495 5072 ad
1519 5010 1603 5072 illam
