3692 5842
264 472 307 541 68
681 476 783 527 Literna
801 477 903 541 Kepleri
921 477 1072 542 aliommqne
1091 485 1192 528 mutuas

263 651 372 713 Utrum
395 652 487 730 igitur
511 671 614 712 omnes
638 652 755 714 colores
776 654 804 714 in
825 655 956 715 materia
975 645 1060 713 densi
1080 661 1142 714 tam
1168 654 1288 727 diversi,
1314 662 1377 714 tam
1397 651 1482 713 nulla
1506 649 1623 711 ratione

263 740 386 811 ordinis,
412 740 467 800 nisi
493 740 521 800 in
547 742 613 800 sola
637 742 802 803 claritate?
827 742 859 803 Si
885 742 1024 804 docueris
1039 760 1075 802 ex
1099 743 1225 823 chymia,
1251 761 1355 803 omnes
1379 740 1500 803 colores
1524 738 1623 799 inesse

263 828 292 890 in
313 847 436 907 corpore
456 848 562 907 aquae,
582 830 660 901 ritri,
681 832 818 911 crystalli
838 834 902 903 hc,
923 833 958 892 de
983 839 1083 891 cetero
1109 831 1186 892 ratio
1210 830 1347 892 eliciendi
1371 839 1404 891 et
1423 829 1452 890 in
1478 844 1625 908 papyrum

263 917 446 995 exprimendi
471 918 546 978 beno
566 919 631 995 jam
656 920 808 998 explicata
832 921 991 981 ridebitur.

353 1005 461 1086 Capite
481 1007 536 1066 lll.
561 1008 664 1068 videor
687 1009 932 1087 catoptrices
957 1028 1064 1069 causas
1080 1015 1111 1068 et
1130 1007 1277 1086 principia
1295 1007 1370 1067 bene
1391 1005 1523 1066 rimatus
1546 1022 1626 1077 ease,

263 1096 331 1157 dum
356 1095 585 1155 collocationem
606 1096 746 1173 imaginis
761 1117 852 1176 super·
875 1097 1034 1158 latitudine
1054 1097 1137 1157 visus
1162 1095 1328 1157 aedificavi.
1364 1093 1500 1174 Scripsit
1523 1101 1627 1155 tamen

262 1185 301 1245 ad
326 1203 372 1244 me
398 1182 568 1244 Germanus
600 1185 720 1263 quidam
744 1186 949 1265 Brenggerus,
976 1185 1095 1245 axioma
1119 1185 1155 1245 de
1183 1184 1312 1263 imagine
1336 1183 1365 1244 in
1397 1184 1525 1244 catheto
1549 1180 1627 1244 inci·

263 1272 383 1334 dentiae
409 1273 438 1332 in
459 1272 541 1331 caris
566 1274 697 1353 speculis
722 1275 855 1353 insignes
876 1294 992 1335 errores
1016 1274 1141 1353 prodere
1173 1274 1273 1353 itaque
1300 1274 1391 1354 plane
1415 1272 1530 1334 falsum
1559 1288 1629 1331 esse

262 1365 374 1444 (comp.
403 1380 432 1440 p.
465 1357 534 1432 40).
582 1362 758 1433 Persuasit;
795 1364 841 1440 egi
878 1364 904 1423 ei
938 1363 1066 1441 gratias.
1123 1362 1268 1441 Equidem
1307 1362 1364 1423 hoc
1400 1361 1627 1440 ignoraveram,

262 1450 320 1511 etsi
345 1470 413 1510 mea
437 1449 656 1510 demonstratio
681 1470 749 1510 seso
773 1452 910 1512 extendit
935 1452 994 1512 illo.
1034 1451 1101 1512 Non
1126 1452 1203 1511 enim
1227 1463 1331 1513 teneor
1355 1449 1484 1524 erroris,
1509 1457 1629 1510 tantum

262 1561 295 1599 ro
319 1534 466 1601 καθ’ὁλου
490 1539 619 1616 neglexi,
645 1540 783 1600 nesciens
809 1540 878 1600 illud
903 1541 941 1601 de
966 1541 1049 1599 cavis
1073 1540 1213 1617 speculis.

351 1627 461 1706 Capite
496 1627 550 1687 IV.
585 1647 678 1688 causa
715 1648 912 1690 mensurae
950 1628 1235 1690 refractionurn
1273 1626 1345 1688 mihi
1378 1626 1436 1707 ipsi
1476 1642 1629 1705 uunquam

262 1716 425 1787 satisfecit,
450 1716 527 1794 quod
552 1725 584 1776 et
609 1717 708 1777 fassus
733 1726 764 1778 et
787 1737 890 1778 omnes
921 1718 1060 1778 hortatus
1084 1736 1164 1788 sum,
1189 1727 1222 1778 ut
1245 1736 1311 1777 eam
1336 1716 1536 1795 inquirerent.
1585 1713 1630 1774 Τιι

261 1825 332 1867 rero
356 1805 495 1866 beaveris
519 1824 580 1876 rne,
617 1805 664 1865 ubi
694 1805 766 1866 mihi
799 1825 955 1866 mensuras
987 1805 1094 1866 basin
1125 1806 1216 1866 variis
1249 1805 1428 1884 liquidorum
1464 1802 1629 1882 generibus

261 1893 530 1956 communicaveris
557 1893 722 1955 liberaliter
746 1903 777 1956 et
798 1896 943 1967 candide,
970 1894 1114 1973 simulque
1139 1904 1220 1955 tuam
1252 1893 1405 1954 addideris
1430 1890 1629 1964 sententiam,

262 2002 337 2063 quae
363 1983 502 2042 rideatur
525 2005 599 2042 ιιιιιιι
623 2005 731 2053 nanae
755 2004 848 2043 causa
872 1983 1098 2056 refractionum,
1125 2003 1200 2062 quae
1225 1981 1416 2044 mensurandi
1441 1979 1632 2059 geometrica

260 2072 347 2134 ratio.
387 2072 497 2144 Audio,
523 2081 575 2131 tua
599 2073 805 2151 experimenta
829 2071 848 2132 2
870 2074 916 2132 rel
942 2069 961 2133 3
986 2071 1127 2148 gradibus
1152 2070 1374 2143 aVitellianis,
1401 2088 1481 2149 quae
1506 2079 1631 2132 secutus

260 2162 323 2241 ipse
348 2180 422 2232 sum,
449 2159 619 2220 dissentire.
668 2161 773 2240 ltaque
799 2160 1042 2222 circumstantias
1066 2179 1182 2233 omnes,
1209 2169 1240 2221 et
1264 2160 1428 2221 mediorum
1455 2168 1488 2220 et
1513 2159 1630 2220 instru-

260 2258 436 2323 mentorum,
464 2249 519 2308 abs
544 2257 574 2308 te
599 2259 736 2327 expecto.

348 2340 394 2400 De
420 2338 541 2399 librae
567 2338 683 2398 ratione
708 2335 808 2399 audiri
833 2356 869 2395 ex
892 2334 1010 2397 Joanne
1035 2335 1194 2409 (Eriksen)
1220 2344 1300 2397 tuam
1326 2335 1525 2398 sententiam.
1570 2334 1630 2396 via

259 2429 351 2501 enim,
386 2436 418 2487 nt
449 2425 601 2486 brachium
632 2428 708 2505 quod
738 2434 787 2487 est
811 2425 905 2484 lerius
937 2426 1084 2485 ascendat
1118 2425 1214 2503 ipsum
1244 2425 1414 2503 fastigium,
1448 2441 1630 2505 quacunque

258 2518 420 2596 ponderum
438 2516 640 2594 proportione.
672 2516 748 2576 fere
764 2513 979 2595 persuasisses,
998 2513 1049 2573 sed
1066 2516 1271 2591 experimenta
1286 2513 1421 2576 obstant.
1460 2513 1631 2574 Librantnr

257 2606 381 2667 brachia
405 2624 462 2665 non
487 2613 603 2665 tantum
629 2604 815 2684 aequilibris,
842 2601 1004 2663 sedetiam
1024 2602 1203 2682 inaequalia,
1230 2604 1372 2663 atrides
1398 2602 1427 2662 in
1454 2602 1627 2663 schemate.

480 2720 558 3024 ΜΓ
555 2716 597 2766 34
821 2691 929 2768 Itaque
948 2710 1006 2751 non
1027 2691 1131 2751 obstat
1154 2691 1345 2752 instrumenti
1371 2690 1546 2771 ineptitudo
1571 2708 1629 2770 quo

822 2780 917 2838 minus
933 2780 961 2840 A
978 2779 1006 2838 in
1022 2778 1214 2857 fastigiumD
1229 2780 1372 2841 enitatur.
1398 2780 1481 2841 Nam
1499 2779 1631 2841 libratur

290 2851 313 2903 ¹¹
821 2868 898 2926 ultro
922 2867 1055 2945 citroque
1079 2867 1107 2927 in
1133 2868 1209 2929 Bet
1229 2866 1264 2940 C,
1289 2877 1321 2928 et
1340 2887 1407 2929 curn
1428 2868 1458 2928 in
1479 2868 1506 2928 B
1533 2876 1627 2940 esset,

314 2882 513 3128 [ιζ-,ὲ
820 2974 936 3015 rursum
974 2956 1129 3016 descendit
1171 2956 1210 3016 ad
1248 2958 1276 3016 A
1313 2964 1456 3036 puuctum
1502 2954 1628 3036 quietis.

305 3069 321 3116 ρ
822 3044 926 3121 ltaque
964 3044 1155 3104 manifestum
1190 3053 1253 3117 est,
1293 3053 1406 3124 quanto
1443 3044 1547 3106 minus
1581 3051 1638 3106 est'

301 3068 933 3283 q‘3*'qq›011uus
958 3132 1064 3199 altero,
1091 3141 1175 3193 tanto
1201 3133 1353 3194 fortiorem
1379 3151 1448 3194 esse
1474 3133 1571 3195 situm
1596 3136 1627 3196 A

286 3237 308 3356 q
636 3233 660 3262 κ
735 3125 947 3289 Bisitulf,
981 3219 1080 3298 itaque
1118 3222 1342 3299 proportionem
1377 3240 1563 3283 conrersam
1594 3231 1628 3284 et

712 3321 773 3416 ἢ,
818 3306 964 3366 rationem
981 3326 1047 3366 esse
1069 3316 1212 3371 staterae.
1251 3311 1296 3370 At
1313 3319 1346 3370 ut
1367 3329 1423 3388 ego
1443 3330 1627 3373 accommo-

816 3393 921 3454 dari
914 3414 943 3454 ιιι
968 3393 1104 3471 Opticis,
1134 3398 1279 3458 refutarit
1308 3418 1354 3459 me
1383 3398 1525 3460 Joannes
1557 3401 1624 3461 suia

745 3477 758 3526 l
820 3482 1042 3560 experimentis
1091 3484 1196 3564 ltaque
1228 3504 1284 3565 qno
1317 3506 1363 3547 me
1395 3499 1533 3557 sertam,
1567 3508 1630 3568 qua

254 3567 335 3630 linea
364 3571 468 3648 (quarn
499 3570 576 3630 situs
609 3569 673 3648 ipse
706 3571 821 3648 pariat)
860 3570 968 3630 metiar
1002 3571 1207 3634 fortitudinem
1238 3574 1315 3636 situs
1344 3578 1374 3636 Λ
1404 3576 1505 3648 etE,
1533 3579 1628 3656 plane

253 3658 364 3719 nescio.
412 3658 519 3719 lllihi
512 3678 540 3719 ιιι
566 3657 833 3736 experimentando
857 3658 984 3732 suffecit,
1015 3661 1129 3720 eminus
1158 3662 1292 3723 alludere
1316 3663 1452 3742 pondera
1477 3667 1519 3726 ad
1545 3667 1629 3728 hanc

253 3765 444 3818 mensuram
467 3758 570 3808 cetera
594 3747 784 3808 instrumenti
809 3746 883 3808 uitio
909 3746 1008 3807 tribui.

343 3834 444 3894 Audio
469 3836 523 3895 tibi
553 3836 662 3895 malum
687 3855 724 3895 ex
754 3834 965 3911 astrologia
996 3836 1164 3896 conflatum.
1212 3836 1366 3913 Obsecro,
1396 3861 1434 3901 an
1466 3850 1500 3902 tu
1531 3852 1629 3922 putas

254 3921 375 4022 dignam
401 3941 478 3995 esst,
505 3923 589 4001 cujus
605 3943 699 3984 causa
722 3924 798 3983 talia
813 3924 874 3984 sint
896 3923 1043 3982 ferenda?
1067 3923 1165 4001 Ego
1152 3944 1217 4002 Jam
1238 3947 1257 3985 a
1272 3888 1417 3989 decerinio
1438 3930 1629 3993 dirisiouem

252 4009 283 4070 in
310 4006 347 4070 12
372 3970 520 4090 aequalia,
546 4012 662 4085 donnus,
688 4011 918 4082 dominationes
945 4010 1212 4089 triplicitatesdrc.
1238 4017 1470 4095 omniarejicio,
1491 4021 1628 4081 retentis

254 4097 328 4159 solis
353 4100 527 4178 aspectibus
552 4110 583 4161 et
608 4101 748 4160 traducta
773 4098 939 4178 astrologia
962 4098 1001 4158 ad
1026 4100 1190 4161 doctrinam
1222 4104 1510 4168 lrarmouicarn.l
1489 4108 1627 4170 idebis

253 4205 350 4248 meam
365 4188 549 4248 senteutiam
564 4208 599 4248 ex
616 4189 770 4267 opusculo,
795 4188 848 4248 De
873 4186 1002 4247 Stella
1025 4187 1141 4260 Nora,
1168 4193 1245 4269 quod
1261 4192 1327 4270 jarn
1348 4196 1462 4273 prodiit
1478 4197 1628 4259 Franko-·

252 4276 340 4337 tinto.
380 4276 425 4336 Eo
448 4276 525 4336 lecto
545 4295 656 4355 quaeso
673 4285 755 4335 tuam
775 4278 956 4336 sententiam
976 4277 1182 4338 communices.
1221 4278 1290 4341 Etsi
1311 4283 1432 4361 quidem
1454 4285 1627 4350 veritatem

251 4373 375 4442 propter
390 4383 423 4423 se
434 4364 580 4425 defendo'
574 4385 600 4424 nr
615 4364 723 4425 nullius
739 4363 877 4441 gratiam,
894 4371 968 4441 puto
979 4373 1078 4424 tamen
1091 4384 1148 4426 non
1160 4366 1331 4429 habiturum
1341 4389 1445 4474 regem
1454 4372 1626 4449 Jacobnm,

252 4452 330 4529 quod
355 4450 504 4512 damnet
498 4472 526 4511 m
546 4452 582 4512 iis
585 4471 694 4530 ,quae
713 4472 768 4529 ego
790 4450 913 4521 retineo,
940 4450 1085 4528 siquidem
1107 4453 1214 4532 aliquis
1237 4457 1394 4519 fideliter
1386 4461 1446 4538 rpsi
1467 4463 1626 4527 retulerit.

341 4537 410 4608 Qua
434 4540 483 4599 ria
506 4550 629 4600 motus
654 4540 890 4637 planetarum
915 4537 1131 4612 demonstrem,
1157 4543 1263 4620 opinor
1294 4547 1408 4607 dixisse
1437 4551 1493 4612 tibi
1518 4552 1626 4614 Joan-

251 4645 328 4687 nem.
369 4628 505 4704 Longum
530 4638 578 4688 est
603 4628 649 4688 hic
675 4627 747 4687 illud
772 4624 926 4703 negotium
950 4637 1084 4703 tangere.
1118 4628 1216 4708 Rogo,
1241 4634 1267 4693 si
1292 4636 1420 4713 quidde
1445 4639 1538 4702 hoc
1529 4660 1626 4702 ruau-

251 4715 334 4788 disti,
359 4727 390 4776 et
404 4716 450 4776 hic
466 4728 549 4776 tuam
571 4714 753 4776 sententiam
771 4714 873 4774 dicas:
900 4713 1036 4774 nimirum
1054 4715 1089 4775 dc
1110 4718 1184 4778 meis
1205 4725 1397 4799 magnetibus
1418 4728 1625 4792 coelestibus.

346 4804 424 4864 Dum
450 4804 523 4864 haec
549 4804 714 4881 interpono,
742 4802 860 4873 incidit,
886 4802 955 4879 quid
980 4803 1048 4862 olim
1073 4804 1145 4865 mihi
1166 4810 1419 4885 experimentanti
1444 4815 1473 4876 in
1500 4818 1626 4881 ratione

253 4888 373 4948 librae
407 4892 559 4952 acciderit.
632 4893 707 4952 Cum
741 4891 849 4950 scirem
884 4887 1007 4950 brachia
1045 4891 1154 4953 addere
1187 4898 1370 4973 ponderibus
1404 4902 1626 4985 inaequalibus

252 4978 391 5056 aequalia
414 4989 444 5039 et
469 4980 512 5040 sie
538 4980 659 5040 turbare
684 4978 916 5056 proportionem,
941 4998 1032 5056 opera
1051 4981 1215 5043 mechanici
1239 4986 1433 5052 subtilissimi
1458 4997 1626 5060 construxi

239 2914 263 2973 1
