3692 5842
355 493 423 561 ³38
848 492 1023 542 1111111101
1040 491 1102 545 rm
1120 493 1218 559 apua

444 672 490 733 At
507 672 573 751 jam
596 667 801 750 propositione
825 661 878 730 54.
903 668 976 730 nihil
1002 668 1059 730 nisi
1084 667 1283 749 Copemicnm
1307 668 1409 749 sapitz
1430 678 1472 743 si,
1495 668 1602 751 inquit,
1618 678 1717 750 aliqua

356 764 481 818 serantur
506 762 650 816 celeritate
680 757 833 829 inaequali,
865 758 992 829 interque
1013 768 1100 813 caet
1125 763 1238 816 oculus:
1270 778 1306 815 eu
1331 776 1405 831 quae
1432 761 1530 815 eadem
1551 776 1612 813 cum
1634 761 1718 813 oculo

354 843 499 898 celeritate
520 843 655 906 seruntur,
677 846 753 893 stare
773 839 955 908 putabuntur,
977 857 1050 911 quae
1072 842 1178 896 tardius
1193 842 1281 905 oculo,
1302 841 1330 895 111
1345 841 1514 895 contrarium
1533 840 1620 902 ferri:
1642 855 1718 910 quse

356 932 482 997 celerius,
504 933 680 1002 praecedere.
723 916 807 978 Nihil
839 935 895 996 ego
929 918 986 979 nisi
1018 918 1112 980 verba
1145 920 1278 982 10111010.
1326 919 1360 981 Si
1384 920 1574 982 1010010110
1602 938 1717 979 conse·

354 1010 478 1092 quentia
501 1011 643 1091 planetae
667 1015 698 1069 et
719 1005 825 1078 Terra,
848 1006 931 1067 visus
955 1008 1049 1070 nostri
1073 1010 1198 1087 specula
1220 1008 1266 1081 (id
1290 1017 1391 1070 autem
1413 1008 1447 1070 111
1469 1007 1500 1069 111
1523 1007 1717 1069 semicirculo

356 1098 437 1162 orbis
462 1096 602 1171 Terreni,
625 1097 765 1177 planetas
789 1093 1002 1173 respiciente),
1037 1104 1127 1176 atque
1151 1098 1277 1160 Terram
1300 1105 1333 1159 et
1354 1098 1510 1177 planetam
1544 1095 1719 1177 aequaliter

354 1187 523 1269 promoveri
546 1186 703 1265 contingat
735 1185 890 1263 (respectu
923 1184 1058 1264 ejusdem
1090 1185 1217 1265 alicujus
1241 1188 1375 1259 rectae),
1408 1187 1533 1266 planeta
1561 1185 1719 1246 videbitur

354 1285 455 1351 stare,
480 1275 527 1338 sin
551 1275 665 1338 tardior
688 1272 812 1353 planeta
835 1272 939 1341 fuerit,
971 1272 1120 1337 videbitur
1143 1275 1346 1350 retrocedere,
1375 1276 1420 1339 sin
1445 1282 1547 1337 autem
1570 1273 1717 1347 velocior,

355 1365 506 1427 videbitur
530 1365 559 1426 in
582 1361 799 1443 consequentia
822 1356 949 1439 ferri.*)
996 1360 1030 1424 Si
1055 1362 1120 1441 quis
1144 1374 1193 1426 est
1215 1364 1260 1425 ita
1292 1364 1456 1436 delicatus,
1491 1363 1537 1424 ita
1563 1380 1717 1433 morosus,

354 1462 389 1517 ut
411 1455 486 1516 haec
511 1453 613 1516 audire
637 1470 696 1513 non
719 1450 828 1530 possit,
851 1450 877 1511 is
902 1451 967 1511 loco
991 1450 1102 1512 Terrae
1126 1453 1243 1513 Lunam
1267 1452 1441 1527 substituat,
1466 1453 1555 1531 inque
1578 1469 1619 1513 ea
1642 1469 1716 1530 spe-

356 1544 522 1606 culatorem
537 1542 667 1622 aliquem
682 1559 779 1601 rerum
794 1538 968 1600 coelestium
988 1540 1126 1615 collocet,
1151 1549 1221 1603 tuuc
1237 1542 1265 1603 in
1282 1542 1398 1603 Lunam
1413 1541 1519 1602 eadem
1533 1549 1716 1621 sequentum

354 1631 449 1694 Terra
471 1632 547 1694 haec
571 1639 691 1703 nostra,
727 1627 863 1708 quamvis
886 1646 957 1689 vere
982 1628 1166 1708 quiesceret,
1198 1631 1310 1691 moveri
1334 1629 1498 1704 videbitur,
1530 1629 1623 1691 Luna
1645 1647 1717 1689 vero

355 1721 520 1802 quiescere,
544 1738 611 1781 cnm
633 1724 800 1790 moveatur,
823 1735 878 1778 nec
901 1724 1044 1795 poterunt
1067 1718 1130 1779 ulla
1152 1718 1301 1781 solutione
1326 1719 1388 1780 ista
1411 1718 1516 1780 everti.

443 1808 614 1889 Propositio
639 1802 692 1870 55.
718 1805 836 1868 videtur
859 1824 967 1867 sonare
991 1806 1028 1867 de
1053 1816 1135 1868 motu
1158 1807 1273 1870 diurno.
1318 1818 1356 1882 si,
1377 1808 1484 1889 inquit,
1502 1818 1719 1889 aliquammults

357 1905 944 1979 0001010010100100000100110011000,
978 1908 1004 1961 id
1025 1908 1053 1960 iu
1079 1908 1245 1962 contrarium
1271 1910 1375 1963 moveri
1404 1909 1551 1964 ridebitur.
1604 1895 1718 1958 Oculus

358 1988 476 2071 quidem
501 1987 530 2049 in
554 1998 658 2048 centro
686 1986 789 2047 mundi
818 1996 991 2061 censeatur,
1022 1986 1060 2046 ob
1090 1997 1320 2050 evanescentem
1344 1988 1455 2049 Terrae
1477 1986 1717 2067 proportionem,

360 2086 392 2140 et
415 2076 510 2139 Terra
540 2076 679 2138 volvatur
700 2075 739 2137 ab
768 2093 877 2136 000000
905 2074 935 2136 10
967 2084 1066 2136 ortum
1098 2086 1181 2138 motu
1214 2077 1335 2149 diurno,
1366 2076 1518 2139 montibus
1549 2076 1646 2154 igitur
1675 2074 1719 2135 ita

358 2164 489 2238 delatis,
513 2164 563 2246 qui
595 2164 734 2226 videntur
767 2162 898 2242 contigui
922 2173 955 2226 et
982 2164 1098 2243 magni,
1131 2166 1229 2228 stellis
1257 2184 1329 2226 vero
1362 2166 1607 2246 quiescentibus.
1643 2181 1739 2243 qnae·

355 2255 490 2317 minutae
514 2262 547 2315 et
578 2271 704 2333 sparsae
737 2259 902 2334 apparent,
937 2254 1044 2316 stellae
1068 2253 1097 2315 in
1121 2255 1322 2329 contrarium,
1354 2253 1411 2317 hoc
1433 2262 1500 2329 est,
1530 2255 1570 2317 sb
1595 2253 1717 2316 ortuis

357 2362 499 2406 occasum
521 2340 702 2404 videbuntur
724 2341 847 2404 moveri.

444 2431 578 2495 Rursum
600 2449 723 2512 propos.
748 2426 801 2494 56.
833 2430 930 2512 spirat
957 2450 1100 2510 expresse
1123 2429 1332 2510 Coperuicum.
1376 2443 1471 2507 Oculo,
1494 2432 1604 2513 inquit,
1632 2458 1718 2513 prop·

355 2539 513 2605 0000101001
533 2533 692 2594 madente,
715 2531 742 2584 id
762 2530 861 2601 augeri
880 2529 1035 2599 putabitur.
1085 2518 1168 2599 Ergo
1205 2521 1348 2584 subsumo
1378 2540 1452 2601 ego,
1487 2521 1585 2583 Terra
1620 2523 1717 2583 visum

354 2621 489 2675 nostrum
514 2613 553 2672 ad
577 2612 766 2689 planetarum
790 2626 917 2690 corpora
941 2608 1119 2680 advehente,
1143 2607 1324 2672 videbuntur
1347 2619 1379 2672 et
1402 2610 1501 2673 lineas
1526 2618 1663 2672 motuum
1686 2618 1717 2670 et

354 2700 421 2780 ipsa
452 2700 643 2779 planetarum
676 2715 803 2777 corpora
834 2715 953 2776 magna.
1001 2695 1103 2767 Quare
1134 2716 1192 2758 nou
1226 2706 1343 2760 tantum
1376 2718 1501 2762 accessu
1532 2698 1646 2762 stellae
1678 2698 1717 2760 sd

354 2791 481 2859 oculum,
506 2788 556 2869 qui
579 2787 643 2849 fieri
666 2788 797 2866 tingatur
818 2804 873 2866 per
895 2785 1076 2867 epioyclnm,
1101 2786 1155 2848 sed
1179 2787 1271 2849 etiam
1296 2788 1374 2848 oculi
1398 2789 1437 2849 ad
1461 2807 1523 2850 rem
1548 2788 1716 2869 appropin-

356 2878 498 2959 quatione
527 2877 558 2937 id
586 2876 813 2957 phaenomenon
837 2883 1009 2937 excusatur.
1042 2875 1145 2956 Atque
1164 2874 1195 2937 id
1218 2876 1308 2937 valde
1327 2884 1377 2939 est
1399 2877 1535 2939 evidens.
1570 2878 1716 2940 Testatur

353 2966 542 3041 Melanthon,
568 2984 647 3027 anno
668 2962 763 3029 1529.
781 2964 863 3026 Julio
882 2972 914 3025 et
933 2962 1072 3043 Augusto
1096 2973 1159 3026 tam
1184 2965 1358 3044 prodigiosa
1380 2967 1481 3047 specie
1504 2967 1606 3029 110001
1630 2967 1716 3028 1101-

353 3061 429 3130 tem,
464 3063 497 3117 ut
528 3073 635 3117 novum
667 3053 750 3116 sidus
782 3053 964 3117 crederetur.
1012 3053 1095 3114 Idem
1127 3049 1222 3115 1561.
1246 3054 1386 3133 Augusto
1417 3058 1531 3117 iactum
1564 3055 1716 3136 oportuit,

354 3144 432 3206 idem
466 3145 527 3205 fere
553 3151 584 3205 et
611 3139 706 3207 1593.
732 3144 890 3222 Angusto:
928 3143 1036 3221 fietque
1065 3138 1159 3205 1608.
1183 3141 1276 3205 Julio.
1324 3144 1464 3206 Vidimus
1488 3154 1520 3207 et
1548 3146 1606 3207 hoc
1640 3163 1716 3207 anno

358 3229 452 3297 1603.
484 3252 586 3295 100οε0
610 3232 774 3294 Februario
799 3240 830 3292 et
853 3231 966 3294 Martio
991 3230 1121 3291 Veneris
1151 3232 1272 3293 stellam
1301 3232 1331 3293 in
1363 3253 1471 3295 occasu
1505 3253 1561 3313 per
1591 3234 1716 3296 nebulas

355 3323 496 3384 insolitae
520 3321 751 3401 magnitudinis,
777 3340 813 3381 ac
837 3321 922 3382 multi
947 3338 1055 3381 novam
1079 3320 1173 3382 videri
1202 3322 1324 3382 stellam
1352 3323 1582 3386 asseverabant
1632 3322 1715 3385 Cou-

354 3420 477 3474 cnrrunt
500 3412 578 3473 euim
602 3410 648 3471 his
677 3410 812 3471 articulis
843 3418 1009 3489 temporum
1047 3410 1207 3472 eccentrici
1231 3419 1263 3471 et
1286 3412 1411 3494 epicycli
1441 3413 1603 3493 perigaea,
1637 3412 1714 3492 quod

353 3501 382 3563 in
406 3501 454 3561 his
479 3500 594 3562 duobus
616 3499 749 3578 planetis
772 3499 892 3561 maximi
926 3498 1070 3561 momenti
1093 3509 1154 3574 est,
1189 3501 1217 3561 10
1247 3502 1356 3564 ceteris
1379 3522 1438 3563 non
1463 3511 1583 3564 tantum
1613 3503 1715 3566 officit

442 3589 614 3670 Propositio
639 3587 692 3651 57.
728 3588 859 3649 maxime
890 3588 1119 3650 accommodata
1142 3598 1190 3650 est
1218 3591 1245 3651 ei
1275 3599 1406 3653 motuum
1439 3612 1609 3673 φαηασιᾳ,
1641 3608 1716 3672 quse

355 3680 395 3741 ad
419 3678 619 3742 eccentricum
643 3679 783 3739 10101101.
831 3675 931 3739 Docet
955 3678 1032 3739 enim
1058 3703 1149 3760 aequa
1170 3691 1315 3745 eeleritate
1331 3693 1493 3755 delatorum,
1517 3711 1591 3765 quse
1606 3695 1716 3767 longius

354 3772 467 3833 distant,
489 3769 595 3823 tardius
617 3769 682 3822 ferri
704 3767 798 3822 videri.

444 3849 581 3929 Denique
604 3848 772 3927 propositio
796 3842 850 3908 58.
876 3846 1004 3908 asserit:
1029 3858 1116 3911 Oculo
1138 3862 1291 3924 translato,
1314 3879 1386 3933 quae
1408 3865 1518 3934 longius
1545 3873 1715 3936 spectantur,

353 3946 467 4001 destitui
492 3947 593 4011 rideri,
618 3933 1204 3999 01111000001100001001110110110101
1223 3941 1384 4004 manifeste
1405 3944 1508 4006 utitur.
1537 3944 1599 4007 Est
1618 3957 1717 4007 autem

356 4022 570 4088 1001001010
590 4026 619 4086 10
640 4026 826 4087 astronomia
841 4024 928 4099 idem,
949 4027 1027 4105 quod
1042 4027 1209 4105 promoveri
1224 4029 1254 4090 in
1274 4033 1499 4113 consequentia,
1524 4043 1600 4113 puto
1619 4037 1716 4115 respi-

356 4134 426 4178 cere
448 4133 553 4177 vocem
568 4114 606 4175 sd
623 4114 751 4175 alteram
775 4113 956 4176 contrariam
979 4120 1182 4196 προηγεισθαι,
1205 4119 1458 4198 praecedere.**)
1503 4121 1586 4185 Nam
1610 4125 1636 4186 si
1661 4143 1718 4205 qua

442 4301 470 4373 ⁸)
490 4306 622 4360 Definitio
644 4306 739 4375 itaque
760 4304 830 4356 haec
850 4309 895 4355 est
916 4301 1044 4356 stationis
1066 4306 1139 4373 apud
1155 4303 1343 4374 Copernicum,
1367 4313 1438 4381 quod
1459 4318 1526 4365 tuuc
1547 4315 1716 4383 0011010101.

356 4404 416 4442 cum
437 4388 512 4440 linea
533 4402 584 4456 per
603 4386 742 4440 Tellurem
763 4390 792 4435 et
812 4383 955 4452 planetam
982 4384 1122 4437 translata
1143 4402 1196 4437 non
1218 4387 1380 4455 inclinetur,
1403 4393 1451 4445 sed
1473 4392 1526 4445 sibi
1548 4394 1603 4463 ipsi
1625 4405 1716 4451 munst

375 4467 516 4523 trallelos.

354 4485 373 4540 p
441 4544 481 4610 “)
503 4550 704 4615 Argumentum
724 4546 791 4598 hoc:
822 4543 950 4596 Euclides
977 4543 1064 4596 1111101
1086 4561 1151 4597 roco
1182 4551 1384 4614 astronomica,
1415 4569 1485 4624 ergo
1518 4556 1715 4611 0111011οὼ

353 4628 447 4682 tradit
489 4627 582 4680 111110
603 4623 786 4678 translatione
807 4622 879 4675 oculi
899 4622 1029 4691 loquitur.
1071 4624 1202 4695 Ergoda
1225 4628 1275 4680 tali
1300 4632 1485 4695 astronomia,
1515 4632 1624 4706 inqua
1643 4637 1715 4690 visus

354 4707 393 4761 sic
413 4714 546 4767 movetur,
568 4711 601 4757 ut
620 4704 786 4774 retrograda
806 4703 897 4754 sidera
918 4712 1083 4768 appareant,
1106 4721 1203 4774 nempe
1224 4708 1258 4759 de
1277 4710 1478 4779 Copemicaua
1521 4717 1603 4769 Addo
1623 4723 1714 4770 101000

356 4788 391 4839 ad
411 4787 484 4840 huuc
504 4785 654 4837 discursum
674 4790 704 4835 et
725 4783 791 4835 hoc:
822 4780 906 4832 videri
929 4781 1068 4835 Euclidem
1098 4801 1163 4837 voce
1185 4798 1375 4860 nchyrrnsm
1396 4792 1471 4845 vella
1499 4794 1638 4850 rationem
1660 4803 1714 4850 m.

355 4867 429 4927 dere,
450 4881 499 4919 cur
518 4864 547 4918 10
567 4879 664 4931 campo
686 4868 840 4916 currentem
861 4869 968 4913 montes
990 4878 1043 4913 non
1069 4870 1177 4918 tantum
1206 4869 1330 4922 comitari
1358 4865 1444 4940 (quod
1467 4889 1523 4944 ego
1545 4875 1636 4931 solum
1656 4892 1714 4946 per.

352 4942 513 5013 penderem)
535 4942 687 4998 sedetiam
714 4956 894 5011 praecurrere
922 4941 1076 4996 rideantur.
1120 4946 1164 4997 lta
1183 4948 1273 5016 magis
1300 4950 1447 5019 popularis
1469 4953 1520 5007 det
1541 4955 1712 5028 0110010011

353 5022 547 5089 nqsqysscoss.
