3692 5842
239 492 305 560 540
852 491 980 556 Dloptriee

327 671 396 734 Non
420 676 468 729 est
492 669 569 729 enirn
592 688 700 730 sensus
723 667 912 730 instrumenti
937 668 966 728 iu
995 687 1086 729 sensu
1109 667 1277 741 communi,
1310 673 1463 747 quatenus
1486 665 1585 728 nudum

239 761 478 822 instrumentum.
527 759 590 818 Aut
612 758 637 819 si
662 764 718 832 est,
743 766 905 837 perpetuus
929 764 979 818 est
1001 756 1133 836 nihilque
1157 763 1248 836 aptus
1272 756 1312 817 ad
1336 775 1446 818 noram
1465 755 1587 838 aliquan

240 848 426 910 efficiendum
454 847 631 908 sensionem.
679 845 741 908 Sed
766 857 814 908 est
845 866 953 908 seusus
980 845 1187 922 instmmeuti,
1219 853 1370 926 quatenus
1396 843 1429 906 id
1458 844 1588 908 affectum

240 957 295 1018 per
316 936 401 998 LXI.
1507 957 1516 970 ·

329 1024 362 1087 Si
386 1043 457 1103 erge
482 1023 621 1084 similiter
644 1023 763 1098 affecta,
789 1023 895 1084 similis
918 1023 1011 1085 etiam
1035 1023 1072 1083 ab
1096 1031 1222 1104 utroque
1236 1022 1349 1085 allecto
1364 1020 1522 1103 impressio
1541 1040 1586 1082 seu

240 1115 342 1195 passio
367 1115 422 1174 erit
447 1112 476 1172 in
501 1132 591 1173 sensu
616 1113 778 1186 communi,
813 1131 870 1173 uuo
903 1123 935 1172 et
962 1112 1067 1173 eedem
1098 1113 1260 1174 existente.
1309 1111 1487 1192 Vestigium
1509 1109 1587 1182 euim,

241 1215 273 1265 nt
297 1204 339 1264 sic
364 1203 477 1275 dicam,
503 1202 581 1279 quud
605 1201 711 1261 dexter
735 1201 837 1262 oculus
862 1221 917 1261 sua
947 1201 1106 1262 affectione
1134 1201 1276 1281 imprimit
1303 1199 1409 1262 sensui
1438 1199 1585 1270 communi,

240 1293 385 1374 imprimit
408 1300 440 1351 et
463 1291 586 1351 sinister
605 1310 674 1350 sua:
700 1299 843 1369 quantum
867 1290 906 1350 ad
931 1291 1115 1352 efficiendam
1140 1291 1169 1352 iu
1194 1289 1318 1352 cerebro
1343 1308 1456 1351 noram
1480 1289 1586 1349 sensio·

242 1401 309 1442 nem
334 1381 453 1441 attinet.
501 1379 655 1440 Posterior
678 1398 747 1458 pars
772 1378 986 1458 propositionis
1009 1380 1145 1459 sequitur
1172 1399 1211 1440 ex
1234 1378 1319 1441 th.
1366 1379 1449 1440 Nam
1473 1377 1499 1438 si
1522 1377 1586 1438 risio

243 1480 291 1532 est
322 1469 422 1530 sensio
455 1467 645 1528 instrumenti
678 1469 796 1541 affecti,
830 1476 863 1528 ut
894 1469 1052 1542 affectnm3
1090 1469 1148 1529 duo
1182 1488 1253 1530 sero
1286 1469 1493 1529 instrumenta
1518 1475 1586 1536 suut.

245 1558 400 1639 quodlibet
423 1557 563 1617 affectum
597 1558 805 1635 peculiariter,
840 1557 916 1616 duae
950 1557 1041 1636 igitur
1071 1557 1143 1619 fient
1173 1559 1389 1639 impressiones
1418 1556 1448 1617 in
1479 1573 1585 1616 seusun

244 1664 427 1709 communem
451 1646 550 1707 etsie
575 1646 651 1706 darae
675 1645 810 1723 ejusdem
834 1646 876 1705 rei
900 1646 1066 1707 seusioues.

331 1736 399 1797 Neu
424 1735 519 1796 servit
541 1734 633 1811 igitur
656 1734 828 1795 decussatio
857 1753 1013 1796 nervorum
1043 1735 1207 1814 optinorum
1241 1733 1322 1794 intus
1355 1733 1383 1793 in
1415 1731 1536 1794 cerebro
1555 1729 1586 1790 ad

247 1825 470 1905 agnoscendam
494 1823 536 1884 rei
567 1822 680 1883 duobus
714 1824 809 1884 oculis
842 1823 925 1885 visae
959 1824 1116 1885 unitatem.
1163 1824 1326 1903 Repugnat
1359 1821 1440 1883 enim
1471 1833 1502 1883 et
1531 1819 1586 1890 hoe,

245 1915 323 1995 quod
349 1932 467 1992 semper
490 1914 510 1974 ii
536 1912 686 1973 decussati
712 1922 798 1972 sunt:
832 1921 864 1972 at
893 1932 950 1973 non
980 1932 1097 1993 semper
1128 1913 1263 1974 ridemur
1286 1930 1350 1973 rem
1374 1929 1466 1972 uuam
1488 1908 1587 1972 sidere.

245 2004 304 2064 etsi
327 2022 415 2063 unam
440 2011 563 2081 utroquo
588 2002 673 2061 oculo
701 2002 845 2063 ridemus.

333 2092 449 2153 LXIII.
496 2090 728 2169 Propositio.
776 2091 843 2151 Neu
869 2101 914 2152 est
930 2090 1083 2169 possibile,
1110 2101 1141 2151 ut
1166 2089 1339 2163 amitermis,
1365 2088 1502 2150 retinens
1523 2103 1585 2146 euu-

247 2182 313 2242 dem
338 2179 428 2241 situm
454 2179 481 2239 in
507 2181 602 2253 oculo,
628 2187 689 2239 tam
713 2200 731 2238 a
755 2179 929 2260 propinquis
954 2199 1043 2259 quam
1067 2201 1085 2238 a
1109 2179 1232 2241 remotis
1256 2177 1402 2239 distincte
1426 2177 1568 2257 pingatur.

334 2270 413 2331 Nam
436 2288 489 2349 per
512 2268 595 2328 XLI.
621 2268 727 2328 rcruoti
751 2269 853 2346 puncti
878 2269 1062 2329 radiationes
1086 2276 1265 2330 concurrunt
1289 2267 1414 2347 propius
1442 2275 1511 2345 post
1532 2265 1586 2325 leu-

248 2370 319 2430 tcm,
344 2377 433 2439 quam
457 2357 627 2436 propinqui.
663 2356 732 2417 Jam
750 2374 820 2416 rere
839 2375 892 2436 per
906 2358 1024 2419 XLIII.
1050 2359 1079 2419 in
1102 2368 1214 2437 puncto
1238 2357 1378 2417 coitionis
1402 2357 1438 2416 tit
1461 2361 1588 2415 securae

248 2449 381 2527 pictura,
414 2465 484 2524 ergo
508 2454 596 2506 extra
619 2457 761 2523 punctum
786 2465 948 2508 concursus
971 2447 1005 2508 tit
1032 2449 1158 2509 contusa
1181 2447 1316 2525 pictura,
1346 2464 1441 2526 quare
1468 2461 1520 2523 per
1540 2439 1588 2502 tx

247 2538 339 2598 etiam
363 2535 439 2596 visio
465 2535 648 2594 indistincta.
695 2534 736 2594 Et
760 2536 821 2607 sic,
846 2535 893 2596 ubi
918 2545 1058 2597 accurate
1082 2537 1244 2617 pinguntur
1271 2534 1452 2615 propinqua,
1481 2531 1519 2592 ibi
1540 2547 1587 2591 nou

246 2635 297 2687 est
319 2644 481 2687 concursus
508 2623 656 2685 radiorum
679 2623 781 2701 puncti
807 2624 929 2696 remoti,
954 2624 1063 2686 ibidem
1087 2626 1179 2703 igitur
1201 2635 1320 2687 remota
1343 2623 1507 2703 pinguntur
1526 2637 1588 2680 cen·

250 2717 333 2790 fuse,
360 2722 392 2774 et
416 2712 563 2774 vicissim:
596 2719 627 2772 ct
650 2731 703 2792 per
727 2730 930 2792 consequens,
962 2733 1020 2794 que
1053 2714 1114 2775 situ
1137 2715 1301 2776 retifermis
1325 2713 1449 2773 tunicae
1472 2710 1510 2772 ad
1531 2727 1589 2788 crs·

248 2804 403 2865 stallinnm
428 2809 544 2863 remota
567 2801 702 2862 ridemus
733 2801 894 2874 distincte,
927 2802 978 2863 illo
1011 2803 1071 2863 situ
1102 2803 1237 2884 ejusdem
1269 2802 1442 2884 propinqua
1471 2797 1590 2860 ridemus

247 2894 380 2955 confuse.

338 2981 453 3042 LXIV.
501 2978 733 3057 Propositio.
782 2976 860 3039 Sunt
883 2978 932 3058 qui
966 2989 1083 3041 renaota
1107 2980 1250 3041 distincte
1282 2979 1405 3052 vident,
1439 2969 1592 3058 prepidqua

249 3071 381 3144 confuse,
407 3089 480 3148 quos
505 3068 689 3128 Aristoteles
714 3068 847 3145 appellat
870 3071 1053 3146 rependente:
1078 3077 1148 3130 sunt
1177 3070 1226 3149 qui
1256 3069 1428 3149 propinqua
1451 3065 1592 3132 distincte,

249 3165 365 3221 remota
389 3159 521 3232 contuse,
547 3157 595 3236 qui
620 3156 779 3217 Aristoteli
804 3166 873 3216 stant
895 3180 1031 3231 peuense:
1062 3171 1142 3230 sunt,
1168 3159 1217 3238 qui
1240 3158 1411 3238 propinqua
1435 3166 1468 3218 et
1491 3163 1593 3217 remota

250 3247 383 3322 confuse,
410 3247 535 3325 denique
560 3246 608 3324 qui
633 3257 758 3324 utraque
784 3245 935 3307 distincte.

336 3336 507 3416 I’repositio
532 3347 578 3394 est
602 3335 809 3414 physiologica
833 3343 862 3393 ct
887 3336 949 3395 lere
974 3335 1098 3396 nredica.
1137 3334 1196 3406 Qut
1218 3344 1344 3414 utraque
1370 3334 1460 3394 simul
1483 3331 1592 3392 contuse

250 3427 361 3500 rident,
388 3427 462 3486 oculi
489 3423 621 3485 morbum
646 3425 765 3496 halent,
792 3423 910 3484 lusciosi
936 3424 983 3484 rel
1008 3427 1096 3503 plane
1121 3426 1214 3486 caeci.
1254 3423 1506 3485 t'orrlermatione
1528 3419 1594 3480 euin

147 3549 152 3560 ·
247 3518 324 3577 oculi
349 3516 458 3575 vitiata
482 3513 617 3591 secpritur
639 3513 694 3572 ltoc
719 3519 830 3582 πιιθος.

338 3603 396 3674 Qui
417 3611 541 3681 utruque
567 3601 652 3660 simul
679 3601 820 3661 distincte
846 3601 966 3674 sidem,
994 3603 1110 3662 naulum
1134 3610 1166 3662 et
1189 3623 1295 3664 sanum
1321 3602 1435 3663 liabent
1462 3611 1492 3661 ct
1515 3599 1595 3676 figam

249 3694 399 3755 mobilem.
447 3692 526 3753 Nnrn
551 3690 620 3769 quia
642 3708 696 3768 per
720 3691 836 3750 LXIII.
862 3691 1024 3752 rctilormis
1050 3691 1153 3769 nequit
1177 3693 1282 3753 eodem
1316 3693 1378 3753 situ
1411 3690 1452 3750 ab
1477 3689 1595 3764 utrisque

250 3784 417 3862 aequaliter
441 3781 538 3859 pingi,
562 3780 591 3838 in
617 3779 662 3837 nis
686 3797 771 3851 vcro,
798 3779 845 3858 qui
870 3789 996 3859 utraque
1021 3781 1163 3841 distincte
1188 3781 1309 3854 rident,
1345 3780 1517 3861 aequaliter
1538 3777 1594 3856 pln-

250 3872 330 3950 gitur
353 3891 406 3950 per
420 3869 488 3944 LX,
505 3868 599 3940 LXI,
626 3868 787 3928 retiformis
814 3868 903 3946 igitur
927 3881 1064 3948 re=peetn
1080 3869 1211 3932 lmmuris
1235 3869 1405 3950 crystallini
1430 3878 1485 3929 aut
1507 3867 1596 3928 bunum

251 3960 444 4041 crystallinus
469 3964 606 4036 respectu
632 3957 794 4016 retifmmis
825 3958 943 4017 tamicae
979 3961 1043 4019 loco
1077 3970 1213 4020 rnosetur
1246 3959 1290 4019 iis.
1338 3960 1444 4040 sitque
1476 3959 1529 4020 hoc
1557 3961 1596 4014 est

250 4049 431 4119 verisimile,
466 4048 582 4107 oculum
608 4065 726 4114 sanum,
756 4055 894 4123 repetam
919 4056 948 4106 et
970 4047 1147 4126 jarrenilem‚
1182 4049 1260 4108 sicut
1291 4049 1488 4108 umnit'estum
1517 4043 1596 4106 habet

250 4147 362 4199 motum
387 4138 553 4198 naturalem
577 4134 709 4194 anterius
744 4135 771 4194 in
796 4135 918 4213 pupilla,
944 4137 1166 4197 constrictionis
1192 4138 1220 4197 iu
1246 4157 1357 4216 mmma
1384 4139 1451 4198 lnce
1476 4145 1507 4196 et
1528 4133 1596 4194 dila·

251 4228 375 4288 tationis
400 4227 428 4287 in
454 4225 551 4286 tenui:
590 4225 632 4283 sic
667 4223 758 4283 etiam
792 4225 819 4283 iu
854 4225 999 4285 retitbrmi
1034 4225 1134 4286 ttmica
1166 4236 1237 4304 post
1261 4227 1475 4306 crystallinum
1498 4223 1596 4286 haten

251 4317 427 4378 facultatem
452 4314 596 4383 eundem,
622 4321 653 4371 nt
679 4321 810 4373 t'errtrcm
835 4313 960 4384 dilatet,
994 4333 1051 4392 quo
1077 4314 1184 4374 sisisclus
1209 4315 1247 4374 nd
1272 4315 1488 4395 crystallinum
1510 4322 1596 4373 attra-

252 4405 358 4477 hatur‚
385 4405 409 4464 si
436 4413 553 4463 remota
576 4409 645 4460 stitit
669 4401 814 4460 ridenda:
854 4402 987 4463 uicissim
1021 4404 1209 4481 constringat
1244 4415 1402 4474 ventrem,
1439 4416 1472 4464 ut
1503 4399 1596 4464 fundu

252 4493 405 4566 discedat,
431 4493 456 4551 si
482 4490 665 4567 inspicienda
689 4492 862 4570 propinqua.
912 4493 972 4551 Am
999 4491 1068 4552 insit
1102 4503 1199 4552 nuum
1238 4493 1296 4552 istc
1330 4492 1480 4554 naturalis
1510 4489 1598 4572 potins

252 4582 333 4641 telae
368 4601 497 4640 onmem·
536 4599 588 4638 sen
627 4579 799 4640 araclmnidi
839 4575 976 4650 tunicae,
1015 4603 1090 4659 qnae
1130 4581 1242 4641 tenu-n
1277 4583 1410 4643 lmmoris
1444 4573 1598 4664 crystallini

253 4670 282 4730 in
308 4680 413 4729 centro
438 4669 482 4728 sui
507 4670 628 4727 atlixum
653 4668 745 4727 habet
769 4688 893 4748 euntque
917 4689 972 4747 per
995 4671 1096 4730 radios
1122 4672 1222 4748 nigros
1257 4671 1456 4732 circumcirca
1485 4671 1597 4732 emisset

253 4778 318 4818 cum
342 4778 418 4818 urea
442 4759 601 4817 conruent.
648 4758 726 4817 Nam
751 4758 825 4818 radii
852 4758 901 4817 isti
927 4758 1013 4836 nigri,
1038 4778 1199 4837 processus
1224 4760 1345 4820 ciliarcs
1361 4760 1449 4830 dicti.
1476 4761 1598 4821 ridentur

253 4846 319 4906 ideo
344 4848 386 4907 sle
411 4845 586 4924 pectinatim
612 4866 679 4906 csse
704 4846 856 4916 distincti,
882 4856 912 4906 ut
939 4848 1064 4926 quilibet
1088 4867 1142 4927 pro
1166 4869 1199 4907 se
1224 4858 1306 4910 esset
1331 4849 1427 4910 veluti
1452 4843 1597 4928 peculiaris

255 4935 374 5010 quidam
399 4936 564 5008 musculus3
599 4934 703 5015 quibus
730 4935 875 4995 aturensis
900 4934 987 4997 simul
1013 4937 1237 4999 recurrentibus
1270 4937 1299 4998 in
1324 4959 1394 4998 sese
1418 4948 1451 4998 et
1474 4937 1517 4999 sic
1538 4937 1596 4994 bre-

256 5022 340 5084 albus
364 5024 498 5095 effectis,
524 5025 579 5084 hoc
604 5024 695 5084 reltrti
721 5022 919 5103 diaphragma
942 5027 1020 5086 octrli
1048 5027 1207 5106 angustius
1241 5027 1414 5100 redditum,
1447 5019 1596 5090 conducti*
