3692 5842
787 521 790 526 .
844 483 944 550 ·Gapnt
961 484 1089 574 XXTII..
1381 537 1386 548 ,
1414 571 1416 576 γ
1570 486 1634 554 715

283 662 467 742 refutatione
492 662 618 735 dictum)
642 680 700 722 nou
728 670 852 743 posset;
886 669 987 725 ιιιιιιιι
1016 660 1102 725 nobis
1129 662 1207 725 hanc
1239 661 1360 726 stellam
1383 664 1440 727 hoc
1469 665 1535 728 loco
1558 686 1633 728 con-

280 750 439 814 stituerit?
463 752 503 814 Et
518 762 624 832 quarta
639 751 757 831 quidem
772 752 923 813 sententia
941 772 1064 814 causam
1086 751 1305 827 subministrat,
1326 752 1436 817 Oeov'
1417 776 1478 817 arro
1491 777 1633 837 μηχανης,

280 841 337 903 sed
360 849 423 902 tum
447 841 574 914 demum,
598 840 648 901 nbi
672 859 726 901 nos
750 841 849 902 orunia
871 841 1022 903 naturalia
1045 841 1233 903 defecerint
1668 899 1672 906 .

298 953 302 962 ·
376 928 542 993 Conflictns
572 929 663 1008 igitur
691 930 905 991 sententiarum
937 930 1042 992 trium
1057 930 1152 993 oritur
1183 929 1355 992 acerrimus.
1400 931 1532 994 Primum
1554 934 1632 997 euim
1704 921 1711 934 ’

219 1003 462 1100 χιιιιιιιιιι,
486 1037 647 1081 concursus
670 1018 729 1080 iste
759 1019 827 1081 novi
850 1019 958 1084 sideris
982 1038 1047 1082 cum
1071 1020 1258 1099 planetarum
1283 1013 1389 1099 copula
1412 1023 1631 1086 consectarium

278 1109 322 1170 sit
345 1128 383 1169 an
407 1101 577 1189 quaesitum
599 1106 769 1188 quippiam·
801 1115 832 1169 et
863 1109 933 1189 quia
965 1109 1129 1183 versimile,
1164 1108 1330 1190 quaesitum
1362 1109 1514 1189 quippiam
1542 1132 1631 1176 esse·

277 1197 410 1278 amplius
433 1197 600 1271 dubitatur,
633 1207 780 1259 naturane
810 1197 880 1274 hoc,
898 1198 1082 1279 quaesiverit
1110 1218 1147 1260 an
1172 1195 1286 1260 Deus'
1278 1215 1343 1277 ipse
1367 1209 1454 1261 extra
1475 1200 1629 1264 ordinem?

271 1286 412 1350 -Bursnm
444 1298 558 1361 autem,
591 1286 661 1365 quia
691 1286 812 1347 difficile
839 1287 969 1356 creditu,
1003 1297 1141 1350 naturam
1164 1294 1280 1348 tantum
1308 1305 1413 1366 posse,
1441 1291 1630 1354 temerarium

242 1423 245 1428 .
279 1389 364 1449 ιιιιο,
388 1375 453 1437 Deo
477 1376 538 1438 ista
560 1374 700 1449 tribuere,
725 1383 884 1455 propterea
908 1378 985 1456 qnod
1009 1376 1054 1439 sic
1076 1377 1172 1456 ipsum
1195 1376 1223 1438 in
1243 1377 1327 1455 leges
1346 1377 1543 1458 astrologicae
1563 1389 1629 1442 tra-

278 1465 395 1527 bimus:
427 1464 543 1527 animus
566 1464 595 1525 in
619 1463 777 1543 angiportu
807 1485 865 1527 non
889 1467 992 1553 pervio
1016 1466 1197 1528 constitutus
1226 1464 1386 1528 revertitur
1409 1467 1448 1527 ad
1471 1468 1629 1548 pristinam

274 1552 474 1629 sententiam,
503 1572 580 1633 qnae
608 1573 666 1615 non
699 1554 823 1616 consilio
853 1567 1062 1634 procuratum
1076 1555 1152 1624 hunc
1182 1569 1368 1629 concursum,
1399 1556 1454 1617 sed
1477 1560 1627 1621 materiali

276 1642 462 1706 necessitate
493 1653 684 1705 consecutum
714 1644 881 1706 asserebat.
928 1645 1028 1708 Multa
1060 1643 1178 1724 quidem
1212 1642 1375 1705 diximus
1367 1663 1397 1705 ιιι
1425 1637 1627 1724 superioribus

274 1733 332 1794 de
339 1734 439 1794 causis
461 1732 666 1805 naturalibus,
696 1732 802 1812 quibus
834 1733 891 1794 hoc
923 1734 1005 1795 sidus
1036 1734 1174 1795 effectum
1206 1750 1272 1792 esse
1301 1736 1626 1799 consentaneumflat:

274 1839 353 1902 quae
377 1821 597 1902 qualescunque
621 1820 694 1894 siut,
715 1820 821 1899 jubent
844 1842 898 1894 nos
922 1821 1113 1884 considerare
1138 1820 1283 1899 theologi,
1317 1841 1353 1882 ne
1384 1822 1455 1901 quid
1478 1822 1566 1887 nimis
1590 1826 1627 1888 iis

273 1910 453 1972 tribuamus.
499 1910 543 1972 Et
565 1910 704 1971 videntur
726 1920 902 1990 argumenta
918 1930 1007 1985 esse,
1039 1912 1145 1991 quibus
1168 1909 1384 1989 persuadeatur
1407 1911 1507 1985 nohis,
1535 1914 1626 1977 altius

272 2018 381 2064 munus
404 1999 667 2079 esseprovidere,
701 2009 733 2061 ut
765 2020 872 2062 novum
900 2000 983 2062 sidus
1010 2000 1040 2060 in
1073 2017 1265 2079 congressum
1288 1998 1479 2077 planetarum
1501 2001 1625 2078 incidat,

259 2079 364 2169 squam
386 2098 421 2151 ut
444 2098 578 2163 naturae,
603 2089 659 2150 hoc
681 2100 730 2150 est
752 2090 794 2151 illi
818 2090 935 2170 spiritui
959 2089 1053 2152 totius
1077 2087 1208 2150 universi
1231 2087 1320 2149 tribui
1343 2088 1452 2167 possit.
1492 2091 1623 2155 Primum

272 2178 354 2241 enim
376 2178 617 2257 potentissimum
640 2196 708 2239 esse
731 2179 807 2240 hunc
830 2179 966 2259 spiritum
991 2197 1114 2240 necesse
1138 2178 1210 2251 erit;
1224 2186 1267 2238 -ut
1291 2176 1340 2257 qni
1363 2178 1403 2239 ad
1420 2178 1626 2257 gubernacula

272 2268 382 2330 sedeat
406 2276 530 2328 naturae
554 2266 710 2341 coelestis,
734 2268 857 2348 ejusque
880 2268 941 2328 vim
964 2268 1009 2329 ita
1031 2266 1179 2328 moderari
1202 2265 1313 2346 possit,
1339 2273 1373 2327 ut
1396 2269 1533 2348 quaesito
1558 2271 1624 2334 loco

270 2365 305 2418 et
328 2365 461 2437 tempore
484 2357 574 2418 talem
598 2364 716 2435 partum
740 2357 879 2420 enitatur.
926 2357 1048 2419 Deinde·
1063 2366 1097 2418 'et
1119 2356 1247 2418 scientia
1274 2354 1460 2437 amplissima
1491 2359 1619 2440 requiri·

270 2454 339 2520 tnr;
362 2446 509 2507 'nimirum
542 2452 575 2506 ut
606 2445 778 2524 provideat,
812 2446 860 2526 qui
893 2447 1037 2528 qualesve
1069 2464 1248 2525 congressus
1281 2444 1469 2523 planetarum
1497 2466 1536 2510 en
1566 2450 1623 2512 hac

260 2548 378 2598 nostra
393 2535 512 2598 Tellure
536 2533 702 2614 apparituri
725 2535 794 2608 sint,
819 2545 851 2598 et
873 2536 1034 2598 secundum
1059 2535 1146 2596 hanc.
1159 2532 1390 2614 praescientiam
1410 2534 1460 2615 jus
1484 2539 1621 2601 suumin
1729 2559 1734 2578 ¹

269 2625 387 2687 coelum
419 2625 560 2687 extimum
592 2634 743 2685 exerceat
790 2621 865 2695 Quis
897 2634 947 2686 est
978 2625 1067 2705 igitur
1094 2625 1161 2698 ille,
1189 2623 1278 2725 cujus
1310 2622 1438 2685 scientia
1461 2625 1620 2703 Tellurem,
1719 2679 1724 2690 .

268 2715 410 2796 potentia
432 2717 546 2776 coelum
571 2713 712 2775 extimum
735 2714 963 2793 complectitur?
1009 2713 1144 2794 Denique
1177 2712 1286 2774 eximie
1318 2712 1425 2774 bouum
1456 2725 1493 2777 et
1525 2718 1622 2794 φιλαυ·

256 2807 398 2891 'opacos
420 2803 531 2866 evincit
553 2803 629 2879 finis,
655 2803 692 2864 ad
717 2822 804 2884 quem
827 2804 902 2867 haec
924 2803 1113 2884 providentia
1135 2801 1299 2863 contendit.
1347 2798 1405 2863 Cui
1432 2802 1509 2866 enim
1533 2824 1620 2868 crea·

232 2897 236 2904 '
272 2901 359 2954 torae
393 2892 578 2995 propositum
610 2892 765 2955 existimas
796 2893 853 2955 hoc
883 2892 1108 2973 spectaculum?
1140 2891 1232 2954 Num
1265 2890 1354 2952 alicui
1386 2892 1530 2955 coelesti?
1574 2897 1621 2959 At

272 2981 388 3043 dictum
411 2990 458 3042 est
480 2981 510 3043 in
534 2981 647 3060 primae
671 2982 840 3044 sententiae
872 2983 1070 3057 refutatione,
1103 2979 1239 3060 nuspiam
1262 2978 1363 3041 mundi
1395 2980 1452 3042 uisi
1484 3002 1522 3044 ex
1554 2986 1621 3048 sola

272 3070 369 3132 Terra
392 3070 487 3132 visum
511 3088 578 3131 esse
602 3070 686 3131 sidm
704 3071 839 3151 planetis
862 3072 1056 3134 associatum.
1104 3072 1182 3133 Num
1204 3068 1296 3150 igitur
1315 3068 1368 3131 alii
1382 3068 1471 3133 alicui
1485 3076 1622 3138 terrestri

233 3197 236 3201 -
270 3168 431 3222 creaturae
453 3159 639 3239 propositum
664 3170 712 3222 est
735 3161 790 3221 hoc
814 3162 1019 3241 spectaculum
1042 3169 1163 3239 praeter
1185 3157 1357 3220 hominem?

361 3248 418 3309 His
441 3248 533 3327 igitur
556 3249 739 3327 argumentis
763 3249 859 3311 evinci
879 3250 1014 3312 ridetur:
1045 3250 1213 3330 siquidem
1224 3246 1361 3329 quaesita
1377 3239 1425 3310 ιιι
1447 3249 1522 3311 haec
1545 3270 1619 3313 con-

270 3338 412 3417 gruentia
435 3337 492 3399 loci
517 3345 549 3397 et
570 3337 729 3418 temporis,
755 3338 865 3400 nemini
888 3357 956 3401 eam
980 3319 1037 3400 nisi
1061 3338 1117 3402 scii
1139 3337 1206 3400 Deo
1231 3335 1406 3400 transscribi
1428 3354 1529 3416 posse.
1575 3343 1621 3404 At

269 3436 395 3502 contra,
420 3446 477 3487 non
503 3426 627 3488 trahunt
654 3427 741 3488 hoc
733 3448 762 3489 ιιι
787 3428 1025 3492 controversiam·
1049 3428 1268 3507 conjecturales
1291 3426 1334 3487 illi
1357 3426 1490 3507 physici,
1520 3427 1618 3493 Deum

270 3535 342 3578 esse
365 3534 510 3578 summam
533 3525 565 3576 et
588 3516 713 3595 primam
737 3536 858 3578 eausam
878 3536 980 3579 rerum
999 3518 1138 3589 omnium,
1162 3518 1216 3577 sed
1231 3515 1416 3578 contendunt
1437 3515 1492 3578 hoc
1512 3519 1616 3596 solum,

269 3605 369 3668 medio
394 3605 433 3666 ad
456 3606 512 3666 hoc
534 3604 618 3666 sidus
642 3606 829 3669 efficiendum
853 3609 939 3668 usum
962 3625 1030 3667 esse
1053 3605 1218 3667 ordinario:
1251 3623 1306 3667 nec
1329 3603 1397 3665 ideo
1419 3604 1515 3667 Deum
1539 3608 1617 3670 edici

268 3713 307 3757 ex
330 3695 382 3756 illo
405 3713 460 3755 suo
476 3692 590 3773 Spiritu
615 3715 667 3775 per
692 3704 786 3758 totum
811 3697 950 3758 mundum
974 3695 1095 3771 meanti,
1119 3696 1145 3757 si
1161 3695 1289 3757 maxime
1312 3692 1356 3755 illi
1372 3702 1403 3755 et
1421 3693 1497 3756 hanc
1516 3697 1617 3759 scieu-

271 3784 346 3847 tiam
370 3791 403 3845 et
424 3783 500 3845 hanc
522 3784 689 3872 potentiam
713 3793 744 3846 et
767 3786 844 3847 hanc
860 3773 1026 3848 bonitatem
1042 3785 1215 3849 tribuamus.
1252 3782 1383 3846 Primum
1409 3783 1486 3846 enim
1502 3784 1615 3849 finitum

268 3882 318 3936 ιιι
340 3891 407 3935 curu
430 3872 485 3934 hoc
509 3890 582 3951 opus
607 3884 669 3935 tum
693 3874 846 3937 uniuersus
870 3875 947 3938 adeo
970 3863 1113 3937 muudus:
1137 3875 1222 3937 linita
1246 3872 1337 3954 igitur
1360 3872 1512 3951 potentia,
1537 3894 1613 3956 quae

269 3962 318 4025 hic
342 3961 500 4024 exseritur
538 3962 595 4024 Dei
619 3982 690 4025 uero
708 3964 835 4026 virtutes
854 3984 957 4026 omnes
976 3964 1119 4028 infinitae.
1155 3964 1273 4027 Deinde
1291 3980 1346 4023 nec
1365 3961 1511 4042 qualitate
1526 3984 1617 4045 supra

268 4061 425 4114 creaturas
455 4060 538 4112 sunt·
558 4052 627 4115 ista.
684 4051 773 4123 Quod
804 4054 882 4115 euim
915 4054 1074 4116 scientiam
1106 4063 1255 4117 astrorum
1286 4049 1415 4124 a'ttiuet,
1447 4054 1614 4118 certissime

267 4140 468 4203 demonstrari
490 4148 601 4219 potest,
628 4143 783 4206 universae
803 4144 1016 4218 astronomiae,
1040 4144 1138 4224 qualis
1157 4151 1284 4224 apparet
1294 4141 1331 4203 ιιι
1355 4140 1458 4216 Terra,
1482 4143 1612 4225 impres·

266 4231 382 4294 sionem
406 4239 437 4291 et
460 4232 682 4310 perceptionem
704 4231 780 4293 citra
804 4232 923 4312 quidem
946 4234 1113 4298 discursum
1126 4234 1234 4318 ‘inesse
1255 4240 1381 4295 naturae
1396 4250 1492 4294 rerum
1507 4234 1609 4297 sublu-

265 4318 385 4382 narinm
409 4327 442 4380 et
470 4320 665 4383 facultatibus
697 4322 897 4398 naturalibus,
929 4330 991 4384 tam
1013 4342 1099 4403 ¹quae
1131 4323 1161 4386 iu
1185 4324 1297 4386 Terrae
1329 4319 1492 4384 visceribus
1524 4337 1612 4404 quam

265 4427 344 4489 quae
366 4408 397 4469 in
420 4408 621 4470 animantibus
646 4410 755 4473 insunt.
802 4407 882 4480 Quid
905 4411 1009 4474 mirum
1031 4412 1131 4493 igitur,
1156 4412 1182 4474 si
1205 4412 1313 4474 eadem·
1330 4418 1362 4471 et
1382 4409 1428 4474 illi
1445 4413 1613 4491 peremnia

264 4498 379 4560 meanti
399 4496 524 4577 Spiritui
548 4498 733 4560 tribuamus?
770 4499 942 4563 Potentiam
964 4519 1035 4563 vero
1064 4502 1195 4583 ejusdem
1226 4503 1293 4563 dnm
1317 4498 1393 4561 coeli
1417 4500 1611 4581 amplitudine

264 4588 413 4650 metimur.
436 4605 552 4648 rursum
577 4588 694 4649 humaui
710 4588 779 4667 quid
798 4589 937 4668 patimur,
962 4592 1068 4671 quibus
1082 4593 1197 4653 coelum
1212 4592 1249 4652 ob
1264 4591 1358 4651 solam
1377 4593 1610 4669 magnitudinem

255 4684 315 4739 est
337 4674 527 4744 admirabile,
551 4675 617 4739 cnm
642 4698 696 4740 nos
720 4673 757 4739 ob
781 4679 978 4757 exiguitatem
1003 4681 1094 4743 simus
1118 4680 1348 4743 contemtibiles.
1395 4680 1469 4750 Mihi
1492 4680 1610 4761 quidem

260 4766 359 4828 multo
383 4764 509 4826 nobilior
533 4767 663 4829 facultas
687 4766 797 4829 homini
820 4769 938 4831 ridetur
961 4771 1075 4832 tributa
1098 4770 1264 4849 ceterisque
1288 4768 1506 4845 animantibus,
1539 4771 1609 4851 gig·

263 4854 355 4917 uendi
378 4854 434 4917 sibi
466 4854 578 4932 simile,
611 4868 733 4937 propter
764 4855 910 4919 infinitam
942 4861 1138 4922 membrorum
1171 4859 1299 4920 omnium
1332 4858 1372 4919 ad
1403 4860 1490 4920 finem
1522 4881 1608 4924 suum

263 4944 496 5017 ordinationem,
533 4948 726 5027 quam-mec
760 4955 808 5009 est
840 4948 916 5010 coeii
947 4950 1086 5027 potentia
1117 4948 1155 5010 ad
1187 4950 1395 5027 conglobanda
1418 4961 1610 5014 excrementa

263 5034 410 5096 coelestia
427 5033 457 5095 in
472 5050 560 5098 unam
575 5037 684 5099 stellae
707 5055 803 5100 nouae
818 5037 952 5118 liguram.
997 5038 1063 5103 Nec
1086 5040 1188 5115 refert,
1217 5037 1247 5114 in
1270 5031 1419 5121 qnantum·
1434 5040 1566 5136 spatium
1589 5062 1609 5108 a
