3692 5842
619 537 621 542 ,
650 505 653 512 ·
726 483 808 549 capue
825 483 915 535 xxva
1431 486 1502 554 707.

142 663 291 725 Existunt
312 663 428 726 infinita
449 662 616 743 hujusmodi
640 681 718 723 nova
740 662 854 736 sidera,
883 662 1099 741 quodlibetex
1120 681 1179 724 uno
1206 669 1389 727 tesserarum
1408 665 1496 745 jactu
1557 671 1576 690 ¹·

143 763 264 833 tempus
287 754 345 816 sibi
372 754 527 833 locumque
555 751 704 815 sortitum.
749 751 848 830 Ajunt
878 751 984 830 igitur,
1018 752 1240 814 concedendum
1265 773 1342 815 ease·
1366 756 1495 830 omniuo,

143 842 170 903 si
196 843 340 905 darentur
365 842 472 904 infiniti
505 842 674 920 hujusmodi
702 842 820 921 jactus,
851 847 956 919 utpote
980 842 1018 901 ab
1047 841 1152 902 ultima
1179 843 1378 915 aeternitate,
1408 864 1496 924 quam

143 932 336 1011 disputantes
369 939 629 1012 praesupponunt,
662 932 791 993 futurum
824 930 960 1004 omnino,
993 939 1027 992 ut
1050 931 1128 991 iuter
1160 930 1392 994 innumerabiles
1417 934 1497 996 alios

143 1022 307 1102 aliqnando
340 1023 432 1084 etiam
455 1020 503 1081 hic
526 1020 632 1093 cadat,
663 1020 711 1099 qui
740 1019 837 1080 locum
867 1019 1085 1097 conjunctionis
1113 1038 1241 1097 maguae
1264 1040 1331 1083 curn
1363 1030 1496 1102 tempore

143 1110 362 1190 conjunctionis
381 1110 515 1189 ejusdem
536 1110 664 1188 copulet.
701 1110 808 1187 Itaque
830 1108 869 1169 nil
889 1109 1005 1183 mirum,
1029 1108 1140 1169 nullam
1155 1108 1282 1171 rationis
1298 1110 1497 1189 suspicionem

143 1219 213 1261 esse
236 1200 405 1280 perhibent,
429 1200 455 1260 si
478 1198 556 1259 iuter
579 1198 807 1260 innumerabilia
829 1216 908 1258 nova
932 1197 1033 1259 sidera
1056 1205 1181 1259 aeterua
1207 1199 1286 1260 serie
1310 1199 1352 1270 (si
1375 1201 1497 1263 daretur

142 1290 235 1363 haec)
266 1289 324 1350 sibi
356 1287 548 1351 succedentia
582 1295 699 1360 mutuo,
734 1288 835 1367 aliqua
864 1287 955 1347 etium
991 1288 1045 1349 sub
1078 1287 1221 1349 articulos
1254 1288 1521 1367 conjunctionum.

142 1396 325 1458 maguamm·
348 1378 561 1452 incendantur,
578 1375 627 1437 'et
649 1378 676 1439 si
700 1377 778 1439 inter
800 1376 1027 1438 innumerabilia
1055 1376 1156 1437 sidera
1183 1395 1277 1445 nova,
1311 1379 1495 1457 temporibus

143 1486 323 1546 magnarum
346 1466 585 1547 conjunctionum
605 1474 682 1539 orta,
707 1465 853 1545 quaedam
872 1465 964 1526 etiam
982 1465 1012 1526 in
1030 1465 1085 1526 illa
1103 1462 1169 1527 800
1188 1485 1332 1529 annornm
1356 1467 1494 1529 infinities

142 1556 302 1619 redeuntia
332 1556 454 1617 exordia
482 1555 634 1629 incidant,
666 1555 794 1635 denique
823 1554 848 1614 si
877 1554 956 1615 inter
986 1553 1217 1615 innumerabiles
1250 1574 1344 1619 novas
1377 1558 1494 1633 stellas,

144 1665 223 1727 quae
247 1664 313 1707 cnm
336 1645 468 1708 exordiis
499 1643 687 1723 periodorum
718 1643 834 1705 zodiaci
862 1644 1047 1716 coincidunt,
1083 1644 1199 1723 aliquae
1228 1645 1320 1707 etiam
1344 1643 1374 1706 in
1397 1645 1494 1725 ipsum

145 1737 255 1807 locum,
278 1735 329 1797 ubi
351 1734 466 1814 periodi
490 1733 708 1812 conjunctionis
731 1740 814 1793 meta
836 1732 946 1811 figitur,
970 1732 1161 1794 collocentur.

233 1832 295 1895 Alii
319 1832 485 1894 doctrinam
501 1830 678 1893 Aristotelis
697 1831 874 1892 de‘tortuna
893 1837 924 1891 et
943 1849 1014 1892 casu
1038 1829 1160 1909 propius
1184 1831 1493 1932 exprimuntvquibus
1604 1815 1608 1823 ¹

141 1923 255 2003 placet,
280 1941 336 1983 uon
356 1922 473 2001 quidem
494 1920 617 1982 fortuito
637 1940 732 2001 neque
750 1921 829 1982 coire
849 1920 990 2000 planetas
1008 1938 1103 2001 neque
1125 1918 1285 1982 incendi
1263 1939 1371 1982 navas
1368 1922 1494 1992 stellae.

141 2012 223 2073 Esse
252 2010 330 2072 enirn
364 2010 513 2072 illarum
504 2030 534 2072 ru
563 2029 651 2071 cursu
683 2009 772 2084 coeli,
805 2009 942 2070 harnm'
935 2029 963 2070 ιιι
991 2009 1197 2088 penetralibus
1212 2011 1353 2076 naturae
1374 2029 1495 2102 capsas

142 2102 282 2180 utrinque
315 2099 466 2179 proprias,
499 2118 557 2161 uon
581 2119 675 2160 nexas
705 2099 818 2159 alteras
842 2097 880 2159 ab
909 2098 1032 2159 ulteris·
1066 2118 1103 2168 ex
1131 2097 1276 2179 utrisque:
1292 2101 1346 2160 sub
1365 2085 1441 2168 loco
1464 2108 1531 2161 ιι.

143 2199 281 2269 tempore
304 2188 435 2251 existere
456 2205 522 2250 cum
539 2190 729 2292 planetarum
752 2206 931 2266 congressus
951 2195 1014 2248 tum
1035 2185 1177 2255 ιιιιιιιιιιιι
1200 2187 1336 2251 siderum
1355 2196 1494 2288 emortus:
1522 2231 1525 2239 -

144 2278 337 2342 nihilominus
361 2297 433 2340 casu
457 2278 532 2351 lieri,
558 2278 582 2339 si
607 2277 776 2356 conjunctio
800 2296 865 2337 cnm
889 2294 966 2337 novo
995 2273 1094 2338 sidere
1118 2295 1171 2337 sen
1193 2284 1332 2357 tompore
1352 2257 1410 2340 riu
1422 2277 1515 2340 lodo-
1554 2331 1558 2340 .

143 2368 325 2431 conveniat:
349 2387 445 2448 neque
469 2368 547 2427 enim
570 2368 648 2427 hunc
671 2366 764 2427 foisse
787 2384 909 2445 scopum
932 2364 1042 2426 rectori
1061 2365 1168 2446 hujus·
1162 2363 1285 2430 mnndi
1296 2366 1493 2462 piopotitnirr,

143 2459 202 2521 has
224 2475 383 2537 procurare
408 2456 638 2535 congruentias,
667 2455 722 2515 sed
746 2454 872 2516 cientem
903 2454 967 2516 illic
990 2455 1079 2516 orbes
1102 2451 1268 2536 ιοιΙιιιιι,
1299 2453 1347 2518 hic
1370 2445 1504 2530 na'tnrae·
1567 2455 1583 2490 ’-

142 2547 214 2620 ιίιιι,
239 2546 319 2608 ultro
342 2554 373 2607 et
395 2554 515 2624 praeter
539 2545 691 2624 singulare
715 2544 844 2605 studium
864 2544 931 2605 sola
944 2543 1107 2606 materiali¹
1118 2544 1304 2622 necessitate
1317 2545 1380 2608 ista
1401 2553 1497 2625 doape

143 2645 231 2698 tare:
256 2654 313 2696 non
338 2635 458 2716 quidem
481 2633 664 2695 nescientem
687 2632 756 2707 ista,
780 2641 814 2694 ιιι
836 2652 895 2694 nos
914 2633 1059 2710 homioer,
1084 2634 1155 2704 sed
1161 2635 1260 2706 lau'Jen
1284 2653 1403 2720 nequo
1403 2633 1496 2714 etiam
1562 2659 1568 2671 ·

142 2725 349 2808 unaerentem
395 2725 569 2803 Proponunt
601 2723 768 2800 exemplum
791 2741 830 2783 ex
851 2724 919 2803 ipsa
946 2742 1030 2784 mera
1057 2721 1266 2792 astronomia.
1296 2724 1397 2806 tinge
1399 2709 1496 2786 um‘l·
1532 2744 1535 2752 ·
1562 2741 1572 2772 ··

141 2815 256 2878 lonium
289 2812 489 2892 eclipticum
481 2832 510 2874 ιιι
539 2813 636 2892 ipsum
663 2812 794 2873 incidere
827 2811 1076 2892 aequinoctium¹
1085 2812 1167 2875 liic
1178 2815 1288 2874 motos
1300 2811 1381 2888 Solis
1401 2831 1529 2886 causa*

143 2911 194 2966 est
216 2904 347 2985 genuina
370 2900 557 2981 aequinoctii,
583 2909 681 2962 motus
697 2902 810 2976 Lunae,
836 2901 885 2981 qui
904 2908 1077 2981 separatum
1101 2902 1172 2994 quid
1196 2905 1261 2964 osb
1264 2921 1286 2962 a
1291 2903 1387 2963 motu
1405 2881 1495 2977 Solii,

142 3003 239 3058 eausa
262 3001 310 3053 est
333 2990 453 3071 deliquii
473 2990 563 3052 Solis.
602 2991 778 3051 Moderator
800 2991 900 3070 itaque
925 2992 1017 3053 totius
1040 2997 1166 3054 naturae
1189 3009 1248 3054 nou
1267 2989 1296 3052 in
1314 2990 1376 3054 hoc
1395 2949 1496 3056 Saloni

142 3094 177 3146 et
199 3083 316 3145 Lunam
341 3080 417 3155 ciet,
452 3090 485 3142 ut
508 3079 668 3160 deliquium
692 3079 803 3159 jungat
830 3079 1035 3160 aequinoctio,
1060 3073 1174 3143 sedne
1197 3079 1299 3143 Solem
1322 3080 1496 3168 Lunamque

143 3184 203 3235 non
218 3172 322 3243 ''cieat,
356 3189 412 3233 sua
435 3170 598 3249 quemlibet
622 3169 704 3246 lege,
736 3188 795 3229 non
819 3169 929 3248 refugit
957 3170 1154 3251 deliquium
1141 3190 1286 3249 Jongere
1299 3169 1496 3251 aequinoctio.

143 3261 339 3342 Quapropter
370 3259 465 3319 semel
494 3258 679 3337 deprehenso
713 3277 799 3320 cursu
823 3256 917 3333 Solis,
950 3278 1038 3321 cursu
1062 3260 1153 3321 etiam
1176 3261 1295 3334 Lnuae,
1320 3259 1385 3339 jam
1407 3275 1497 3339 porro

142 3370 203 3414 non
217 3351 344 3412 miratur
362 3348 490 3428 amplios
514 3356 712 3421 astronomus,
738 3341 899 3427 deliquium
919 3346 1067 3427 aliquod
1058 3367 1207 3411 incurrere
1222 3349 1250 3409 io
1266 3347 1496 3429 aequinoctium.

142 3441 194 3504 Ad
218 3438 297 3501 hunc
320 3439 454 3511 modom,
475 3437 514 3498 si
538 3456 615 3499 nova
643 3437 716 3498 haec
737 3435 845 3497 sidera
877 3456 1000 3498 causam
1027 3439 1141 3499 habeut
1169 3437 1335 3499 naturalem
1368 3455 1496 3517 suaeque

142 3529 287 3611 periodos
307 3547 348 3589 ex
370 3527 558 3608 praescripto
582 3545 708 3602 caueae,
741 3525 815 3586 nihil
838 3525 990 3587 habebunt
1019 3544 1199 3607 magnopere
1232 3525 1397 3587 mirandum
1420 3524 1497 3586 varii

142 3616 439 3681 circumstantiarum
471 3634 651 3678 concursus:
682 3635 737 3677 nec
767 3615 863 3695 magis
893 3616 1111 3697 quaerendum,
1147 3634 1238 3696 quare
1271 3621 1375 3676 nostra
1406 3614 1497 3676 stella

144 3708 244 3771 tribus
268 3707 358 3769 fuerit
381 3704 514 3786 planetis
534 3706 649 3785 juncta,
673 3724 760 3786 qoam
785 3724 876 3785 quare
894 3704 975 3785 prior
992 3704 1054 3779 illa,
1079 3722 1154 3785 quae
1177 3723 1255 3765 anno
1282 3701 1376 3766 ¹572.
1401 3703 1505 3775 fulsit,¹
1593 3787 1597 3796 .

142 3797 221 3861 nulli
243 3796 387 3878 planetae
410 3814 443 3856 se
467 3793 674 3857 associaverit.
721 3794 801 3856 Nam
823 3815 842 3855 a
864 3791 941 3855 Jove
964 3795 1097 3874 proximo
1126 3792 1183 3855 sibi
1211 3793 1372 3854 secundum
1394 3791 1495 3871 lougi-

143 3886 280 3949 tudinem
305 3884 402 3947 abfuit
424 3884 504 3945 ultra
527 3879 599 3948 50⁰.
636 3884 702 3945 Hoc
726 3902 814 3945 sensu
838 3884 974 3945 Boethus
998 3883 1076 3964 apud
1094 3881 1287 3945 Plutarchum
1310 3882 1347 3943 de
1367 3882 1496 3965 Pythiae

143 3975 277 4040 oraculis
300 3974 394 4036 multo
417 3973 533 4035 meliori
553 3975 619 4054 jure
643 3992 731 4055 quam
753 3973 840 4034 modo
863 3972 1003 4053 Epicurei
1027 3972 1154 4053 quaerit,
1186 3998 1346 4055 ,quemnam
1370 3983 1496 4037 ιιιιιιιιιι

141 4085 254 4147 tempus
274 4091 329 4128 non
350 4074 453 4127 debeat
472 4079 606 4137 naturae,
628 4074 718 4127 omnia
738 4072 840 4145 quippe
860 4072 967 4127 ferente
987 4071 1163 4128 infinitatel“
1215 4061 1356 4141 Intellige
1380 4060 1437 4136 sic,
1462 4069 1496 4123 ιιι

141 4157 173 4219 in
198 4150 365 4236 geometria
388 4159 420 4214 et
439 4151 622 4213 astronomia
645 4152 775 4214 solemus
795 4170 948 4232 quaerere,
973 4173 1010 4213 an
1029 4152 1181 4234 periodica
1204 4153 1392 4232 planetarum
1414 4157 1495 4211 tem·

141 4263 219 4327 pora
251 4242 312 4305 sint
341 4241 528 4304 irrationalia
551 4241 590 4302 ad
614 4260 647 4301 se
675 4249 791 4315 mutuo,
827 4242 870 4301 ita
892 4248 927 4303 ιιι
953 4240 1093 4303 infinities
1123 4242 1253 4323 repetita
1285 4258 1433 4322 nunquam
1457 4237 1496 4300 ad

142 4351 274 4414 unguem
298 4331 403 4392 eodem
435 4331 524 4391 modo
557 4330 692 4392 redeant.
738 4331 804 4392 Hoc
827 4331 905 4392 enim
932 4330 1032 4411 posito
1064 4350 1189 4393 necesse
1218 4339 1282 4406 est,
1315 4327 1494 4390 aeternitate
1592 4384 1596 4390 .

141 4424 269 4488 inducta
292 4420 391 4482 onmia
414 4420 542 4494 evenire,
568 4438 644 4501 qnae
668 4420 696 4481 in
717 4438 748 4480 re
769 4420 880 4494 insunt,
905 4439 1008 4482 omnes
1029 4428 1102 4500 puta
1121 4421 1232 4482 formas
1257 4416 1495 4499 conjunctionum
1545 4483 1549 4496 ,

141 4514 345 4596 planetarum,
368 4527 491 4591 qoamm
513 4510 543 4571 in
569 4508 758 4589 Centiloquio
784 4509 950 4571 Ptolemaei
974 4517 1043 4570 sont
1069 4508 1141 4571 121.
1189 4509 1260 4570 Dixi
1284 4507 1392 4583 omnia,
1417 4525 1494 4589 qnae

143 4605 175 4666 in
199 4620 232 4664 re
254 4599 378 4661 insunt:
402 4617 471 4659 nam
497 4598 599 4659 demta
621 4598 678 4659 hac
702 4597 872 4661 conditione
894 4619 995 4661 verum
1019 4618 1135 4660 rursum
1159 4599 1236 4660 dixit
1254 4597 1389 4660 Boethus
1413 4596 1493 4658 dicto

141 4694 230 4755 loco:
258 4700 369 4765 ,Sermo
389 4697 437 4770 qui
458 4715 493 4753 ea
513 4698 586 4762 dicit,
611 4715 681 4770 quae
702 4716 756 4752 non
777 4697 858 4753 surrau
887 4690 978 4770 (quae
993 4709 1011 4749 a
1025 4695 1091 4749 toto
1110 4706 1219 4767 genere
1238 4687 1281 4749 rei
1296 4694 1366 4747 sunt
1384 4685 1491 4759 aliena,

143 4791 179 4847 nt
202 4775 230 4843 ¹ei
254 4778 320 4860 quis
343 4796 488 4839 concessa
512 4785 609 4839 motos
633 4777 812 4839 aeternitate
836 4778 908 4839 velit
931 4777 1054 4839 tandem
1078 4784 1109 4839 et
1130 4777 1202 4838 illud
1227 4777 1354 4848 efficere,
1379 4783 1412 4835 ut
1429 4773 1491 4835 bini

143 4873 287 4954 planetae
311 4876 481 4947 permutent
505 4868 593 4929 orbes
617 4877 648 4928 et
670 4866 823 4945 periodica
845 4870 1009 4946 tempora),
1035 4895 1081 4942 ,ae
1096 4876 1297 4947 ipsonitiosus,
1323 4874 1489 4930 ιιιιιιιιιι·

143 4966 258 5036 spectat
276 4960 364 5023 fldem,
388 4974 469 5029 quam
489 4959 514 5011 ei
536 4975 616 5012 casus
637 4957 788 5011 conciliet‘*

234 5038 378 5121 Sequitur
400 5046 510 5119 quarta
531 5037 629 5118 opinio
657 5036 860 5117 theologomm
884 5036 921 5097 de
946 5035 1077 5098 fontibus
1105 5033 1262 5095 derivata.
1295 5003 1490 5114 quibuscum

1217 5136 1277 5187 ⁴5·
