3692 5842
746 493 827 561 ⁰⁸1³ut
843 495 899 548 XV·
959 535 966 544 ·
1431 490 1491 563 671

147 670 305 735 dimidium
330 666 396 736 16‘:
426 670 484 734 hoe
507 670 641 734 additum
664 672 703 734 ad
725 669 786 737 50⁰
811 671 872 751 12⁴,
896 673 986 736 efficit
1008 670 1070 737 50⁰
1092 670 1161 739 28‘:
1193 681 1282 757 atque
1304 675 1382 738 hanc
1405 675 1501 739 centri

146 760 252 830 dicunt
274 760 464 824 altitudinem
487 760 546 822 visi
567 779 622 842 per
644 771 788 838 extrema,
813 783 872 825 non
894 783 948 845 per
972 781 1014 825 se.

238 850 302 914 Sed
324 849 396 932 qnid
419 850 562 912 immoror
584 851 678 926 hisce,
703 871 769 914 cum
791 852 911 915 videam
934 853 1074 933 ignorare
1096 852 1262 928 hominem,
1286 852 1357 934 quid
1380 852 1422 916 sit
1443 852 1499 917 ob·

146 940 282 1004 servatio
305 947 562 1014 astronomorum,
593 941 700 1003 nedum
723 948 758 1003 ut
778 962 908 1023 unquam
938 943 1003 1023 ipse
1035 941 1250 1004 observaverit.
1296 942 1398 1021 Negat
1419 943 1498 1004 enim

146 1029 232 1093 Solis
256 1037 390 1092 centrum
413 1028 509 1090 videri
531 1048 632 1109 posse,
657 1030 716 1092 nisi
739 1031 879 1112 aquilinis
903 1030 1009 1095 oculis.
1048 1032 1097 1094 Ac
1115 1050 1181 1092 cum
1204 1030 1270 1111 ipse
1285 1030 1369 1092 hisce
1385 1039 1498 1108 careat,

145 1118 284 1200 sequitur
307 1117 412 1181 Solem
434 1118 472 1179 ab
496 1118 562 1200 ipso
586 1139 736 1200 nunquam
767 1121 968 1182 observatum.
1015 1120 1122 1183 Talem
1143 1119 1295 1181 hominem
1317 1139 1376 1180 non
1400 1119 1500 1184 decuit

144 1206 177 1269 in
199 1208 346 1271 Paduano
371 1216 458 1269 coetu
482 1207 589 1269 docere
613 1227 660 1283 ea,
684 1228 760 1291 quae
777 1210 915 1272 somniat«
930 1210 968 1271 de
985 1209 1085 1273 Stella
1098 1210 1186 1272 Nova
1210 1216 1242 1269 et
1264 1209 1374 1271 ceteris
1397 1219 1499 1272 astro-

144 1295 291 1373 nomicis;
316 1296 371 1358 sed
393 1296 509 1359 discere
533 1317 552 1357 a
575 1296 752 1360 doctissimo
775 1305 872 1373 coetu,
896 1318 973 1380 qnae
996 1300 1142 1361 hactenns
1165 1297 1325 1378 ignoravit.

233 1385 310 1466 Ejus
334 1385 452 1467 quidem
475 1383 583 1447 librum
607 1387 643 1447 de
660 1388 748 1448 rebus
764 1387 948 1450 coelestibus
971 1395 1078 1449 contra
1099 1387 1329 1449 mathematicos
1354 1386 1497 1467 scriptum

143 1482 176 1537 et
196 1475 328 1538 Parisiis
351 1476 531 1555 impressum
553 1483 665 1557 quanto
688 1495 755 1537 eum
778 1478 933 1538 stomacho
956 1476 1091 1557 legerim,
1116 1477 1177 1539 dici
1199 1477 1250 1538 vix
1272 1484 1383 1557 potest.
1421 1477 1500 1540 Erat

142 1571 247 1627 autem
269 1565 442 1627 necessario
465 1563 611 1644 legendus
639 1564 668 1626 in
692 1565 821 1645 gratiam
843 1559 1026 1646 patroni.²⁸)
1073 1566 1100 1629 Ο
1125 1566 1264 1646 egregias
1289 1565 1500 1645 occupationes

143 1654 268 1734 generis
290 1653 426 1715 humani!
451 1653 530 1734 quod
547 1653 602 1715 hic
626 1654 774 1729 aedificat,
798 1655 877 1716 alter
892 1655 995 1731 dimit,
1019 1655 1090 1737 quia
1113 1655 1271 1717 aedificare
1294 1674 1352 1717 non
1377 1654 1499 1730 didicit;

140 1740 263 1805 scilicet
284 1750 319 1804 nt
340 1741 456 1823 aliquid
479 1762 588 1823 operae
612 1742 728 1825 locique
751 1745 884 1825 supersit
910 1744 1002 1806 tertio
1031 1744 1071 1806 ad
1093 1744 1354 1806 reaedificandum.
1402 1742 1500 1814 Quam

141 1850 202 1912 ego
227 1831 333 1894 lubens
356 1831 406 1893 hic
428 1831 564 1894 exclamo
582 1851 680 1894 meum
703 1833 777 1895 illud
800 1852 838 1894 ex
853 1834 975 1896 Persio:
1020 1834 1159 1898 Ocuraa
1172 1834 1342 1907 bornicum,
1366 1853 1500 1914 oqaua·
1596 1890 1600 1898 .

136 1928 210 1984 tuan
234 1929 280 1984 eat
302 1920 338 1983 ia
358 1921 452 1983 rebam
472 1916 629 1996 inane.²⁹)
675 1921 736 1985 Sed
758 1922 833 1984 haee
856 1922 1013 1985 hactenus.
1060 1922 1182 1987 Dictum
1207 1922 1286 1983 enim
1309 1921 1500 1983 demonstra-

138 2018 267 2092 tumque
300 2017 425 2072 estnec
448 2009 605 2091 quicquam
636 2018 790 2073 mussante
820 2012 1045 2092 imperitissimo
1069 2011 1267 2093 philosopho,
1299 2011 1418 2072 stellam
1442 2030 1500 2072 non

135 2108 278 2162 mutasse
301 2099 399 2161 locum
422 2099 523 2181 aliqua
546 2099 671 2161 notabili
693 2101 842 2180 particula
865 2101 903 2162 de
928 2094 1035 2183 52¹s,‘.
1079 2102 1148 2163 Jam
1171 2119 1331 2181 pergamus
1354 2100 1456 2161 altius.

238 2187 372 2271 Cumque
400 2187 467 2252 Soli
494 2186 663 2250 tribuantur
692 2190 804 2252 usitate
836 2186 867 2253 3¹
895 2190 1106 2271 parallaxeos;
1139 2191 1209 2271 quia
1242 2185 1326 2252 1200
1355 2189 1500 2251 semidia-

139 2278 256 2341 metris
279 2280 391 2340 Terrae
415 2298 434 2338 a
456 2278 552 2339 Terra
574 2285 713 2339 censetur
742 2280 864 2354 abesse,
896 2287 1023 2362 suntque
1046 2280 1104 2340 hae
1128 2277 1159 2342 3‘
1182 2298 1254 2360 pars
1276 2278 1501 2340 undevicesima
1543 2277 1547 2288 '

140 2368 186 2429 de
211 2364 270 2430 57:
294 2367 394 2428 divisa
409 2366 474 2445 jam
494 2366 617 2428 inventa
631 2367 781 2446 parallaxi
803 2368 1000 2449 longitudinis
1024 2360 1123 2450 52¹l,¹
1145 2388 1199 2449 per
1221 2363 1271 2443 19,
1293 2367 1396 2448 prodit
1409 2368 1501 2447 paulo

143 2456 251 2520 minna
274 2452 315 2519 3‘.
355 2454 410 2519 Sol
435 2454 537 2537 itaque
561 2454 587 2515 si
614 2452 699 2518 1200
723 2457 955 2520 semidiametris
978 2459 1108 2520 aTerra
1123 2458 1228 2532 distat,
1253 2456 1432 2519 observatus
1453 2457 1503 2519 his

143 2545 169 2611 2
195 2543 305 2608 sitibus
335 2544 443 2626 quibus
472 2544 563 2606 stella
593 2552 641 2605 est
668 2544 844 2621 observata,
873 2554 1009 2608 mutasse
1039 2547 1137 2609 locum
1165 2547 1249 2608 visus
1278 2556 1362 2607 esset
1382 2565 1436 2626 per
1459 2543 1501 2621 3⁴,

139 2634 520 2717 quanmmvis.quiescens
544 2652 577 2694 se
593 2633 660 2713 ipso
683 2635 715 2695 in
738 2635 841 2696 eodem
865 2636 961 2716 gradu
986 2639 1018 2697 et
1034 2636 1148 2698 minuto
1172 2634 1297 2697 zodiaci.
1343 2635 1389 2697 At
1412 2635 1503 2697 stella

142 2731 258 2787 nostra
279 2743 338 2785 non
360 2722 490 2785 mnmvit
511 2722 611 2784 locum
633 2742 688 2804 per
711 2720 759 2800 3‘3
783 2725 853 2806 qnia
877 2725 936 2787 etsi
959 2725 1103 2786 nonnulla
1125 2724 1306 2786 incertitudo
1332 2723 1369 2785 ob
1393 2743 1502 2786 causas

143 2812 305 2877 indicatas
328 2812 429 2874 estin
453 2811 729 2888 observationibus,
753 2822 854 2875 tamen
878 2822 909 2876 et
933 2813 1057 2878 Octobri
1082 2821 1113 2876 et
1135 2812 1298 2876 Februario
1322 2813 1460 2894 utrinqne
1484 2834 1502 2874 a

144 2902 331 2985 quibusdam
362 2900 461 2962 stellis
493 2901 681 2980 deprehensa
708 2912 757 2965 est
783 2903 813 2964 in
840 2898 899 2965 17⁰
920 2900 975 2967 40¹
999 2909 1038 2979 s,
1068 2903 1206 2986 utrinque
1231 2923 1249 2964 a
1272 2902 1449 2984 quibusdam
1471 2901 1503 2964 in

147 2988 214 3055 17⁰
236 2987 291 3054 tt‘
314 2990 362 3051 vel
385 2986 441 3053 43¹
465 2996 502 3063 ,A
542 2990 585 3052 Et
606 3009 643 3052 ne
668 2991 834 3069 existimes,
858 2995 972 3055 factum
994 2994 1051 3055 hoc
1074 3011 1143 3055 esse
1166 2992 1245 3067 ideo,
1269 2991 1339 3073 quia
1362 3010 1422 3054 non
1445 2991 1502 3054 iis·

145 3081 223 3143 dem
237 3079 376 3161 utrinque
400 3078 499 3141 stellis
524 3098 626 3142 snmus
648 3080 706 3155 usi,
730 3101 799 3143 ecce
814 3084 944 3163 Byrgius
964 3103 1086 3145 mensus
1110 3090 1159 3144 est
1179 3080 1305 3146 Octobri
1329 3079 1367 3142 ab
1389 3080 1504 3163 Aquila

140 3165 211 3235 45⁰
234 3164 303 3232 43¹:
336 3169 404 3248 Ego
434 3188 506 3229 vero
529 3188 652 3230 mensus
683 3191 749 3232 sum
770 3171 935 3233 Februario
965 3171 1002 3233 ab
1026 3172 1131 3232 eadem
1153 3171 1267 3253 Aquila
1294 3178 1367 3251 post
1389 3179 1503 3233 certam

140 3259 365 3323 correctionem
388 3258 491 3320 itidem
513 3252 574 3319 45⁰
595 3252 659 3320 43‘.

242 3346 418 3410 Memineris
441 3354 556 3421 autem,
589 3346 620 3407 in
642 3347 700 3409 hac
723 3346 982 3427 argumentatione
1004 3348 1206 3428 praesupponi
1228 3347 1413 3429 hypotheses
1435 3348 1502 3409 usi-

143 3445 252 3512 tatas,
276 3455 352 3518 quae
376 3437 500 3497 Terram
523 3435 627 3497 dicunt
650 3443 748 3511 stare,
771 3437 897 3499 fixarum
922 3437 1081 3517 sphaeram
1105 3437 1248 3498 converti.
1295 3437 1361 3498 Aut
1384 3436 1410 3497 si
1433 3436 1501 3517 quis

146 3535 201 3590 est
224 3525 255 3587 in
278 3525 430 3587 sententia
454 3524 628 3606 Copemici:
661 3544 727 3587 eum
755 3524 813 3587 hac
836 3526 956 3607 quidem
985 3524 1244 3605 argumentatione
1267 3519 1354 3587 nsum
1376 3543 1502 3588 necesse

145 3623 210 3690 est,
233 3633 344 3695 ponere
368 3614 453 3676 sidus
481 3624 565 3676 certa
593 3615 720 3695 quadam
748 3615 894 3678 distantia
922 3616 1040 3676 affixum
1064 3613 1192 3676 Telluri:
1228 3613 1272 3676 sie
1294 3621 1329 3676 ut
1356 3633 1423 3676 eam
1451 3633 1502 3675 se-

147 3713 262 3788 quatur
285 3703 433 3786 quomodo
464 3704 542 3783 apud
566 3704 715 3765 Braheum
744 3704 832 3767 orbes
861 3712 1025 3786 sequuntur
1048 3703 1167 3777 Solem,
1199 3702 1279 3783 apud
1303 3702 1502 3783 Copernicum
1555 3728 1557 3732 ’

141 3813 221 3857 vero
244 3795 331 3856 Luna
354 3792 512 3855 Tellurem.

241 3883 323 3945 Idem
347 3900 419 3943 vero
442 3881 574 3962 probabo
590 3881 681 3943 etiam
705 3881 803 3958 aliter,
829 3883 913 3945 sidus
930 3881 1022 3944 altius
1041 3901 1109 3943 esse
1124 3882 1229 3944 Lunae
1253 3879 1385 3943 sedibus.
1423 3881 1503 3944 Nam

146 3973 176 4036 si
200 3974 288 4037 Luna
316 3972 420 4033 eodem
449 3972 594 4052 temporis
623 3980 773 4034 momento
803 3980 834 4035 et
856 3973 887 4034 in
908 3971 1055 4035 Bohemia
1084 3978 1115 4032 et
1137 3971 1168 4033 in
1190 3971 1292 4034 Frisia
1315 3969 1502 4047 observatur,

145 4062 280 4125 diversis
312 4060 432 4122 videtur
464 4061 539 4123 loeis
572 4060 627 4122 suh
659 4060 799 4138 zodiac03
832 4069 866 4124 ut
894 4061 978 4141 prius
1012 4061 1048 4121 de
1077 4081 1151 4123 naso
1179 4069 1211 4122 et
1238 4061 1348 4142 pollice
1378 4060 1500 4122 dictum.

146 4150 248 4214 Verbi
270 4150 384 4229 gratia,
408 4150 549 4212 intersint
571 4144 609 4211 60
632 4150 734 4213 circuli
756 4152 872 4233 magni:
906 4148 939 4212 hi
961 4150 1088 4213 totidem
1110 4152 1173 4211 fere
1196 4150 1320 4213 minutis
1343 4147 1503 4213 variabunt

145 4238 368 4320 aspectabilem
391 4239 504 4313 locum,
534 4239 560 4301 si
584 4238 664 4302 circa
687 4240 830 4304 verticem
854 4239 946 4303 fuerit
966 4240 1061 4302 Luna.
1110 4238 1186 4303 Cum
1209 4239 1301 4319 igitur
1323 4258 1383 4301 non
1407 4239 1448 4302 sit
1471 4235 1502 4302 6¹

111 4375 119 4384 .
146 4329 321 4392 differentia
352 4328 430 4391 inter
458 4348 542 4390 meas
573 4335 604 4389 et
629 4329 763 4394 Fabricii
794 4329 1037 4394 observationes:
1069 4328 1161 4409 igitur
1189 4328 1313 4391 humilis
1343 4346 1412 4392 esse
1442 4348 1502 4393 non

141 4417 249 4503 potnit
269 4418 345 4480 hace
369 4418 468 4480 stella.

241 4508 355 4570 Verum
379 4507 507 4589 puerilia
531 4513 601 4569 sunt
623 4506 683 4568 ista
706 4509 898 4583 diastemata,
920 4526 997 4590 quae
1018 4527 1074 4589 pro
1098 4526 1175 4569 novo
1192 4506 1289 4568 sidere
1306 4507 1501 4588 expendimus

146 4599 313 4671 hactenus,
347 4597 416 4659 dum
445 4598 476 4659 in
505 4596 619 4658 usitata
651 4598 803 4660 sententia
835 4598 871 4659 de
905 4597 1005 4680 quiete
1035 4596 1166 4659 Telluris
1198 4615 1362 4674 manemus.
1408 4599 1454 4660 At
1476 4598 1502 4660 si

148 4686 379 4769 Copemicanos
404 4686 615 4748 immensitatis
638 4685 766 4768 abyssos
782 4686 962 4768 aperiamus,
989 4688 1073 4750 Deus
1095 4684 1184 4760 bone,
1208 4694 1350 4767 quantam
1373 4685 1404 4748 in
1427 4686 1500 4748 alti-

144 4776 284 4840 tudinem
309 4775 392 4838 sidus
415 4777 472 4837 hoc
495 4775 683 4837 elevabitur?
1420 4843 1426 4858 ,

238 4867 337 4928 Nemo
367 4865 536 4940 existimet,
568 4866 685 4926 inanem
715 4884 783 4926 esse
811 4865 889 4926 hunc
919 4865 1069 4939 laborem,
1100 4882 1137 4924 ex
1168 4863 1318 4926 sententia
1341 4861 1501 4943 Copernici

147 4954 264 5036 aliquid
289 4956 505 5016 demonstrare.
553 4954 667 5018 Credat
689 4954 777 5030 mihi,
805 4974 862 5016 non
886 4962 1003 5017 tantum
1026 4954 1130 5034 gliscit
1150 4953 1226 5016 haec
1250 4952 1415 5029 sententia,
1447 4953 1501 5016 sed

144 5045 241 5127 plane
274 5044 460 5107 convalescit
491 5044 571 5125 apud
602 5046 809 5127 philosophos.
861 5046 927 5109 Nec
953 5045 1077 5120 mirum,
1110 5062 1177 5105 cum
1207 5062 1262 5126 pro
1294 5063 1331 5105 ea
1362 5042 1500 5105 certatim
