3692 5842
733 491 735 495 -
790 458 820 507 de
839 458 912 507 robur
931 456 1034 521 Opticir.
1553 454 1596 524 65

237 647 295 692 non
320 648 390 692 esse
413 630 588 693 alimentum
611 630 700 710 hujus
723 634 871 696 flammae.
909 634 954 696 At
978 634 1076 696 estin
1099 634 1243 714 sanguine
1268 633 1348 694 aliud
1369 631 1492 713 aliquid,
1516 636 1595 715 quod

238 718 294 780 alit
318 718 487 794 flammam
511 720 542 780 id
567 730 614 781 est
639 720 818 797 verisimile,
847 742 914 783 esse
941 723 1020 784 istud
1044 723 1153 802 pingue
1182 722 1346 802 sanguinis.
1393 724 1438 784 At
1461 743 1515 785 uec
1539 724 1596 785 hoc

238 807 452 887 improbabile,
476 827 545 870 esse
569 807 597 869 in
622 810 720 872 cordis
753 811 872 872 cilicina
901 811 1020 890 igneum
1054 811 1182 891 aliquid,
1211 811 1307 892 qualis
1331 817 1380 873 est
1408 811 1513 873 humor
1536 813 1596 875 vini

238 896 351 968 adusti,
376 916 434 959 non
455 897 557 976 utique
579 896 698 978 pinguis
722 899 776 960 sed
806 899 921 980 igneus.
968 900 1010 962 Et
1032 901 1100 962 hinc
1125 907 1172 960 est
1196 900 1344 974 tortasse,
1369 901 1446 980 quod
1470 901 1544 962 odor
1566 909 1597 963 et

238 1003 331 1066 sapor
353 985 417 1048 vini
449 986 549 1048 adusti
578 993 641 1048 tarn
664 995 714 1050 est
736 995 841 1068 gratus
873 990 1023 1050 humanae
1047 998 1183 1051 naturae.
1227 989 1294 1059 Ais,
1320 990 1499 1071 ellychnium
1523 1010 1597 1051 san·

239 1073 328 1155 guine
352 1074 479 1137 tinctum
497 1095 556 1137 uon
581 1077 685 1139 ardere
705 1087 737 1139 et
759 1078 933 1158 sauguinem
957 1078 1058 1158 potius
1075 1087 1178 1158 aptum
1203 1079 1342 1139 flarnmaa
1367 1079 1596 1155 extinguendas.

239 1162 439 1244 Respondeo:
464 1182 567 1226 rerum
590 1184 658 1226 esse
681 1166 792 1246 probat
820 1168 948 1229 affluxus
979 1168 1133 1248 sanguinis
1158 1167 1196 1228 ad
1220 1185 1272 1228 cor
1299 1168 1494 1247 perniciosus.
1541 1167 1600 1229 Est

239 1253 333 1316 etiarn
356 1272 461 1315 sevum
484 1259 588 1331 aptum
621 1254 842 1335 extinguendae
870 1257 1019 1330 dammae,
1044 1257 1102 1317 nisi
1126 1275 1163 1317 ex
1186 1275 1258 1317 sevo
1289 1256 1372 1335 prius
1402 1265 1600 1336 praeparetur

239 1341 361 1423 pinguis
382 1340 533 1404 exhalatio
549 1342 578 1403 in
601 1344 752 1406 flammam
772 1346 976 1406 convertenda
1026 1347 1074 1407 lta
1090 1345 1119 1407 in
1137 1345 1237 1418 corde,
1261 1345 1288 1406 si
1308 1364 1367 1406 non
1386 1364 1443 1424 ope
1459 1344 1598 1427 ellychnii

240 1439 273 1494 at
294 1430 445 1493 facultate
474 1431 584 1506 cordis,
615 1442 816 1513 praeparatur
839 1444 870 1496 et
900 1435 1070 1497 extrahitur
1098 1453 1135 1495 ex
1159 1434 1261 1515 pingui
1290 1435 1444 1515 sanguinis
1471 1434 1600 1496 materia

241 1526 315 1601 apta
339 1519 578 1583 inflammationi.

329 1610 443 1671 Aerem
467 1627 561 1689 negas
586 1608 742 1690 quicquam
766 1610 846 1673 aliud
877 1612 991 1685 l'ocere,
1021 1632 1109 1693 quam
1143 1611 1264 1692 abigere
1294 1613 1405 1674 fumum
1429 1620 1460 1673 et
1483 1612 1598 1674 cineres

240 1718 261 1760 a
286 1699 425 1773 damma,
454 1697 504 1760 ubi
531 1698 620 1759 valde
653 1718 748 1761 erras.
803 1701 872 1762 lion
900 1700 979 1763 enim
1008 1710 1114 1762 ventus
1143 1702 1230 1781 pellit
1264 1702 1387 1774 fumum,
1418 1700 1472 1762 sed
1501 1701 1598 1763 fumus

241 1787 348 1849 abiens
372 1806 577 1849 successorem
602 1788 731 1849 attrahit
748 1796 858 1850 aerem.
906 1789 979 1853 Vidi
1004 1797 1105 1852 tamen
1129 1790 1279 1872 chymicos
1304 1789 1468 1865 folliculos,
1493 1790 1599 1869 quibus

241 1876 397 1939 confertus
430 1883 483 1938 atr
513 1876 662 1938 violenter
693 1878 723 1938 in
755 1877 936 1941 flammulam
966 1880 1111 1940 candelae
1139 1879 1313 1958 impingitur
1346 1898 1470 1959 eamque
1494 1887 1599 1942 tantae

241 1965 537 2040 efficit-violentiae,
571 1976 605 2028 ut
628 1966 736 2029 vitrum
761 1967 938 2047 colliqueat,
973 1970 1051 2048 quod
1075 1986 1132 2029 non
1157 1977 1245 2047 potes
1269 1968 1367 2029 dicere
1391 1968 1453 2029 lieri
1483 1968 1599 2030 ratione

241 2054 344 2117 abacti
369 2055 443 2116 sumi
467 2062 498 2116 et
521 2055 642 2118 cineris.
690 2057 795 2136 ltaque
820 2057 926 2118 cedere
951 2067 1023 2138 puto
1048 2064 1147 2119 aerem
1171 2056 1200 2117 in
1224 2055 1425 2118 substantiam
1450 2058 1598 2120 flammae.

240 2143 320 2207 Nam
345 2153 484 2204 curtam
516 2144 650 2205 violenta
673 2152 705 2205 et
734 2145 875 2206 contiuua
898 2154 969 2208 sunt
997 2146 1168 2208 ventilabra
1191 2164 1244 2206 seu
1277 2146 1366 2207 folles
1395 2145 1545 2207 fabrorum
1569 2146 1599 2207 in

239 2233 346 2314 prunis
367 2232 565 2306 vivificandis,
590 2234 648 2295 imo
676 2252 727 2296 cur
748 2253 856 2313 aquam
876 2235 1054 2315 inspergunt
1073 2234 1102 2295 in
1126 2228 1282 2308 carbones,
1308 2233 1363 2295 nisi
1386 2241 1420 2295 ut
1439 2234 1600 2297 violentior

239 2321 281 2384 sit
304 2320 408 2402 ignis?
437 2319 512 2383 Cum
536 2321 627 2401 igitur
646 2322 712 2402 ipse
736 2323 872 2398 fatearis,
897 2332 997 2386 adrem
1022 2324 1199 2403 inspiratum
1219 2324 1325 2385 cedere
1345 2322 1374 2383 in
1399 2322 1600 2385 substantiam

240 2409 383 2492 spiritus,
422 2418 455 2471 et
482 2410 606 2490 spiritns
630 2411 671 2473 sit
699 2412 785 2493 hujus
819 2414 956 2474 flammae
980 2416 1009 2474 in
1039 2413 1127 2474 corde
1158 2419 1384 2486 recrementum,
1420 2412 1506 2474 facile
1530 2412 1600 2474 iude

240 2499 410 2575 conficiam,
436 2506 535 2561 adrem
559 2500 738 2579 inspiratum
768 2501 868 2564 facere
892 2503 931 2563 ad
959 2502 1146 2564 nutriendam
1176 2503 1324 2563 flammam
1353 2501 1463 2562 cordis.
1512 2498 1600 2571 Quod

239 2607 313 2651 vero
337 2595 391 2649 aer
415 2607 469 2667 per
491 2589 633 2651 accidens
657 2597 776 2652 tantum
799 2585 960 2670 re'lrigeret
983 2611 1047 2665 cor,
1073 2592 1102 2651 id
1128 2591 1263 2653 omnibus
1292 2590 1409 2652 iudiciis
1434 2598 1599 2670 repugnat;

238 2697 341 2741 noune
377 2696 467 2739 cursu
499 2686 640 2740 contento
681 2678 795 2741 incensi
829 2681 947 2742 lornant
985 2679 1235 2742 ferventissimum
1273 2678 1419 2752 halitum,
1451 2678 1601 2759 inspirant

238 2765 482 2848 copiosissimum
506 2774 623 2836 aerem,
647 2768 789 2830 hauriunt
813 2769 951 2848 frigidum
976 2769 1106 2842 affatim,
1131 2788 1182 2831 cor
1206 2768 1349 2849 palpitat,
1375 2767 1506 2830 arteriae
1530 2769 1599 2849 pul·

237 2863 314 2917 sant
337 2855 517 2917 celerrime?
542 2853 621 2926 Quid
646 2857 714 2918 hinc
739 2857 820 2919 aliud
844 2859 945 2919 videre
967 2868 1023 2929 est,
1049 2877 1137 2938 quam
1153 2865 1253 2920 adrem
1276 2857 1418 2938 primario
1443 2858 1600 2920 subvenire

238 2944 343 3008 cordis
366 2944 527 3024 incendio?
552 2943 622 3020 Cor,
647 2965 684 3006 ne
704 2945 814 3021 rideas,
839 2948 984 3009 munitum
1009 2956 1115 3008 contra
1138 2949 1299 3021 flammam,
1324 2946 1394 3027 quia
1417 2965 1475 3008 non
1496 2953 1602 3007 contra

239 3033 429 3117 quamlibet,
454 3035 508 3096 sed
532 3054 627 3096 snam.
674 3035 779 3116 Neque
803 3055 969 3117 exaggeres
997 3036 1171 3098 violentiam
1195 3036 1336 3112 incendii,
1360 3035 1387 3097 si
1410 3054 1504 3118 vapor
1526 3055 1600 3097 san·

238 3123 341 3206 guinis
357 3125 543 3186 incendatur.
582 3123 653 3185 Dixi
672 3143 799 3204 namquo
817 3144 916 3205 supra,
943 3126 1012 3206 quid
1032 3126 1122 3187 cedat
1136 3126 1164 3187 iu
1185 3125 1343 3188 materiem
1362 3125 1430 3188 huic
1449 3127 1597 3188 flammae.

333 3210 508 3287 Concludo,
534 3214 684 3275 flammam
708 3213 806 3275 cordis
831 3213 971 3275 fortassis
996 3215 1050 3276 tibi
1078 3215 1243 3277 concedere
1265 3234 1403 3296 possem,
1428 3234 1598 3298 quaerero

238 3303 391 3368 hactenus
414 3311 521 3364 contra
539 3323 606 3364 eam
630 3301 771 3379 attulisti,
796 3302 834 3364 iis
849 3322 944 3365 novas
968 3304 1164 3366 difficultates
1180 3314 1211 3365 et
1231 3305 1422 3386 quaestiones
1443 3305 1597 3385 apemisti,

238 3395 394 3457 dammam
417 3411 474 3454 non
499 3392 687 3454 destruxisti.
734 3391 796 3454 Sed
820 3393 934 3455 desino.

330 3481 422 3544 Vale.
469 3481 587 3561 Pragae
612 3482 640 3544 d.
666 3478 696 3543 5.
722 3481 796 3561 Apr.
825 3478 919 3545 1608.

332 3588 418 3639 Bran
425 3601 556 3653 ggernr,
576 3589 676 3637 minime
695 3588 796 3651 Kepleri
821 3589 956 3637 rationibus
976 3588 1066 3642 rictus,
1087 3587 1150 3636 haec
1168 3586 1293 3635 rescribit:
1321 3585 1446 3637 Redditus
1464 3594 1523 3637 snut
1540 3587 1599 3637 mihi

239 3668 305 3712 tuae
322 3660 420 3717 literae,
439 3673 504 3723 quae
522 3664 550 3707 nt
568 3659 630 3708 aliis
647 3661 685 3708 ita
702 3675 769 3709 nnnc
787 3659 847 3707 mihi
865 3659 1007 3724 obtigerunt
1024 3658 1188 3722 gratissimae.
1225 3657 1279 3722 Ego
1298 3658 1392 3706 omis'ais
1406 3658 1444 3715 iis,
1463 3658 1495 3707 de
1513 3659 1600 3723 quibus

237 3735 295 3797 lam
314 3745 391 3795 saepe
409 3732 536 3780 internos
555 3731 708 3794 disputatum
727 3738 773 3787 est,
793 3731 825 3781 ad
843 3729 937 3794 reliqua
952 3743 1063 3795 pergam.

334 3802 443 3860 Miraris,
462 3803 526 3869 quod
545 3803 603 3860 dixi,
623 3807 705 3851 aerem
724 3817 768 3867 per
787 3802 903 3852 accidens
921 3807 1020 3850 tantum
1041 3800 1186 3864 refrigerare
1206 3813 1254 3849 cor.
1291 3799 1372 3862 Hujus
1390 3800 1465 3865 igitur
1481 3799 1601 3864 paradoxi

240 3877 368 3929 ationem
386 3875 481 3938 accipe.
517 3872 593 3923 Nulla
610 3888 667 3937 para
695 3875 802 3937 corporis
819 3874 856 3922 sui
882 3872 1055 3921 alterationem
1082 3872 1179 3936 quaerit
1196 3870 1236 3921 rel
1254 3877 1313 3935 eget
1329 3870 1386 3928 illa,
1415 3872 1461 3920 nisi
1478 3871 1519 3921 rel
1536 3886 1601 3937 qnae

240 3948 346 3999 laborat
363 3946 509 4010 intemperie
528 3946 660 4002 contraria,
680 3945 717 3995 rel
736 3945 824 3993 saltem
843 3956 907 4008 quae
931 3942 1076 3992 molestatur
1094 3956 1119 3992 re
1138 3943 1235 4002 aliena,
1256 3942 1407 4001 adventitia,
1427 3944 1600 4008 intemperata.

242 4017 309 4083 Quis
327 4019 394 4070 enim
413 4017 494 4068 dicat.
522 4016 601 4081 hepar
618 4022 663 4065 ant
681 4015 842 4065 ventriculum
861 4014 899 4063 rel
923 4016 999 4063 etiam
1026 4027 1128 4063 manum
1145 4020 1189 4063 ant
1207 4013 1309 4078 pedem,
1336 4021 1404 4064 recte
1423 4022 1449 4064 et
1466 4014 1601 4064 secondum

240 4098 362 4143 neuram
381 4104 409 4139 se
426 4090 563 4139 habentes.
589 4088 729 4137 desiderare
751 4084 979 4151 refrigerationem?
1007 4085 1075 4135 idem
1095 4085 1126 4134 de
1144 4085 1217 4134 corde
1240 4085 1413 4143 statuendum,
1440 4086 1503 4149 quod
1521 4085 1602 4135 drona

242 4164 295 4215 atri
313 4163 424 4211 omnium
447 4162 480 4209 ait
507 4159 691 4216 calidissimum,
715 4164 801 4207 tamen
826 4159 969 4221 intemperie
992 4171 1041 4205 non
1069 4156 1177 4212 laborat,
1207 4159 1276 4219 cujns
1302 4157 1385 4221 gratia
1412 4155 1559 4205 alteratione
1577 4161 1604 4205 at

241 4234 401 4286 motione
428 4238 505 4297 egeat
529 4231 588 4281 dum
613 4230 761 4280 naturaliter
779 4244 806 4278 se
824 4229 915 4285 habet,
945 4235 972 4277 at
992 4235 1044 4276 tum
1075 4228 1218 4277 demumst
1239 4241 1284 4290 per
1310 4227 1425 4277 accidens
1451 4225 1603 4292 refrigerium

240 4304 371 4372 postula,
399 4302 499 4369 quando
523 4302 591 4353 calor
609 4304 661 4364 ejus
689 4308 778 4352 anctus
797 4316 828 4350 ex
852 4299 960 4350 naturali
978 4299 1007 4348 lit
1024 4299 1061 4348 rel
1089 4297 1308 4363 praeternaturalia
1326 4299 1352 4346 in
1376 4298 1465 4347 morbis
1483 4298 1522 4347 rel
1538 4311 1602 4346 ncn-

240 4376 369 4429 naurdir
387 4389 430 4438 per
448 4381 542 4424 motum
560 4373 731 4423 vehementem
750 4379 795 4422 ant
813 4386 942 4423 accersam
961 4377 987 4420 et
1003 4384 1075 4418 usum
1095 4370 1197 4419 aliamm
1216 4384 1296 4418 rernm
1316 4367 1524 4418 calefaciendum.

336 4446 423 4497 Meo
441 4459 508 4495 nnnc
528 4444 561 4494 ad
579 4445 749 4508 speculum
776 4442 932 4507 sphaericum
957 4454 1106 4501 concavum,
1134 4441 1164 4489 de
1183 4455 1230 4505 qno
1248 4447 1276 4489 tu
1298 4438 1420 4504 quaedam
1439 4439 1529 4488 moeris
1547 4452 1601 4501 par·
1622 4433 1632 4448 ‘

239 4532 340 4587 penum
371 4518 433 4568 Esto
451 4518 517 4568 enim
535 4516 587 4566 tale
606 4516 732 4580 speculum
742 4519 815 4579 juxta
827 4522 896 4564 tuam
915 4513 1105 4563 delineationem
1120 4510 1188 4561 OHD
1203 4510 1268 4576 (Fig.
1284 4507 1337 4569 ³³),
1358 4511 1427 4571 cnjus
1446 4515 1559 4558 centrum
1571 4509 1602 4565 A,

240 4590 331 4643 radius
348 4589 406 4640 ΔΗ.
442 4588 554 4639 Medium
571 4594 690 4652 punctum
707 4590 772 4636 inter
790 4589 821 4644 A,
839 4587 872 4649 Η,
898 4588 930 4635 sit
948 4589 1037 4651 quarta
1060 4580 1215 4642 diametrii.
1253 4581 1316 4630 Dico
1339 4594 1472 4644 argorum
1489 4578 1602 4644 Magino,

241 4676 261 4713 a
279 4667 337 4711 tota
354 4661 415 4711 basa
433 4675 478 4710 sen
496 4660 572 4710 tundo
590 4660 684 4723 speculi
702 4657 810 4708 FGHlK
833 4660 913 4708 radios
934 4656 1032 4707 solares
1051 4656 1144 4706 redacti
1163 4654 1196 4703 ad
1214 4660 1328 4718 quartam
1344 4651 1459 4700 diametri
1478 4656 1503 4700 et
1522 4649 1604 4714 colligi

240 4730 352 4785 latero
371 4728 445 4784 eti..
474 4746 522 4782 nec
540 4730 616 4781 ullam
635 4733 688 4792 ejus
711 4736 806 4793 partem
834 4729 948 4794 reperiri,
975 4741 1039 4790 qnae
1058 4743 1106 4776 non
1132 4724 1225 4789 aliquid
1253 4723 1377 4773 radiorum
1399 4720 1457 4770 iiiuc
1482 4720 1603 4769 conterat.

241 4803 285 4856 ru
303 4817 362 4854 raro
381 4802 435 4858 air,
454 4802 519 4865 qnod
537 4801 589 4851 tale
615 4800 742 4865 speculum
762 4802 837 4849 etiam
857 4799 932 4849 fundo
956 4812 1044 4847 carens
1073 4797 1158 4847 relicto
1177 4794 1228 4843 solo
1251 4794 1362 4857 margine
1381 4790 1421 4840 OF
1440 4790 1604 4840 radiationem

241 4875 348 4928 antra
365 4887 446 4939 aeque
463 4872 570 4930 lortamr
591 4872 667 4929 item,
686 4870 752 4936 quod
776 4885 871 4935 margo,
890 4871 932 4933 qni
957 4868 1068 4919 incendit
1085 4868 1110 4916 in
1132 4871 1222 4929 quarta
1239 4863 1367 4919 demetri,
1386 4862 1419 4911 sit
1436 4862 1502 4911 inter
1520 4860 1556 4917 c,
1574 4861 1603 4917 F.

239 4946 371 5014 pommus
388 4944 436 5009 ipsi
454 4942 475 4993 (i
493 4950 520 4994 et
537 4942 570 4992 Β.
600 4940 699 4991 Videris
717 4949 745 4991 tu
762 4942 821 4991 mihi
840 4947 954 5007 quartam
972 4939 1086 4990 diametri
1103 4950 1193 5001 ponere
1212 4935 1238 4985 in
1250 4933 1286 4991 M,
1306 4947 1361 4983 curn
1380 4938 1466 4984 tamen
1485 4933 1519 4981 rit
1535 4932 1561 4980 ln
1574 4928 1603 4985 λς

240 5030 332 5070 mun
349 5021 408 5067 utut
424 5015 465 5071 rit.
484 5012 588 5064 fundum
607 5012 667 5064 effi
691 5012 735 5063 tibi
753 5014 859 5063 otiosum
877 5025 947 5069 erse,
965 5017 1050 5077 utpote
1068 5007 1133 5075 qood
1150 5005 1315 5058 radiationem
1333 5018 1403 5054 ruam
1421 5007 1524 5069 rpargat
1541 5002 1606 5049 inter

316 5099 536 5153 remmom-rt
1378 5089 1393 5140 t
