3692 5842
239 463 261 533 8
651 470 751 524 Lirem
769 473 873 539 Keplsrl
891 472 1043 540 altamque
1061 477 1162 522 mutuae

240 667 324 710 meas
348 646 481 711 rationes
496 649 653 711 naturales
673 651 878 732 motionesque
901 649 1076 733 inaequales
1105 651 1231 711 multum
1251 655 1436 728 repugnante
1453 644 1595 728 Tychone

239 738 387 817 confugio.

328 828 378 889 Ad
411 845 506 889 meam
541 846 669 909 namque
692 829 861 909 opinionem
886 847 975 890 manu
1000 825 1083 889 ducit
1111 845 1157 888 rna
1181 824 1331 907 Tychouis
1361 820 1594 894 animadversio,

240 916 289 996 qui
313 924 489 979 constanter
511 917 655 991 affirmat,
680 919 895 982 incrementum
918 918 976 980 hoe
1000 916 1212 996 aequationum
1237 913 1366 993 incipere
1382 934 1400 973 a
1415 911 1495 971 veris
1519 930 1592 972 con·

234 1005 440 1084 junctionibus
464 1014 496 1067 et
517 1007 758 1087 oppositionibus
790 1008 878 1089 inque
908 1026 962 1069 eas
994 1004 1141 1073 desinere.
1190 1002 1233 1065 At
1256 1019 1347 1063 cerae
1370 1001 1595 1079 conjunctiones

239 1102 364 1173 propter
387 1094 540 1174 utriusque
564 1095 718 1157 luminaris
741 1114 846 1159 cursus
869 1096 908 1158 ad
922 1095 1021 1157 visum
1043 1092 1250 1175 inaequabiles
1265 1091 1381 1152 distant
1404 1088 1442 1149 ab
1467 1088 1596 1148 invicem

240 1180 426 1263 temporibus
450 1182 669 1264 inaequalibus.
706 1184 788 1266 Ergo
811 1187 888 1248 haec
910 1185 1044 1247 secunda
1066 1181 1267 1262 inaequalitas
1291 1179 1372 1241 eirca
1394 1178 1596 1257 quadraturas

240 1270 389 1333 interdurn
413 1271 503 1347 citius
526 1273 620 1343 redit,
643 1275 792 1338 interdurn
816 1276 944 1339 tardius.
982 1271 1084 1345 Quare
1107 1273 1154 1333 rel
1170 1270 1283 1332 invitus
1306 1266 1442 1329 adrnittit
1464 1267 1597 1345 aliquam

242 1360 383 1422 motionis
406 1361 664 1441 inaequalitatem.
1484 1440 1490 1454 ι
1533 1440 1572 1453 Η

330 1446 420 1520 Quod
443 1458 544 1511 autem
577 1451 791 1514 incrementum
815 1453 872 1515 hoc
896 1474 915 1514 a
938 1470 1011 1514 vera
1033 1450 1243 1531 conjunctione
1272 1443 1459 1543 luminarium
1483 1452 1597 1520 incipit,

241 1536 270 1598 id
295 1536 367 1599 mibi
386 1539 576 1601 occasionem
597 1540 864 1604 luculentissimam
886 1543 1028 1623 praebet,
1053 1549 1150 1602 totam
1173 1541 1249 1600 lianc
1272 1554 1335 1596 rern
1359 1536 1388 1595 in
1414 1539 1554 1591 rrrtutorn
1580 1549 1598 1590 a

241 1623 314 1688 Sole
336 1644 391 1707 per
414 1626 537 1689 Terram
561 1636 767 1691 transeuntem
790 1630 961 1693 conferendi
986 1628 1147 1702 eomodo,
1172 1626 1220 1708 qui
1239 1626 1305 1704 jam
1328 1620 1477 1703 sequitur:
1571 1706 1576 1718 Ι

330 1714 406 1777 Post
429 1715 554 1778 inventa
576 1716 727 1799 Tyclrouis
750 1717 954 1801 etCopernici
979 1737 1064 1780 uerno
1087 1735 1176 1797 perro
1191 1712 1413 1777 mathematicis
1436 1709 1512 1769 banc
1527 1725 1596 1785 opr-

242 1802 359 1863 nioueur
385 1805 506 1878 eximet,
531 1805 630 1867 inesse
654 1806 795 1869 virtutem
819 1808 848 1870 in
872 1806 955 1871 Solis
978 1826 1103 1888 corpore
1127 1807 1206 1880 (sive
1222 1803 1359 1884 quiescat
1382 1800 1446 1860 sive
1471 1816 1596 1857 nuoren-

244 1900 294 1952 tur
308 1900 339 1951 et
354 1891 445 1970 ipse),
472 1914 549 1975 quae
564 1894 632 1957 inde
652 1905 796 1976 tanquam
810 1917 830 1958 a
848 1898 971 1978 propria
993 1898 1066 1958 sede
1090 1896 1120 1958 in
1144 1896 1284 1976 planetas
1307 1908 1410 1953 omnes
1427 1895 1599 1966 propagata

242 1979 324 2041 eirca
347 1978 451 2043 Solem
474 2002 527 2045 eos
551 1985 721 2060 convolvat,
746 1986 910 2066 quemlibet
931 2004 986 2066 pro
1004 1986 1121 2047 ratione
1145 1982 1308 2046 distantiae
1331 1977 1418 2041 tarde
1442 1975 1488 2035 vel
1513 1974 1596 2075 cele-¹

243 2068 327 2131 riter.
373 2068 421 2131 Ex
446 2070 501 2133 boc
531 2073 680 2135 communi
709 2093 802 2136 ceusu
832 2076 898 2137 sola
920 2075 1008 2137 Luna
1035 2074 1189 2147 eximitur,
1228 2088 1303 2151 quae
1334 2086 1393 2130 uon
1425 2074 1458 2127 ut
1490 2064 1596 2142 reliqui

243 2154 372 2235 quinque
397 2156 518 2236 Solem,
542 2162 597 2223 sed
621 2161 744 2224 Terram
768 2164 982 2226 circumcurrit.
1028 2164 1070 2226 Ει
1093 2172 1194 2225 tamen
1219 2180 1255 2222 oe
1279 2159 1356 2222 banc
1376 2153 1493 2234 quidem
1519 2152 1600 2212 bona

242 2264 309 2307 cum
334 2247 451 2310 ratione
475 2269 493 2310 a
516 2248 627 2332 vincte
651 2251 789 2326 metrice,
814 2273 890 2334 quae
915 2253 972 2315 toti
997 2253 1111 2333 reliquo
1141 2250 1249 2313 ruundo
1273 2244 1437 2309 communis
1462 2251 1519 2315 est,
1544 2259 1597 2301 se-

243 2352 351 2414 parare
376 2355 547 2416 possumus.
594 2338 660 2403 Hoc
684 2359 756 2420 ergo
781 2342 866 2404 nobis
891 2350 958 2404 esto
982 2342 1010 2403 in
1035 2342 1188 2411 confesso,
1212 2338 1314 2399 sedem
1338 2331 1472 2401 virtutis.
1496 2349 1516 2390 ⁸
1539 2347 1600 2408 ‘1¹¹⁸

244 2424 348 2485 Lunae
371 2432 470 2489 motus
504 2427 555 2489 ille
579 2436 749 2491 menstruus
776 2430 991 2511 proficiscitur,
1022 2428 1165 2513 primario
1195 2428 1224 2490 iu
1249 2426 1330 2489 Solis
1354 2438 1478 2503 corpore
1502 2438 1597 2500 qnae-

242 2512 376 2574 rendam.

332 2600 427 2665 Porro
450 2623 518 2667 curn
542 2623 645 2668 omnes
669 2604 779 2686 reliqui
797 2607 941 2689 planetae
965 2608 994 2670 id
1009 2626 1117 2689 corpus
1141 2625 1194 2669 ceu
1210 2606 1322 2667 lentem
1346 2599 1467 2664 virtutis
1491 2596 1598 2660 nautri-

241 2687 287 2751 cis
316 2691 511 2771 experiantur
540 2694 619 2776 quod
648 2694 831 2759 circumeunt
855 2695 973 2770 (Solem
997 2702 1132 2779 nempe),
1162 2696 1248 2758 Luna
1271 2710 1388 2772 quoque
1411 2707 1449 2749 ex
1473 2705 1508 2748 eo
1529 2704 1601 2747 cor-

241 2795 315 2859 pore
339 2781 417 2859 quod
441 2781 578 2845 circumit
601 2784 713 2867 aliquid
732 2784 876 2867 patietur.

332 2868 482 2932 Circnnrit
514 2881 615 2934 autern
639 2873 773 2939 Terram.
821 2877 853 2937 lu
878 2876 974 2937 Terra
1004 2873 1095 2951 igitur
1122 2873 1202 2936 inest
1232 2870 1341 2941 virtus,
1373 2884 1448 2947 quae
1482 2864 1597 2924 Lunam

243 2953 315 3018 ciet.
355 2958 461 3021 Antea
482 2978 555 3022 sero
578 2960 737 3042 primarius
761 2963 826 3042 ejus
851 2966 918 3027 fons
942 2964 971 3026 in
987 2962 1058 3025 Sole
1074 2974 1148 3025 erat.
1185 2959 1266 3031 Quid
1282 2966 1378 3021 restat
1402 2955 1491 3035 igitur
1507 2952 1599 3024 aliud,

245 3063 334 3123 quarn
357 3055 391 3109 ut
414 3048 566 3111 dicamus:
598 3051 702 3130 egredi
727 3073 743 3113 e
767 3051 839 3117 Sole
863 3073 918 3116 ceu
941 3051 1058 3115 radium
1089 3052 1218 3132 aliquem
1242 3047 1364 3110 uirtutis
1387 3042 1534 3114 metricis,
1569 3052 1600 3100 et

244 3133 450 3198 contionatum
475 3155 530 3218 per
552 3157 661 3219 corpus
683 3141 812 3204 Telluris
837 3143 864 3205 in
889 3142 1051 3214 directum,
1076 3138 1105 3202 in
1129 3140 1249 3201 Tellure
1273 3136 1359 3217 quasi
1382 3131 1519 3204 nidulari,
1544 3147 1600 3202 pe·
1636 3215 1643 3223 ἱ

245 3221 399 3305 uitamque
428 3234 461 3288 et
490 3227 706 3291 subsistentem
733 3230 957 3294 continuatione
987 3230 1044 3292 bac
1075 3228 1254 3292 secundaria
1279 3225 1428 3305 quandam
1458 3220 1600 3280 uirtutem

244 3328 299 3373 ceu
323 3312 457 3376 sobolem
479 3313 596 3378 Solaria
615 3316 695 3380 iliius
723 3319 785 3397 jam
810 3320 879 3381 inde
902 3338 919 3381 e
939 3319 1059 3380 Tellure
1083 3325 1225 3399 tanquam
1248 3334 1265 3376 e
1287 3332 1365 3374 nova
1388 3311 1459 3371 sede
1483 3327 1600 3370 rursum

245 3398 274 3459 in
298 3402 400 3465 orbem
431 3405 533 3485 spargi
565 3405 603 3467 ad
634 3406 911 3471 circumducendum
937 3410 1051 3470 Lunam
1076 3407 1156 3469 circa
1180 3407 1317 3475 Terram,
1342 3401 1446 3462 ordine
1469 3420 1488 3458 a
1511 3417 1599 3458 crea-

245 3495 312 3551 tore
336 3492 429 3554 coelis
453 3493 600 3574 imperato
618 3494 648 3555 in
672 3496 829 3576 principio.
866 3497 945 3560 Nam
969 3497 995 3557 si
1019 3497 1056 3558 de
1071 3495 1245 3576 corporibus
1261 3491 1335 3573 ipsis
1351 3487 1602 3551 manifestissima

244 3586 378 3642 testabar
400 3583 603 3662 experientis,
627 3595 745 3646 ceteros
769 3587 910 3665 planetas
935 3583 1014 3660 Soli,
1048 3585 1144 3646 solam
1169 3583 1284 3644 Lunam
1308 3581 1419 3640 Terrae
1444 3576 1598 3644 tributam,

245 3666 316 3747 quid
339 3688 395 3731 uos
412 3670 573 3752 prohibeat
597 3673 702 3734 eadem
726 3674 920 3754 proportione
944 3674 1035 3735 etde
1059 3671 1220 3734 virtutibus
1235 3668 1410 3732 motricibus
1425 3664 1600 3743 disputare?

244 3749 301 3817 llis
329 3772 402 3820 usus
434 3760 631 3822 theorematis
654 3762 788 3843 physicis
812 3762 869 3823 lioc
901 3760 1042 3833 conficio,
1080 3760 1222 3822 virtutem
1259 3758 1287 3818 iu
1312 3755 1384 3819 Sole
1417 3754 1600 3817 residentem

244 3844 352 3907 snecta
376 3864 432 3909 suo
454 3848 630 3912 circularem
655 3861 686 3912 et
710 3850 897 3930 aequabilem
922 3868 990 3911 esse
1015 3848 1206 3929 simpliciter,
1230 3847 1371 3908 virtutem
1398 3862 1470 3905 vero
1495 3841 1600 3903 Lunae

244 3932 417 4007 metricern,
442 3935 618 4001 circularem
642 3938 762 4018 quidem
788 3947 818 3999 et
843 3939 955 4019 ipsam,
981 3939 1034 3998 sed
1059 3936 1129 4018 quia
1144 3936 1367 3999 continuatione
1390 3932 1519 4013 quadani
1534 3949 1600 3991 curn

244 4020 344 4084 Solari
368 4023 493 4100 virtute,
517 4044 595 4105 quae
609 4045 664 4108 per
687 4027 796 4089 lineam
810 4036 926 4089 rectam
941 4027 1079 4100 allicitur,
1104 4026 1258 4093 subsistit,
1283 4025 1349 4085 ideo
1370 4022 1460 4100 juxta
1484 4038 1600 4099 quoque

244 4110 361 4173 roboris
385 4114 497 4193 aliquid
513 4132 551 4177 ex
565 4115 619 4176 illa
643 4116 722 4177 linea
746 4123 844 4189 recta,
869 4134 946 4194 quae
969 4115 1071 4176 eedem
1085 4124 1241 4195 utramque
1256 4111 1423 4182 contremit,
1447 4108 1600 4188 suscipere

244 4200 344 4262 etsie
366 4208 455 4263 tanto
479 4202 674 4266 valentiorem
698 4221 782 4275 esse,
808 4212 921 4284 quanto
946 4204 1042 4265 lineae
1056 4203 1188 4284 propior.
1227 4203 1260 4264 lu
1285 4197 1475 4281 quadraturis
1499 4205 1600 4258 autern

244 4286 332 4350 Luna
355 4290 558 4354 remotissima
576 4301 625 4353 est
639 4292 821 4377 adiametro
835 4290 988 4365 virtutum,
1012 4292 1185 4354 tardissime
1209 4290 1300 4370 igitur
1323 4288 1470 4350 solvetur.
1499 4283 1602 4363 Supra

244 4394 316 4439 vero
338 4378 517 4443 tarditatem
540 4382 635 4443 mensi
658 4398 760 4441 sumus
783 4389 895 4460 puncto
909 4378 935 4443 C
951 4399 1043 4463 supra
1059 4381 1085 4443 B
1100 4389 1235 4443 centrum
1259 4379 1341 4441 orbis
1364 4376 1495 4436 elevato.
1529 4371 1600 4433 Jarn

244 4464 335 4545 igitur
359 4467 387 4532 in
408 4469 614 4548 quadraturis,
649 4476 682 4529 ut
705 4469 802 4531 adbuc
826 4468 941 4530 tardior
970 4471 1080 4533 eradat
1105 4470 1191 4532 lama
1214 4478 1245 4530 et
1269 4464 1464 4547 aequationes
1488 4462 1602 4523 babeat

244 4554 389 4634 majores,
419 4566 561 4637 punctum
586 4557 614 4618 id
634 4554 727 4619 altius
750 4557 847 4619 adbuc
871 4557 1055 4622 elevabimus
1078 4577 1171 4638 nsque
1194 4559 1222 4620 in
1247 4557 1275 4620 D
1298 4556 1423 4619 scilicet.
1471 4549 1598 4612 Statue·

244 4660 310 4705 anus
333 4653 435 4708 autern
459 4643 516 4708 CI)
538 4646 567 4706 in
592 4644 675 4726 prius
698 4653 843 4726 usurpata
866 4646 1052 4709 dimensione
1075 4647 1205 4729 partium
1229 4643 1327 4710 4962.

332 4731 483 4814 Superest
505 4742 537 4795 ut
561 4732 723 4815 explicem,
756 4752 816 4813 qna
847 4744 946 4797 motus
975 4738 1070 4798 torius
1093 4745 1234 4818 punctum
1258 4733 1453 4814 aequalitatis
1478 4753 1496 4792 a
1520 4730 1545 4791 C
1571 4729 1599 4789 in

243 4818 453 4902 Dpervenire
476 4821 645 4898 fingendum
669 4821 720 4894 sit,
745 4831 779 4884 ut
802 4822 949 4885 dimensio
972 4834 1055 4887 recte
1079 4824 1262 4886 instituatur.
1308 4821 1424 4893 Quodsi
1449 4818 1599 4900 Ceperni·

243 4926 310 4972 cum
334 4910 579 4991 quamproxime
604 4910 746 4972 aemulari
772 4911 921 4984 columns,
950 4912 1029 4975 linea
1053 4912 1110 4977 CD
1133 4913 1189 4974 erit
1214 4911 1391 4974 includenda
1414 4910 1525 4971 circulo
1550 4908 1599 4970 di·

242 5000 444 5081 centumque,
469 5008 550 5061 motu
567 4998 734 5061 librationis
756 5017 812 5083 per
825 4999 1004 5066 diametrum
1017 5002 1119 5065 attolli
1138 5010 1279 5082 punctum
1295 5000 1368 5062 illud
1392 4998 1478 5060 initio
1502 5002 1600 5073 tarde,
