<?xml version="1.0" encoding="UTF-8"?>
<!DOCTYPE html PUBLIC "-//W3C//DTD XHTML 1.0 Transitional//EN"
    "http://www.w3.org/TR/xhtml1/DTD/xhtml1-transitional.dtd">
<html xmlns="http://www.w3.org/1999/xhtml" xml:lang="en" lang="en">
 <head>
  <title>
</title>
<meta http-equiv="Content-Type" content="text/html;charset=utf-8" />
  <meta name='ocr-system' content='tesseract 3.04.00' />
  <meta name='ocr-capabilities' content='ocr_page ocr_carea ocr_par ocr_line ocrx_word'/>
</head>
<body>
  <div class='ocr_page' id='page_1' title='image "./joanniskepleria01frisgoog/joanniskepleria01frisgoog_0078.png"; bbox 0 0 3692 5842; ppageno 0'>
   <div class='ocr_carea' id='block_1_1' title="bbox 243 457 1175 525">
    <p class='ocr_par' dir='ltr' id='par_1_1' title="bbox 243 457 1175 525">
     <span class='ocr_line' id='line_1_1' title="bbox 243 457 1175 525; baseline 0 -15"><span class='ocrx_word' id='word_1_1' title='bbox 243 457 288 524; x_wconf 73' lang='grc'><strong>66</strong></span> <span class='ocrx_word' id='word_1_2' title='bbox 661 461 762 511; x_wconf 85' lang='lat' dir='ltr'><strong>Literas</strong></span> <span class='ocrx_word' id='word_1_3' title='bbox 781 460 883 525; x_wconf 83' lang='lat' dir='ltr'><strong>Keplari</strong></span> <span class='ocrx_word' id='word_1_4' title='bbox 903 460 1052 525; x_wconf 73' lang='lat' dir='ltr'><strong>aliorumque</strong></span> <span class='ocrx_word' id='word_1_5' title='bbox 1072 467 1175 511; x_wconf 81' lang='lat' dir='ltr'><strong>mutuae</strong></span> 
     </span>
    </p>
   </div>
   <div class='ocr_carea' id='block_1_2' title="bbox 243 630 1605 2195">
    <p class='ocr_par' dir='ltr' id='par_1_2' title="bbox 243 630 1605 2195">
     <span class='ocr_line' id='line_1_2' title="bbox 244 630 1602 701; baseline -0.005 -13"><span class='ocrx_word' id='word_1_6' title='bbox 244 637 265 688; x_wconf 81' lang='grc' dir='ltr'><strong>Ρ</strong></span> <span class='ocrx_word' id='word_1_7' title='bbox 284 644 310 687; x_wconf 88' lang='lat' dir='ltr'><strong>et</strong></span> <span class='ocrx_word' id='word_1_8' title='bbox 329 639 358 685; x_wconf 79' lang='lat' dir='ltr'><strong>A.</strong></span> <span class='ocrx_word' id='word_1_9' title='bbox 390 638 424 685; x_wconf 80' lang='lat' dir='ltr'><strong>At</strong></span> <span class='ocrx_word' id='word_1_10' title='bbox 443 635 531 685; x_wconf 89' lang='lat' dir='ltr'><strong>eadem</strong></span> <span class='ocrx_word' id='word_1_11' title='bbox 550 649 625 699; x_wconf 87' lang='lat' dir='ltr'><strong>opera</strong></span> <span class='ocrx_word' id='word_1_12' title='bbox 643 637 791 699; x_wconf 90' lang='lat' dir='ltr'><strong>scripsisses,</strong></span> <span class='ocrx_word' id='word_1_13' title='bbox 810 650 866 685; x_wconf 87' lang='lat' dir='ltr'><strong>eam</strong></span> <span class='ocrx_word' id='word_1_14' title='bbox 885 649 1002 701; x_wconf 78' lang='lat' dir='ltr'><strong>spargere</strong></span> <span class='ocrx_word' id='word_1_15' title='bbox 1021 640 1098 687; x_wconf 86' lang='lat' dir='ltr'><strong>etiem</strong></span> <span class='ocrx_word' id='word_1_16' title='bbox 1115 650 1189 700; x_wconf 85' lang='lat' dir='ltr'><strong>snpra</strong></span> <span class='ocrx_word' id='word_1_17' title='bbox 1204 639 1225 686; x_wconf 77' lang='grc' dir='ltr'><strong>Δ</strong></span> <span class='ocrx_word' id='word_1_18' title='bbox 1243 637 1268 686; x_wconf 87' lang='lat' dir='ltr'><strong>in</strong></span> <span class='ocrx_word' id='word_1_19' title='bbox 1283 634 1424 685; x_wconf 69' lang='lat' dir='ltr'><strong>imitatura</strong></span> <span class='ocrx_word' id='word_1_20' title='bbox 1442 645 1503 682; x_wconf 73' lang='lat' dir='ltr'><strong>un</strong></span> <span class='ocrx_word' id='word_1_21' title='bbox 1520 630 1602 681; x_wconf 70' lang='lat' dir='ltr'><strong>radi·</strong></span> 
     </span>
     <span class='ocr_line' id='line_1_3' title="bbox 245 703 1602 770; baseline -0.004 -12"><span class='ocrx_word' id='word_1_22' title='bbox 245 706 301 762; x_wconf 77' lang='lat' dir='ltr'><strong>au,</strong></span> <span class='ocrx_word' id='word_1_23' title='bbox 320 709 345 756; x_wconf 93' lang='lat' dir='ltr'><strong>in</strong></span> <span class='ocrx_word' id='word_1_24' title='bbox 364 723 390 756; x_wconf 87' lang='lat' dir='ltr'><strong>se</strong></span> <span class='ocrx_word' id='word_1_25' title='bbox 409 708 522 762; x_wconf 86' lang='lat' dir='ltr'><strong>reflexus,</strong></span> <span class='ocrx_word' id='word_1_26' title='bbox 543 707 683 757; x_wconf 74' lang='lat' dir='ltr'>extenditur</span> <span class='ocrx_word' id='word_1_27' title='bbox 701 723 749 755; x_wconf 92' lang='lat' dir='ltr'><strong>non</strong></span> <span class='ocrx_word' id='word_1_28' title='bbox 768 715 866 756; x_wconf 90' lang='lat' dir='ltr'><strong>tantum</strong></span> <span class='ocrx_word' id='word_1_29' title='bbox 884 709 909 756; x_wconf 94' lang='lat' dir='ltr'><strong>in</strong></span> <span class='ocrx_word' id='word_1_30' title='bbox 930 711 969 762; x_wconf 80' lang='grc' dir='ltr'><strong>Α.</strong></span> <span class='ocrx_word' id='word_1_31' title='bbox 988 709 1033 759; x_wconf 90' lang='lat' dir='ltr'><strong>sed</strong></span> <span class='ocrx_word' id='word_1_32' title='bbox 1050 711 1076 758; x_wconf 92' lang='lat' dir='ltr'><strong>in</strong></span> <span class='ocrx_word' id='word_1_33' title='bbox 1094 709 1233 764; x_wconf 89' lang='lat' dir='ltr'><strong>inlinitum,</strong></span> <span class='ocrx_word' id='word_1_34' title='bbox 1257 707 1342 770; x_wconf 76' lang='lat' dir='ltr'><strong>reliqui</strong></span> <span class='ocrx_word' id='word_1_35' title='bbox 1360 720 1418 755; x_wconf 83' lang='lat' dir='ltr'><strong>rere</strong></span> <span class='ocrx_word' id='word_1_36' title='bbox 1436 703 1502 754; x_wconf 59' lang='lat' dir='ltr'><strong>redd</strong></span> <span class='ocrx_word' id='word_1_37' title='bbox 1519 716 1602 754; x_wconf 71' lang='lat' dir='ltr'><strong>m</strong></span> 
     </span>
     <span class='ocr_line' id='line_1_4' title="bbox 245 774 1602 843; baseline -0.001 -17"><span class='ocrx_word' id='word_1_38' title='bbox 245 778 391 827; x_wconf 85' lang='lat' dir='ltr'><strong>diametrum</strong></span> <span class='ocrx_word' id='word_1_39' title='bbox 410 786 499 828; x_wconf 79' lang='lat' dir='ltr'><strong>secant</strong></span> <span class='ocrx_word' id='word_1_40' title='bbox 517 780 625 842; x_wconf 86' lang='lat' dir='ltr'><strong>proxime</strong></span> <span class='ocrx_word' id='word_1_41' title='bbox 645 779 709 827; x_wconf 87' lang='lat' dir='ltr'><strong>inira</strong></span> <span class='ocrx_word' id='word_1_42' title='bbox 728 787 846 841; x_wconf 85' lang='lat' dir='ltr'><strong>punctum</strong></span> <span class='ocrx_word' id='word_1_43' title='bbox 865 786 968 843; x_wconf 78' lang='lat' dir='ltr'>quartae</span> <span class='ocrx_word' id='word_1_44' title='bbox 988 779 1003 827; x_wconf 79' lang='grc' dir='ltr'><strong><em>λ</em></strong></span> <span class='ocrx_word' id='word_1_45' title='bbox 1021 794 1068 830; x_wconf 91' lang='lat' dir='ltr'><strong>nec</strong></span> <span class='ocrx_word' id='word_1_46' title='bbox 1086 781 1266 830; x_wconf 86' lang='lat' dir='ltr'><strong>transcendunt</strong></span> <span class='ocrx_word' id='word_1_47' title='bbox 1282 778 1351 833; x_wconf 82' lang='lat' dir='ltr'><strong>iliud,</strong></span> <span class='ocrx_word' id='word_1_48' title='bbox 1369 775 1434 842; x_wconf 86' lang='lat' dir='ltr'><strong>quod</strong></span> <span class='ocrx_word' id='word_1_49' title='bbox 1447 776 1485 824; x_wconf 82' lang='lat' dir='ltr'><strong>sic</strong></span> <span class='ocrx_word' id='word_1_50' title='bbox 1503 774 1602 824; x_wconf 76' lang='lat' dir='ltr'><strong>dem·</strong></span> 
     </span>
     <span class='ocr_line' id='line_1_5' title="bbox 245 846 1602 913; baseline -0.004 -16"><span class='ocrx_word' id='word_1_51' title='bbox 245 856 310 898; x_wconf 83' lang='lat' dir='ltr'><strong>stro:</strong></span> <span class='ocrx_word' id='word_1_52' title='bbox 333 849 392 897; x_wconf 86' lang='lat' dir='ltr'><strong>Esto</strong></span> <span class='ocrx_word' id='word_1_53' title='bbox 418 850 502 899; x_wconf 86' lang='lat' dir='ltr'><strong>radius</strong></span> <span class='ocrx_word' id='word_1_54' title='bbox 521 849 613 899; x_wconf 88' lang='lat' dir='ltr'><strong>Solaris</strong></span> <span class='ocrx_word' id='word_1_55' title='bbox 631 850 685 913; x_wconf 77' lang='grc' dir='ltr'><strong>βγ,</strong></span> <span class='ocrx_word' id='word_1_56' title='bbox 711 852 751 912; x_wconf 94' lang='lat' dir='ltr'><strong>qui</strong></span> <span class='ocrx_word' id='word_1_57' title='bbox 776 850 871 898; x_wconf 88' lang='lat' dir='ltr'><strong>incidat</strong></span> <span class='ocrx_word' id='word_1_58' title='bbox 890 852 914 897; x_wconf 94' lang='lat' dir='ltr'><strong>in</strong></span> <span class='ocrx_word' id='word_1_59' title='bbox 938 851 1029 913; x_wconf 89' lang='lat' dir='ltr'><strong>speculi</strong></span> <span class='ocrx_word' id='word_1_60' title='bbox 1055 852 1156 900; x_wconf 78' lang='lat' dir='ltr'><strong>fundum</strong></span> <span class='ocrx_word' id='word_1_61' title='bbox 1176 853 1241 901; x_wconf 83' lang='lat' dir='ltr'><strong>intra</strong></span> <span class='ocrx_word' id='word_1_62' title='bbox 1259 849 1306 900; x_wconf 87' lang='lat' dir='ltr'><strong>GH</strong></span> <span class='ocrx_word' id='word_1_63' title='bbox 1325 855 1351 898; x_wconf 86' lang='lat' dir='ltr'><strong>et</strong></span> <span class='ocrx_word' id='word_1_64' title='bbox 1375 847 1521 897; x_wconf 72' lang='lat' dir='ltr'><strong>reflectatur</strong></span> <span class='ocrx_word' id='word_1_65' title='bbox 1538 846 1564 894; x_wconf 88' lang='lat' dir='ltr'><strong>iu</strong></span> <span class='ocrx_word' id='word_1_66' title='bbox 1581 856 1602 892; x_wconf 77' lang='lat' dir='ltr'><strong>a.</strong></span> 
     </span>
     <span class='ocr_line' id='line_1_6' title="bbox 244 919 1603 984; baseline -0.002 -16"><span class='ocrx_word' id='word_1_67' title='bbox 244 919 308 969; x_wconf 85' lang='lat' dir='ltr'><strong>Dico</strong></span> <span class='ocrx_word' id='word_1_68' title='bbox 328 928 446 983; x_wconf 89' lang='lat' dir='ltr'><strong>punctum</strong></span> <span class='ocrx_word' id='word_1_69' title='bbox 464 922 644 969; x_wconf 79' lang='lat' dir='ltr'><strong>intersectionis</strong></span> <span class='ocrx_word' id='word_1_70' title='bbox 664 920 779 969; x_wconf 81' lang='lat' dir='ltr'><strong>eradere</strong></span> <span class='ocrx_word' id='word_1_71' title='bbox 798 923 993 984; x_wconf 79' lang='lat' dir='ltr'><strong>infrequentem</strong></span> <span class='ocrx_word' id='word_1_72' title='bbox 1012 922 1124 971; x_wconf 81' lang='lat' dir='ltr'><strong>diametri</strong></span> <span class='ocrx_word' id='word_1_73' title='bbox 1138 919 1161 969; x_wconf 76' lang='grc' dir='ltr'><strong>λ.</strong></span> <span class='ocrx_word' id='word_1_74' title='bbox 1189 921 1302 974; x_wconf 88' lang='lat' dir='ltr'><strong>Ducatur</strong></span> <span class='ocrx_word' id='word_1_75' title='bbox 1321 919 1386 969; x_wconf 86' lang='lat' dir='ltr'><strong>enlm</strong></span> <span class='ocrx_word' id='word_1_76' title='bbox 1405 923 1477 968; x_wconf 79' lang='lat' dir='ltr'><strong>reeta</strong></span> <span class='ocrx_word' id='word_1_77' title='bbox 1489 929 1507 966; x_wconf 88' lang='grc' dir='ltr'>ι</span> <span class='ocrx_word' id='word_1_78' title='bbox 1521 923 1603 966; x_wconf 74' lang='lat' dir='ltr'><strong>cautae</strong></span> 
     </span>
     <span class='ocr_line' id='line_1_7' title="bbox 244 985 1603 1056; baseline -0.001 -16"><span class='ocrx_word' id='word_1_79' title='bbox 244 992 337 1054; x_wconf 85' lang='lat' dir='ltr'><strong>speculi</strong></span> <span class='ocrx_word' id='word_1_80' title='bbox 358 993 378 1039; x_wconf 81' lang='lat' dir='ltr'>A</span> <span class='ocrx_word' id='word_1_81' title='bbox 399 989 567 1054; x_wconf 88' lang='lat' dir='ltr'><strong>ad&#39;punctum</strong></span> <span class='ocrx_word' id='word_1_82' title='bbox 586 992 735 1040; x_wconf 79' lang='lat' dir='ltr'><strong>incidentiae</strong></span> <span class='ocrx_word' id='word_1_83' title='bbox 755 1007 782 1055; x_wconf 76' lang='lat' dir='ltr'><strong>y,</strong></span> <span class='ocrx_word' id='word_1_84' title='bbox 802 994 915 1055; x_wconf 91' lang='lat' dir='ltr'><strong>quaesit</strong></span> <span class='ocrx_word' id='word_1_85' title='bbox 934 994 982 1056; x_wconf 77' lang='grc' dir='ltr'><strong>Δγ,</strong></span> <span class='ocrx_word' id='word_1_86' title='bbox 1007 1007 1086 1056; x_wconf 90' lang='lat' dir='ltr'><strong>eaque</strong></span> <span class='ocrx_word' id='word_1_87' title='bbox 1109 994 1220 1041; x_wconf 82' lang='lat' dir='ltr'><strong>bilariam</strong></span> <span class='ocrx_word' id='word_1_88' title='bbox 1239 999 1337 1042; x_wconf 91' lang='lat' dir='ltr'><strong>secetur</strong></span> <span class='ocrx_word' id='word_1_89' title='bbox 1354 992 1381 1039; x_wconf 86' lang='lat' dir='ltr'><strong>in</strong></span> <span class='ocrx_word' id='word_1_90' title='bbox 1399 989 1428 1044; x_wconf 71' lang='grc' dir='ltr'><strong>θ,</strong></span> <span class='ocrx_word' id='word_1_91' title='bbox 1446 989 1496 1040; x_wconf 84' lang='lat' dir='ltr'><strong>erit</strong></span> <span class='ocrx_word' id='word_1_92' title='bbox 1513 985 1603 1052; x_wconf 66' lang='lat' dir='ltr'><strong>uult</strong></span> 
     </span>
     <span class='ocr_line' id='line_1_8' title="bbox 243 1057 1603 1128; baseline -0.003 -17"><span class='ocrx_word' id='word_1_93' title='bbox 243 1063 302 1128; x_wconf 75' lang='grc' dir='ltr'><strong>βγΑ</strong></span> <span class='ocrx_word' id='word_1_94' title='bbox 322 1063 433 1125; x_wconf 90' lang='lat' dir='ltr'><strong>aequalis</strong></span> <span class='ocrx_word' id='word_1_95' title='bbox 454 1072 504 1110; x_wconf 91' lang='lat' dir='ltr'><strong>tum</strong></span> <span class='ocrx_word' id='word_1_96' title='bbox 524 1063 629 1127; x_wconf 90' lang='lat' dir='ltr'><strong>angulus</strong></span> <span class='ocrx_word' id='word_1_97' title='bbox 649 1066 702 1126; x_wconf 77' lang='lat' dir='ltr'><strong>aye</strong></span> <span class='ocrx_word' id='word_1_98' title='bbox 723 1061 812 1122; x_wconf 85' lang='lat' dir='ltr'><strong>(Viteli</strong></span> <span class='ocrx_word' id='word_1_99' title='bbox 841 1063 873 1118; x_wconf 76' lang='lat' dir='ltr'><strong>V,</strong></span> <span class='ocrx_word' id='word_1_100' title='bbox 897 1062 949 1124; x_wconf 84' lang='lat' dir='ltr'><strong>l0),</strong></span> <span class='ocrx_word' id='word_1_101' title='bbox 969 1072 1021 1112; x_wconf 89' lang='lat' dir='ltr'><strong>tum</strong></span> <span class='ocrx_word' id='word_1_102' title='bbox 1041 1057 1437 1128; x_wconf 74' lang='lat' dir='ltr'><strong>ungulusyar(auei.1,2e).</strong></span> <span class='ocrx_word' id='word_1_103' title='bbox 1476 1057 1563 1120; x_wconf 78' lang='lat' dir='ltr'><strong>Quare</strong></span> <span class='ocrx_word' id='word_1_104' title='bbox 1578 1058 1603 1108; x_wconf 79' lang='lat' dir='ltr'><strong>iu</strong></span> 
     </span>
     <span class='ocr_line' id='line_1_9' title="bbox 245 1127 1602 1200; baseline -0.001 -19"><span class='ocrx_word' id='word_1_105' title='bbox 245 1129 280 1192; x_wconf 78' lang='grc' dir='ltr'>Δ</span> <span class='ocrx_word' id='word_1_106' title='bbox 293 1135 349 1197; x_wconf 71' lang='lat' dir='ltr'><strong>yle</strong></span> <span class='ocrx_word' id='word_1_107' title='bbox 369 1132 452 1197; x_wconf 86' lang='lat' dir='ltr'><strong>anguli</strong></span> <span class='ocrx_word' id='word_1_108' title='bbox 468 1136 498 1188; x_wconf 81' lang='lat' dir='ltr'><strong>A,</strong></span> <span class='ocrx_word' id='word_1_109' title='bbox 513 1146 532 1197; x_wconf 73' lang='grc' dir='ltr'><em>γ</em></span> <span class='ocrx_word' id='word_1_110' title='bbox 550 1140 607 1181; x_wconf 87' lang='lat' dir='ltr'><strong>sunt</strong></span> <span class='ocrx_word' id='word_1_111' title='bbox 626 1133 752 1197; x_wconf 77' lang='lat' dir='ltr'><strong>aequales,</strong></span> <span class='ocrx_word' id='word_1_112' title='bbox 772 1143 796 1182; x_wconf 89' lang='lat' dir='ltr'><strong>ct</strong></span> <span class='ocrx_word' id='word_1_113' title='bbox 811 1132 891 1195; x_wconf 78' lang='lat' dir='ltr'><strong>(Euri.</strong></span> <span class='ocrx_word' id='word_1_114' title='bbox 908 1134 927 1189; x_wconf 87' lang='grc' dir='ltr'><strong>Ι,</strong></span> <span class='ocrx_word' id='word_1_115' title='bbox 942 1132 969 1193; x_wconf 88' lang='grc'><strong>6)</strong></span> <span class='ocrx_word' id='word_1_116' title='bbox 985 1136 1065 1184; x_wconf 92' lang='lat' dir='ltr'><strong>latera</strong></span> <span class='ocrx_word' id='word_1_117' title='bbox 1078 1138 1106 1184; x_wconf 91' lang='lat' dir='ltr'><strong>iis</strong></span> <span class='ocrx_word' id='word_1_118' title='bbox 1126 1137 1237 1198; x_wconf 86' lang='lat' dir='ltr'><strong>opposita</strong></span> <span class='ocrx_word' id='word_1_119' title='bbox 1249 1148 1290 1200; x_wconf 61' lang='grc' dir='ltr'><strong>γε,</strong></span> <span class='ocrx_word' id='word_1_120' title='bbox 1310 1134 1345 1182; x_wconf 80' lang='lat' dir='ltr'><strong>Ae</strong></span> <span class='ocrx_word' id='word_1_121' title='bbox 1359 1134 1424 1181; x_wconf 88' lang='lat' dir='ltr'><strong>inter</strong></span> <span class='ocrx_word' id='word_1_122' title='bbox 1435 1146 1464 1181; x_wconf 87' lang='lat' dir='ltr'><strong>se</strong></span> <span class='ocrx_word' id='word_1_123' title='bbox 1480 1127 1602 1196; x_wconf 63' lang='lat' dir='ltr'><strong>aequalis</strong></span> 
     </span>
     <span class='ocr_line' id='line_1_10' title="bbox 245 1199 1604 1269; baseline -0.002 -16"><span class='ocrx_word' id='word_1_124' title='bbox 245 1203 302 1253; x_wconf 82' lang='lat' dir='ltr'><strong>lam</strong></span> <span class='ocrx_word' id='word_1_125' title='bbox 321 1205 380 1267; x_wconf 88' lang='lat' dir='ltr'><strong>qnia</strong></span> <span class='ocrx_word' id='word_1_126' title='bbox 398 1204 445 1252; x_wconf 93' lang='lat' dir='ltr'><strong>duo</strong></span> <span class='ocrx_word' id='word_1_127' title='bbox 459 1204 539 1253; x_wconf 88' lang='lat' dir='ltr'><strong>latera</strong></span> <span class='ocrx_word' id='word_1_128' title='bbox 557 1209 602 1260; x_wconf 75' lang='lat' dir='ltr'><strong>Aa,</strong></span> <span class='ocrx_word' id='word_1_129' title='bbox 622 1216 654 1268; x_wconf 79' lang='grc' dir='ltr'><strong>εγ</strong></span> <span class='ocrx_word' id='word_1_130' title='bbox 667 1204 738 1252; x_wconf 87' lang='lat' dir='ltr'><strong>simul</strong></span> <span class='ocrx_word' id='word_1_131' title='bbox 755 1215 835 1253; x_wconf 88' lang='lat' dir='ltr'><strong>sumta</strong></span> <span class='ocrx_word' id='word_1_132' title='bbox 855 1208 950 1267; x_wconf 88' lang='lat' dir='ltr'><strong>majora</strong></span> <span class='ocrx_word' id='word_1_133' title='bbox 968 1214 1025 1255; x_wconf 91' lang='lat' dir='ltr'><strong>sunt</strong></span> <span class='ocrx_word' id='word_1_134' title='bbox 1043 1209 1116 1255; x_wconf 89' lang='lat' dir='ltr'><strong>tertio</strong></span> <span class='ocrx_word' id='word_1_135' title='bbox 1129 1208 1178 1269; x_wconf 81' lang='lat' dir='ltr'><strong>Ay,</strong></span> <span class='ocrx_word' id='word_1_136' title='bbox 1197 1207 1243 1256; x_wconf 90' lang='lat' dir='ltr'><strong>erit</strong></span> <span class='ocrx_word' id='word_1_137' title='bbox 1261 1215 1288 1255; x_wconf 93' lang='lat' dir='ltr'><strong>et</strong></span> <span class='ocrx_word' id='word_1_138' title='bbox 1304 1203 1430 1269; x_wconf 83' lang='lat' dir='ltr'><strong>sigillatim</strong></span> <span class='ocrx_word' id='word_1_139' title='bbox 1447 1199 1488 1252; x_wconf 85' lang='lat' dir='ltr'><strong>rel</strong></span> <span class='ocrx_word' id='word_1_140' title='bbox 1505 1199 1604 1250; x_wconf 67' lang='grc' dir='ltr'><strong>κωπίω</strong></span> 
     </span>
     <span class='ocr_line' id='line_1_11' title="bbox 246 1271 1604 1341; baseline -0.001 -18"><span class='ocrx_word' id='word_1_141' title='bbox 246 1274 312 1324; x_wconf 82' lang='lat' dir='ltr'><strong>latus</strong></span> <span class='ocrx_word' id='word_1_142' title='bbox 333 1276 368 1322; x_wconf 80' lang='lat' dir='ltr'><strong>Ae</strong></span> <span class='ocrx_word' id='word_1_143' title='bbox 387 1278 467 1337; x_wconf 81' lang='lat' dir='ltr'><strong>majus</strong></span> <span class='ocrx_word' id='word_1_144' title='bbox 486 1276 588 1324; x_wconf 91' lang='lat' dir='ltr'><strong>dimidia</strong></span> <span class='ocrx_word' id='word_1_145' title='bbox 607 1276 667 1325; x_wconf 88' lang='lat' dir='ltr'><strong>base</strong></span> <span class='ocrx_word' id='word_1_146' title='bbox 687 1277 737 1324; x_wconf 79' lang='lat' dir='ltr'><strong>aa.</strong></span> <span class='ocrx_word' id='word_1_147' title='bbox 776 1275 820 1323; x_wconf 83' lang='lat' dir='ltr'><strong>Est</strong></span> <span class='ocrx_word' id='word_1_148' title='bbox 839 1281 922 1325; x_wconf 87' lang='lat' dir='ltr'><strong>autem</strong></span> <span class='ocrx_word' id='word_1_149' title='bbox 946 1285 1016 1326; x_wconf 91' lang='lat' dir='ltr'><strong>recta</strong></span> <span class='ocrx_word' id='word_1_150' title='bbox 1035 1280 1078 1327; x_wconf 67' lang='lat' dir='ltr'><strong>ab</strong></span> <span class='ocrx_word' id='word_1_151' title='bbox 1096 1278 1206 1341; x_wconf 88' lang='lat' dir='ltr'><strong>aequalis</strong></span> <span class='ocrx_word' id='word_1_152' title='bbox 1234 1285 1319 1327; x_wconf 88' lang='lat' dir='ltr'><strong>rectae</strong></span> <span class='ocrx_word' id='word_1_153' title='bbox 1337 1271 1389 1334; x_wconf 74' lang='lat' dir='ltr'><strong>Al,</strong></span> <span class='ocrx_word' id='word_1_154' title='bbox 1418 1273 1478 1339; x_wconf 82' lang='lat' dir='ltr'><strong>quia</strong></span> <span class='ocrx_word' id='word_1_155' title='bbox 1502 1279 1604 1336; x_wconf 75' lang='lat' dir='ltr'><strong>mque</strong></span> 
     </span>
     <span class='ocr_line' id='line_1_12' title="bbox 246 1341 1605 1412; baseline -0.002 -18"><span class='ocrx_word' id='word_1_156' title='bbox 246 1345 400 1402; x_wconf 84' lang='lat' dir='ltr'><strong>semiradius,</strong></span> <span class='ocrx_word' id='word_1_157' title='bbox 420 1362 479 1411; x_wconf 89' lang='lat' dir='ltr'><strong>ergo</strong></span> <span class='ocrx_word' id='word_1_158' title='bbox 500 1350 534 1395; x_wconf 81' lang='lat' dir='ltr'><strong>At</strong></span> <span class='ocrx_word' id='word_1_159' title='bbox 561 1350 641 1408; x_wconf 90' lang='lat' dir='ltr'><strong>major</strong></span> <span class='ocrx_word' id='word_1_160' title='bbox 659 1355 698 1395; x_wconf 80' lang='lat' dir='ltr'><strong>est</strong></span> <span class='ocrx_word' id='word_1_161' title='bbox 716 1362 789 1409; x_wconf 91' lang='lat' dir='ltr'><strong>quam</strong></span> <span class='ocrx_word' id='word_1_162' title='bbox 813 1346 865 1402; x_wconf 77' lang='lat' dir='ltr'><strong>Al,</strong></span> <span class='ocrx_word' id='word_1_163' title='bbox 885 1357 911 1396; x_wconf 93' lang='lat' dir='ltr'><strong>et</strong></span> <span class='ocrx_word' id='word_1_164' title='bbox 934 1348 1035 1411; x_wconf 83' lang='lat' dir='ltr'><strong>proinde</strong></span> <span class='ocrx_word' id='word_1_165' title='bbox 1062 1357 1180 1412; x_wconf 88' lang='lat' dir='ltr'><strong>punctum</strong></span> <span class='ocrx_word' id='word_1_166' title='bbox 1207 1347 1422 1397; x_wconf 80' lang='lat' dir='ltr'><strong>intersectionise</strong></span> <span class='ocrx_word' id='word_1_167' title='bbox 1446 1343 1517 1395; x_wconf 75' lang='lat' dir='ltr'><strong>cadit</strong></span> <span class='ocrx_word' id='word_1_168' title='bbox 1541 1341 1605 1392; x_wconf 70' lang='lat' dir='ltr'><strong>intra</strong></span> 
     </span>
     <span class='ocr_line' id='line_1_13' title="bbox 246 1413 1603 1481; baseline -0.002 -16"><span class='ocrx_word' id='word_1_169' title='bbox 246 1423 360 1481; x_wconf 87' lang='lat' dir='ltr'><strong>quartam</strong></span> <span class='ocrx_word' id='word_1_170' title='bbox 380 1418 493 1466; x_wconf 90' lang='lat' dir='ltr'><strong>diametri</strong></span> <span class='ocrx_word' id='word_1_171' title='bbox 506 1415 530 1474; x_wconf 79' lang='grc' dir='ltr'><strong>λ,</strong></span> <span class='ocrx_word' id='word_1_172' title='bbox 551 1418 688 1480; x_wconf 87' lang='lat' dir='ltr'><strong>ubicunque</strong></span> <span class='ocrx_word' id='word_1_173' title='bbox 708 1427 850 1481; x_wconf 85' lang='lat' dir='ltr'><strong>sumatury</strong></span> <span class='ocrx_word' id='word_1_174' title='bbox 868 1428 985 1480; x_wconf 87' lang='lat' dir='ltr'><strong>punctum</strong></span> <span class='ocrx_word' id='word_1_175' title='bbox 1003 1421 1153 1471; x_wconf 83' lang='lat' dir='ltr'><strong>incidentiae</strong></span> <span class='ocrx_word' id='word_1_176' title='bbox 1171 1422 1236 1469; x_wconf 84' lang='lat' dir='ltr'><strong>inter</strong></span> <span class='ocrx_word' id='word_1_177' title='bbox 1251 1419 1273 1468; x_wconf 87' lang='lat' dir='ltr'><strong>G</strong></span> <span class='ocrx_word' id='word_1_178' title='bbox 1290 1426 1316 1469; x_wconf 84' lang='lat' dir='ltr'><strong>et</strong></span> <span class='ocrx_word' id='word_1_179' title='bbox 1327 1418 1352 1468; x_wconf 88' lang='grc' dir='ltr'><strong><em>Η</em></strong></span> <span class='ocrx_word' id='word_1_180' title='bbox 1364 1420 1389 1466; x_wconf 92' lang='lat' dir='ltr'><strong>iu</strong></span> <span class='ocrx_word' id='word_1_181' title='bbox 1407 1415 1486 1466; x_wconf 75' lang='lat' dir='ltr'><strong>tundo</strong></span> <span class='ocrx_word' id='word_1_182' title='bbox 1503 1413 1603 1479; x_wconf 68' lang='lat' dir='ltr'><strong>specffl.</strong></span> 
     </span>
     <span class='ocr_line' id='line_1_14' title="bbox 246 1481 1604 1552; baseline 0.001 -14"><span class='ocrx_word' id='word_1_183' title='bbox 246 1487 283 1538; x_wconf 79' lang='lat' dir='ltr'><strong>Ex</strong></span> <span class='ocrx_word' id='word_1_184' title='bbox 301 1502 349 1552; x_wconf 89' lang='lat' dir='ltr'><strong>quo</strong></span> <span class='ocrx_word' id='word_1_185' title='bbox 367 1497 447 1551; x_wconf 87' lang='lat' dir='ltr'><strong>patet,</strong></span> <span class='ocrx_word' id='word_1_186' title='bbox 466 1489 568 1537; x_wconf 84' lang='lat' dir='ltr'><strong>fundum</strong></span> <span class='ocrx_word' id='word_1_187' title='bbox 587 1489 681 1551; x_wconf 79' lang='lat' dir='ltr'><strong>speculi</strong></span> <span class='ocrx_word' id='word_1_188' title='bbox 701 1505 749 1537; x_wconf 93' lang='lat' dir='ltr'><strong>non</strong></span> <span class='ocrx_word' id='word_1_189' title='bbox 773 1491 876 1537; x_wconf 88' lang='lat' dir='ltr'><strong>otiosum</strong></span> <span class='ocrx_word' id='word_1_190' title='bbox 896 1505 964 1540; x_wconf 88' lang='lat' dir='ltr'><strong>csse.</strong></span> <span class='ocrx_word' id='word_1_191' title='bbox 994 1491 1036 1539; x_wconf 89' lang='lat' dir='ltr'><strong>sed</strong></span> <span class='ocrx_word' id='word_1_192' title='bbox 1057 1492 1136 1540; x_wconf 90' lang='lat' dir='ltr'><strong>radios</strong></span> <span class='ocrx_word' id='word_1_193' title='bbox 1160 1492 1327 1541; x_wconf 79' lang='lat' dir='ltr'><strong>transmittere</strong></span> <span class='ocrx_word' id='word_1_194' title='bbox 1345 1502 1429 1539; x_wconf 82' lang='lat' dir='ltr'><strong>reraus</strong></span> <span class='ocrx_word' id='word_1_195' title='bbox 1447 1481 1604 1551; x_wconf 67' lang='lat' dir='ltr'><strong>quartul-</strong></span> 
     </span>
     <span class='ocr_line' id='line_1_15' title="bbox 246 1559 1604 1626; baseline 0.001 -18"><span class='ocrx_word' id='word_1_196' title='bbox 246 1574 292 1608; x_wconf 91' lang='lat' dir='ltr'><strong>nec</strong></span> <span class='ocrx_word' id='word_1_197' title='bbox 311 1574 394 1609; x_wconf 82' lang='lat' dir='ltr'><strong>rerum</strong></span> <span class='ocrx_word' id='word_1_198' title='bbox 414 1574 476 1615; x_wconf 89' lang='lat' dir='ltr'><strong>esse,</strong></span> <span class='ocrx_word' id='word_1_199' title='bbox 496 1560 560 1624; x_wconf 90' lang='lat' dir='ltr'><strong>qnod</strong></span> <span class='ocrx_word' id='word_1_200' title='bbox 578 1567 605 1607; x_wconf 90' lang='lat' dir='ltr'><strong>tu</strong></span> <span class='ocrx_word' id='word_1_201' title='bbox 624 1560 739 1622; x_wconf 86' lang='lat' dir='ltr'><strong>putabas,</strong></span> <span class='ocrx_word' id='word_1_202' title='bbox 758 1560 822 1624; x_wconf 86' lang='lat' dir='ltr'><strong>quod</strong></span> <span class='ocrx_word' id='word_1_203' title='bbox 844 1563 969 1623; x_wconf 89' lang='lat' dir='ltr'><strong>speculum</strong></span> <span class='ocrx_word' id='word_1_204' title='bbox 989 1561 1064 1610; x_wconf 82' lang='lat' dir='ltr'><strong>fundo</strong></span> <span class='ocrx_word' id='word_1_205' title='bbox 1084 1577 1185 1620; x_wconf 86' lang='lat' dir='ltr'><strong>carens,</strong></span> <span class='ocrx_word' id='word_1_206' title='bbox 1204 1563 1289 1611; x_wconf 86' lang='lat' dir='ltr'><strong>relicto</strong></span> <span class='ocrx_word' id='word_1_207' title='bbox 1308 1560 1360 1610; x_wconf 88' lang='lat' dir='ltr'><strong>sole</strong></span> <span class='ocrx_word' id='word_1_208' title='bbox 1379 1559 1508 1626; x_wconf 78' lang='lat' dir='ltr'><strong>margine.</strong></span> <span class='ocrx_word' id='word_1_209' title='bbox 1527 1569 1604 1620; x_wconf 70' lang='lat' dir='ltr'><strong>uqa·</strong></span> 
     </span>
     <span class='ocr_line' id='line_1_16' title="bbox 245 1623 1604 1697; baseline -0.001 -18"><span class='ocrx_word' id='word_1_210' title='bbox 245 1631 334 1679; x_wconf 82' lang='lat' dir='ltr'><strong>lortenr</strong></span> <span class='ocrx_word' id='word_1_211' title='bbox 353 1633 453 1680; x_wconf 90' lang='lat' dir='ltr'><strong>emittat</strong></span> <span class='ocrx_word' id='word_1_212' title='bbox 471 1630 649 1682; x_wconf 80' lang='lat' dir='ltr'><strong>radiationem:</strong></span> <span class='ocrx_word' id='word_1_213' title='bbox 669 1647 700 1680; x_wconf 92' lang='lat' dir='ltr'><strong>ne</strong></span> <span class='ocrx_word' id='word_1_214' title='bbox 720 1631 810 1685; x_wconf 87' lang='lat' dir='ltr'><strong>dicam,</strong></span> <span class='ocrx_word' id='word_1_215' title='bbox 829 1632 893 1694; x_wconf 89' lang='lat' dir='ltr'><strong>quod</strong></span> <span class='ocrx_word' id='word_1_216' title='bbox 912 1632 1017 1680; x_wconf 86' lang='lat' dir='ltr'><strong>radiatio</strong></span> <span class='ocrx_word' id='word_1_217' title='bbox 1036 1634 1155 1697; x_wconf 76' lang='lat' dir='ltr'><strong>marginis</strong></span> <span class='ocrx_word' id='word_1_218' title='bbox 1173 1635 1209 1681; x_wconf 88' lang='lat' dir='ltr'><strong>tui</strong></span> <span class='ocrx_word' id='word_1_219' title='bbox 1229 1631 1268 1682; x_wconf 79' lang='lat' dir='ltr'><strong>CF</strong></span> <span class='ocrx_word' id='word_1_220' title='bbox 1286 1631 1359 1696; x_wconf 90' lang='lat' dir='ltr'><strong>longe</strong></span> <span class='ocrx_word' id='word_1_221' title='bbox 1377 1629 1444 1680; x_wconf 81' lang='lat' dir='ltr'><strong>inira</strong></span> <span class='ocrx_word' id='word_1_222' title='bbox 1461 1623 1604 1694; x_wconf 78' lang='lat' dir='ltr'><strong>quartani</strong></span> 
     </span>
     <span class='ocr_line' id='line_1_17' title="bbox 246 1700 1604 1767; baseline -0.001 -17"><span class='ocrx_word' id='word_1_223' title='bbox 246 1700 368 1765; x_wconf 70' lang='lat' dir='ltr'><strong>colligitur</strong></span> <span class='ocrx_word' id='word_1_224' title='bbox 386 1704 412 1750; x_wconf 87' lang='lat' dir='ltr'><strong>in</strong></span> <span class='ocrx_word' id='word_1_225' title='bbox 431 1701 490 1756; x_wconf 79' lang='lat' dir='ltr'><strong>ato,</strong></span> <span class='ocrx_word' id='word_1_226' title='bbox 509 1709 538 1749; x_wconf 90' lang='lat' dir='ltr'><strong>ut</strong></span> <span class='ocrx_word' id='word_1_227' title='bbox 556 1702 607 1750; x_wconf 84' lang='lat' dir='ltr'><strong>lere</strong></span> <span class='ocrx_word' id='word_1_228' title='bbox 626 1703 659 1751; x_wconf 89' lang='lat' dir='ltr'><strong>sit</strong></span> <span class='ocrx_word' id='word_1_229' title='bbox 677 1702 785 1758; x_wconf 89' lang='lat' dir='ltr'><strong>inutilis,</strong></span> <span class='ocrx_word' id='word_1_230' title='bbox 805 1715 863 1751; x_wconf 93' lang='lat' dir='ltr'><strong>nam</strong></span> <span class='ocrx_word' id='word_1_231' title='bbox 881 1704 945 1767; x_wconf 89' lang='lat' dir='ltr'><strong>ignis</strong></span> <span class='ocrx_word' id='word_1_232' title='bbox 965 1704 1109 1753; x_wconf 86' lang='lat' dir='ltr'><strong>accenditur</strong></span> <span class='ocrx_word' id='word_1_233' title='bbox 1127 1719 1201 1767; x_wconf 84' lang='lat' dir='ltr'><strong>supra</strong></span> <span class='ocrx_word' id='word_1_234' title='bbox 1221 1704 1255 1756; x_wconf 87' lang='lat'><strong>0,</strong></span> <span class='ocrx_word' id='word_1_235' title='bbox 1276 1705 1384 1767; x_wconf 82' lang='lat' dir='ltr'><strong>proxime</strong></span> <span class='ocrx_word' id='word_1_236' title='bbox 1403 1701 1470 1750; x_wconf 74' lang='lat' dir='ltr'><strong>inira</strong></span> <span class='ocrx_word' id='word_1_237' title='bbox 1486 1705 1604 1764; x_wconf 68' lang='lat' dir='ltr'><strong>puuct-</strong></span> 
     </span>
     <span class='ocr_line' id='line_1_18' title="bbox 246 1769 1604 1838; baseline -0.001 -17"><span class='ocrx_word' id='word_1_238' title='bbox 246 1779 350 1836; x_wconf 83' lang='lat' dir='ltr'><strong>quartae</strong></span> <span class='ocrx_word' id='word_1_239' title='bbox 370 1773 483 1821; x_wconf 90' lang='lat' dir='ltr'><strong>diametri</strong></span> <span class='ocrx_word' id='word_1_240' title='bbox 503 1769 525 1819; x_wconf 78' lang='grc' dir='ltr'><strong>λ.</strong></span> <span class='ocrx_word' id='word_1_241' title='bbox 563 1772 619 1821; x_wconf 82' lang='lat' dir='ltr'><strong>Non</strong></span> <span class='ocrx_word' id='word_1_242' title='bbox 638 1775 736 1836; x_wconf 86' lang='lat' dir='ltr'><strong>ignoro,</strong></span> <span class='ocrx_word' id='word_1_243' title='bbox 756 1774 776 1820; x_wconf 90' lang='lat' dir='ltr'><strong>si</strong></span> <span class='ocrx_word' id='word_1_244' title='bbox 795 1773 921 1836; x_wconf 89' lang='lat' dir='ltr'><strong>speculum</strong></span> <span class='ocrx_word' id='word_1_245' title='bbox 947 1784 1058 1823; x_wconf 88' lang='lat' dir='ltr'><strong>sumatur</strong></span> <span class='ocrx_word' id='word_1_246' title='bbox 1077 1772 1126 1823; x_wconf 74' lang='grc' dir='ltr'><strong>90ο</strong></span> <span class='ocrx_word' id='word_1_247' title='bbox 1142 1777 1179 1824; x_wconf 90' lang='lat' dir='ltr'><strong>rel</strong></span> <span class='ocrx_word' id='word_1_248' title='bbox 1200 1773 1272 1830; x_wconf 76' lang='lat'><strong>1²0⁰,</strong></span> <span class='ocrx_word' id='word_1_249' title='bbox 1296 1775 1434 1838; x_wconf 82' lang='lat' dir='ltr'><strong>marginem</strong></span> <span class='ocrx_word' id='word_1_250' title='bbox 1451 1769 1502 1823; x_wconf 83' lang='lat' dir='ltr'><strong>Bl)</strong></span> <span class='ocrx_word' id='word_1_251' title='bbox 1524 1769 1604 1820; x_wconf 75' lang='lat' dir='ltr'><strong>ndu</strong></span> 
     </span>
     <span class='ocr_line' id='line_1_19' title="bbox 246 1841 1604 1908; baseline -0.001 -17"><span class='ocrx_word' id='word_1_252' title='bbox 246 1842 374 1892; x_wconf 80' lang='lat' dir='ltr'><strong>reflectere</strong></span> <span class='ocrx_word' id='word_1_253' title='bbox 393 1845 418 1891; x_wconf 93' lang='lat' dir='ltr'><strong>in</strong></span> <span class='ocrx_word' id='word_1_254' title='bbox 437 1842 502 1899; x_wconf 84' lang='lat' dir='ltr'><strong>HM,</strong></span> <span class='ocrx_word' id='word_1_255' title='bbox 531 1843 604 1908; x_wconf 87' lang='lat' dir='ltr'><strong>longe</strong></span> <span class='ocrx_word' id='word_1_256' title='bbox 623 1846 688 1893; x_wconf 84' lang='lat' dir='ltr'><strong>inira</strong></span> <span class='ocrx_word' id='word_1_257' title='bbox 706 1846 785 1892; x_wconf 86' lang='lat' dir='ltr'><strong>iocum</strong></span> <span class='ocrx_word' id='word_1_258' title='bbox 805 1841 834 1891; x_wconf 79' lang='lat' dir='ltr'><strong>l:</strong></span> <span class='ocrx_word' id='word_1_259' title='bbox 864 1860 910 1893; x_wconf 88' lang='lat' dir='ltr'><strong>nec</strong></span> <span class='ocrx_word' id='word_1_260' title='bbox 930 1861 1037 1908; x_wconf 92' lang='lat' dir='ltr'><strong>unquam</strong></span> <span class='ocrx_word' id='word_1_261' title='bbox 1057 1848 1165 1897; x_wconf 87' lang='lat' dir='ltr'><strong>asserui.</strong></span> <span class='ocrx_word' id='word_1_262' title='bbox 1195 1848 1275 1896; x_wconf 86' lang='lat' dir='ltr'><strong>radios</strong></span> <span class='ocrx_word' id='word_1_263' title='bbox 1295 1861 1311 1896; x_wconf 86' lang='lat' dir='ltr'><strong>a</strong></span> <span class='ocrx_word' id='word_1_264' title='bbox 1328 1846 1372 1894; x_wconf 90' lang='lat' dir='ltr'><strong>tali</strong></span> <span class='ocrx_word' id='word_1_265' title='bbox 1397 1842 1499 1908; x_wconf 83' lang='lat' dir='ltr'><strong>speculo</strong></span> <span class='ocrx_word' id='word_1_266' title='bbox 1522 1853 1604 1890; x_wconf 80' lang='lat' dir='ltr'><strong>ennea</strong></span> 
     </span>
     <span class='ocr_line' id='line_1_20' title="bbox 246 1911 1604 1980; baseline -0.001 -17"><span class='ocrx_word' id='word_1_267' title='bbox 246 1929 296 1963; x_wconf 90' lang='lat' dir='ltr'><strong>nno</strong></span> <span class='ocrx_word' id='word_1_268' title='bbox 314 1913 368 1963; x_wconf 91' lang='lat' dir='ltr'><strong>loco</strong></span> <span class='ocrx_word' id='word_1_269' title='bbox 389 1914 477 1979; x_wconf 75' lang='lat' dir='ltr'><strong>colligi,</strong></span> <span class='ocrx_word' id='word_1_270' title='bbox 499 1914 562 1962; x_wconf 84' lang='lat' dir='ltr'><strong>alias</strong></span> <span class='ocrx_word' id='word_1_271' title='bbox 587 1914 742 1977; x_wconf 88' lang='lat' dir='ltr'><strong>sphaericum</strong></span> <span class='ocrx_word' id='word_1_272' title='bbox 761 1916 794 1963; x_wconf 90' lang='lat' dir='ltr'><strong>nil</strong></span> <span class='ocrx_word' id='word_1_273' title='bbox 814 1914 923 1964; x_wconf 84' lang='lat' dir='ltr'><strong>differret</strong></span> <span class='ocrx_word' id='word_1_274' title='bbox 943 1931 958 1965; x_wconf 93' lang='lat' dir='ltr'><strong>a</strong></span> <span class='ocrx_word' id='word_1_275' title='bbox 976 1917 1133 1980; x_wconf 83' lang='lat' dir='ltr'><strong>parabolice:</strong></span> <span class='ocrx_word' id='word_1_276' title='bbox 1158 1919 1202 1967; x_wconf 91' lang='lat' dir='ltr'><strong>sed</strong></span> <span class='ocrx_word' id='word_1_277' title='bbox 1221 1918 1267 1967; x_wconf 87' lang='lat' dir='ltr'><strong>hoo</strong></span> <span class='ocrx_word' id='word_1_278' title='bbox 1290 1924 1388 1966; x_wconf 87' lang='lat' dir='ltr'><strong>tanturn</strong></span> <span class='ocrx_word' id='word_1_279' title='bbox 1406 1911 1532 1965; x_wconf 87' lang='lat' dir='ltr'><strong>contendo</strong></span> <span class='ocrx_word' id='word_1_280' title='bbox 1550 1925 1604 1962; x_wconf 82' lang='lat' dir='ltr'><strong>curra</strong></span> 
     </span>
     <span class='ocr_line' id='line_1_21' title="bbox 249 1981 1604 2052; baseline -0.001 -18"><span class='ocrx_word' id='word_1_281' title='bbox 249 1983 360 2049; x_wconf 80' lang='lat' dir='ltr'><strong>Maglno,</strong></span> <span class='ocrx_word' id='word_1_282' title='bbox 380 1985 463 2034; x_wconf 89' lang='lat' dir='ltr'><strong>sedem</strong></span> <span class='ocrx_word' id='word_1_283' title='bbox 483 1986 547 2050; x_wconf 88' lang='lat' dir='ltr'><strong>ignis</strong></span> <span class='ocrx_word' id='word_1_284' title='bbox 561 2000 615 2034; x_wconf 86' lang='lat' dir='ltr'><strong>esse</strong></span> <span class='ocrx_word' id='word_1_285' title='bbox 634 1996 747 2049; x_wconf 87' lang='lat' dir='ltr'><strong>quartam</strong></span> <span class='ocrx_word' id='word_1_286' title='bbox 766 1987 888 2042; x_wconf 88' lang='lat' dir='ltr'><strong>diametri,</strong></span> <span class='ocrx_word' id='word_1_287' title='bbox 907 1987 949 2035; x_wconf 89' lang='lat' dir='ltr'><strong>ubi</strong></span> <span class='ocrx_word' id='word_1_288' title='bbox 967 1989 1140 2052; x_wconf 84' lang='lat' dir='ltr'><strong>plures·quam</strong></span> <span class='ocrx_word' id='word_1_289' title='bbox 1158 1989 1207 2037; x_wconf 92' lang='lat' dir='ltr'><strong>ullo</strong></span> <span class='ocrx_word' id='word_1_290' title='bbox 1220 1989 1268 2038; x_wconf 89' lang='lat' dir='ltr'><strong>alio</strong></span> <span class='ocrx_word' id='word_1_291' title='bbox 1281 1990 1306 2037; x_wconf 89' lang='lat' dir='ltr'><strong>iu</strong></span> <span class='ocrx_word' id='word_1_292' title='bbox 1324 1988 1378 2037; x_wconf 89' lang='lat' dir='ltr'><strong>loce</strong></span> <span class='ocrx_word' id='word_1_293' title='bbox 1398 1986 1489 2036; x_wconf 84' lang='lat' dir='ltr'><strong>ceteris</strong></span> <span class='ocrx_word' id='word_1_294' title='bbox 1507 1981 1604 2048; x_wconf 77' lang='lat' dir='ltr'><strong>paribus</strong></span> 
     </span>
     <span class='ocr_line' id='line_1_22' title="bbox 248 2056 1604 2125; baseline 0 -21"><span class='ocrx_word' id='word_1_295' title='bbox 248 2057 311 2105; x_wconf 92' lang='lat' dir='ltr'><strong>radii</strong></span> <span class='ocrx_word' id='word_1_296' title='bbox 331 2057 486 2120; x_wconf 85' lang='lat' dir='ltr'><strong>colliguntur.</strong></span> <span class='ocrx_word' id='word_1_297' title='bbox 523 2056 597 2105; x_wconf 84' lang='lat' dir='ltr'><strong>Hanc</strong></span> <span class='ocrx_word' id='word_1_298' title='bbox 617 2058 690 2121; x_wconf 89' lang='lat' dir='ltr'><strong>igitur</strong></span> <span class='ocrx_word' id='word_1_299' title='bbox 708 2072 757 2106; x_wconf 91' lang='lat' dir='ltr'><strong>non</strong></span> <span class='ocrx_word' id='word_1_300' title='bbox 777 2057 893 2120; x_wconf 81' lang='lat' dir='ltr'><strong>blagiuus</strong></span> <span class='ocrx_word' id='word_1_301' title='bbox 913 2057 988 2121; x_wconf 86' lang='lat' dir='ltr'><strong>(qnod</strong></span> <span class='ocrx_word' id='word_1_302' title='bbox 1011 2058 1117 2121; x_wconf 81' lang='lat' dir='ltr'><strong>sciam),</strong></span> <span class='ocrx_word' id='word_1_303' title='bbox 1136 2060 1180 2110; x_wconf 90' lang='lat' dir='ltr'><strong>sed</strong></span> <span class='ocrx_word' id='word_1_304' title='bbox 1199 2075 1246 2125; x_wconf 84' lang='lat' dir='ltr'><strong>ego</strong></span> <span class='ocrx_word' id='word_1_305' title='bbox 1265 2075 1295 2109; x_wconf 83' lang='lat' dir='ltr'><strong>ex</strong></span> <span class='ocrx_word' id='word_1_306' title='bbox 1312 2058 1406 2123; x_wconf 81' lang='lat' dir='ltr'><strong>Optieia</strong></span> <span class='ocrx_word' id='word_1_307' title='bbox 1423 2057 1474 2106; x_wconf 64' lang='lat' dir='ltr'><strong>baia</strong></span> <span class='ocrx_word' id='word_1_308' title='bbox 1492 2059 1604 2105; x_wconf 67' lang='lat' dir='ltr'><strong>numia</strong></span> 
     </span>
     <span class='ocr_line' id='line_1_23' title="bbox 249 2127 1359 2195; baseline 0.002 -20"><span class='ocrx_word' id='word_1_309' title='bbox 249 2127 348 2177; x_wconf 89' lang='lat' dir='ltr'><strong>nomine</strong></span> <span class='ocrx_word' id='word_1_310' title='bbox 366 2129 446 2178; x_wconf 84' lang='lat' dir='ltr'><strong>iocum</strong></span> <span class='ocrx_word' id='word_1_311' title='bbox 466 2128 588 2177; x_wconf 89' lang='lat' dir='ltr'><strong>hactenus</strong></span> <span class='ocrx_word' id='word_1_312' title='bbox 608 2130 729 2192; x_wconf 86' lang='lat' dir='ltr'><strong>appellari</strong></span> <span class='ocrx_word' id='word_1_313' title='bbox 748 2139 846 2192; x_wconf 90' lang='lat' dir='ltr'><strong>propter</strong></span> <span class='ocrx_word' id='word_1_314' title='bbox 864 2132 920 2183; x_wconf 87' lang='lat' dir='ltr'><strong>vim,</strong></span> <span class='ocrx_word' id='word_1_315' title='bbox 939 2145 989 2193; x_wconf 89' lang='lat' dir='ltr'><strong>qua</strong></span> <span class='ocrx_word' id='word_1_316' title='bbox 1006 2132 1082 2194; x_wconf 88' lang='lat' dir='ltr'><strong>pollet</strong></span> <span class='ocrx_word' id='word_1_317' title='bbox 1099 2133 1123 2180; x_wconf 93' lang='lat' dir='ltr'><strong>in</strong></span> <span class='ocrx_word' id='word_1_318' title='bbox 1143 2132 1274 2181; x_wconf 87' lang='lat' dir='ltr'><strong>excitando</strong></span> <span class='ocrx_word' id='word_1_319' title='bbox 1293 2133 1359 2195; x_wconf 90' lang='lat' dir='ltr'><strong>igne.</strong></span> 
     </span>
    </p>
   </div>
   <div class='ocr_carea' id='block_1_3' title="bbox 246 2215 1605 2355">
    <p class='ocr_par' dir='ltr' id='par_1_3' title="bbox 246 2215 1605 2355">
     <span class='ocr_line' id='line_1_24' title="bbox 335 2215 1604 2280; baseline -0.002 -14"><span class='ocrx_word' id='word_1_320' title='bbox 335 2218 435 2266; x_wconf 80' lang='lat' dir='ltr'><strong>Accidit</strong></span> <span class='ocrx_word' id='word_1_321' title='bbox 453 2232 539 2280; x_wconf 83' lang='lat' dir='ltr'><strong>nuper.</strong></span> <span class='ocrx_word' id='word_1_322' title='bbox 559 2233 615 2266; x_wconf 88' lang='lat' dir='ltr'><strong>cunr</strong></span> <span class='ocrx_word' id='word_1_323' title='bbox 634 2218 665 2266; x_wconf 90' lang='lat' dir='ltr'><strong>ob</strong></span> <span class='ocrx_word' id='word_1_324' title='bbox 683 2218 812 2267; x_wconf 85' lang='lat' dir='ltr'><strong>adversum</strong></span> <span class='ocrx_word' id='word_1_325' title='bbox 832 2234 917 2267; x_wconf 89' lang='lat' dir='ltr'><strong>casum</strong></span> <span class='ocrx_word' id='word_1_326' title='bbox 942 2220 1136 2269; x_wconf 89' lang='lat' dir='ltr'><strong>decumbeudum</strong></span> <span class='ocrx_word' id='word_1_327' title='bbox 1155 2222 1215 2270; x_wconf 90' lang='lat' dir='ltr'><strong>mibi</strong></span> <span class='ocrx_word' id='word_1_328' title='bbox 1233 2228 1314 2270; x_wconf 88' lang='lat' dir='ltr'><strong>esset,</strong></span> <span class='ocrx_word' id='word_1_329' title='bbox 1334 2227 1362 2269; x_wconf 91' lang='lat' dir='ltr'><strong>nt</strong></span> <span class='ocrx_word' id='word_1_330' title='bbox 1379 2216 1457 2266; x_wconf 75' lang='lat' dir='ltr'><strong>taedii</strong></span> <span class='ocrx_word' id='word_1_331' title='bbox 1475 2215 1604 2265; x_wconf 66' lang='lat' dir='ltr'><strong>amous·</strong></span> 
     </span>
     <span class='ocr_line' id='line_1_25' title="bbox 246 2285 1605 2355; baseline -0.001 -19"><span class='ocrx_word' id='word_1_332' title='bbox 246 2287 347 2337; x_wconf 77' lang='lat' dir='ltr'><strong>saliendi</strong></span> <span class='ocrx_word' id='word_1_333' title='bbox 367 2302 444 2337; x_wconf 89' lang='lat' dir='ltr'><strong>cansa</strong></span> <span class='ocrx_word' id='word_1_334' title='bbox 464 2290 595 2352; x_wconf 88' lang='lat' dir='ltr'><strong>arriperem</strong></span> <span class='ocrx_word' id='word_1_335' title='bbox 622 2289 707 2337; x_wconf 89' lang='lat' dir='ltr'><strong>librum</strong></span> <span class='ocrx_word' id='word_1_336' title='bbox 732 2298 801 2338; x_wconf 88' lang='lat' dir='ltr'><strong>tuum</strong></span> <span class='ocrx_word' id='word_1_337' title='bbox 820 2290 850 2339; x_wconf 87' lang='lat' dir='ltr'><strong>de</strong></span> <span class='ocrx_word' id='word_1_338' title='bbox 871 2290 966 2352; x_wconf 86' lang='lat' dir='ltr'><strong>Opticis</strong></span> <span class='ocrx_word' id='word_1_339' title='bbox 983 2290 1192 2355; x_wconf 87' lang='lat' dir='ltr'><strong>Paralipomenis,</strong></span> <span class='ocrx_word' id='word_1_340' title='bbox 1222 2295 1292 2354; x_wconf 86' lang='lat' dir='ltr'><strong>enjus</strong></span> <span class='ocrx_word' id='word_1_341' title='bbox 1316 2297 1392 2353; x_wconf 90' lang='lat' dir='ltr'><strong>caput</strong></span> <span class='ocrx_word' id='word_1_342' title='bbox 1419 2289 1525 2351; x_wconf 84' lang='lat' dir='ltr'><strong>primurn</strong></span> <span class='ocrx_word' id='word_1_343' title='bbox 1547 2285 1605 2334; x_wconf 76' lang='lat' dir='ltr'><strong>dn</strong></span> 
     </span>
    </p>
   </div>
   <div class='ocr_carea' id='block_1_4' title="bbox 140 2359 1603 2426">
    <p class='ocr_par' dir='ltr' id='par_1_4' title="bbox 140 2359 1603 2426">
     <span class='ocr_line' id='line_1_26' title="bbox 140 2359 1603 2426; baseline 0.001 -19"><span class='ocrx_word' id='word_1_344' title='bbox 140 2373 147 2380; x_wconf 91' lang='lat'>·</span> <span class='ocrx_word' id='word_1_345' title='bbox 248 2361 368 2407; x_wconf 88' lang='lat' dir='ltr'><strong>attentius</strong></span> <span class='ocrx_word' id='word_1_346' title='bbox 387 2359 553 2422; x_wconf 84' lang='lat' dir='ltr'><strong>perlegerem,</strong></span> <span class='ocrx_word' id='word_1_347' title='bbox 581 2367 737 2408; x_wconf 85' lang='lat' dir='ltr'><strong>occurremnt</strong></span> <span class='ocrx_word' id='word_1_348' title='bbox 755 2361 814 2408; x_wconf 87' lang='lat' dir='ltr'><strong>milri</strong></span> <span class='ocrx_word' id='word_1_349' title='bbox 833 2361 968 2423; x_wconf 86' lang='lat' dir='ltr'><strong>quaedam,</strong></span> <span class='ocrx_word' id='word_1_350' title='bbox 991 2376 1054 2426; x_wconf 91' lang='lat' dir='ltr'><strong>qnae</strong></span> <span class='ocrx_word' id='word_1_351' title='bbox 1073 2378 1119 2411; x_wconf 90' lang='lat' dir='ltr'><strong>nec</strong></span> <span class='ocrx_word' id='word_1_352' title='bbox 1137 2364 1182 2411; x_wconf 89' lang='lat' dir='ltr'><strong>sibi</strong></span> <span class='ocrx_word' id='word_1_353' title='bbox 1209 2363 1340 2412; x_wconf 89' lang='lat' dir='ltr'><strong>cohaerere</strong></span> <span class='ocrx_word' id='word_1_354' title='bbox 1358 2374 1405 2410; x_wconf 87' lang='lat' dir='ltr'><strong>nec</strong></span> <span class='ocrx_word' id='word_1_355' title='bbox 1429 2359 1529 2408; x_wconf 72' lang='lat' dir='ltr'><strong>venosa</strong></span> <span class='ocrx_word' id='word_1_356' title='bbox 1547 2371 1603 2408; x_wconf 82' lang='lat' dir='ltr'><strong>tau·</strong></span> 
     </span>
    </p>
   </div>
   <div class='ocr_carea' id='block_1_5' title="bbox 243 2427 1614 4697">
    <p class='ocr_par' dir='ltr' id='par_1_5' title="bbox 243 2427 1614 4697">
     <span class='ocr_line' id='line_1_27' title="bbox 245 2427 1606 2495; baseline 0 -17"><span class='ocrx_word' id='word_1_357' title='bbox 245 2444 332 2495; x_wconf 80' lang='lat' dir='ltr'><strong>gruere</strong></span> <span class='ocrx_word' id='word_1_358' title='bbox 351 2431 403 2478; x_wconf 85' lang='lat' dir='ltr'><strong>risa</strong></span> <span class='ocrx_word' id='word_1_359' title='bbox 422 2437 487 2477; x_wconf 84' lang='lat' dir='ltr'><strong>sunt.</strong></span> <span class='ocrx_word' id='word_1_360' title='bbox 513 2429 579 2478; x_wconf 82' lang='lat' dir='ltr'><strong>Nam</strong></span> <span class='ocrx_word' id='word_1_361' title='bbox 600 2445 666 2492; x_wconf 88' lang='lat' dir='ltr'><strong>prop.</strong></span> <span class='ocrx_word' id='word_1_362' title='bbox 687 2428 709 2476; x_wconf 86' lang='grc'><strong>7.</strong></span> <span class='ocrx_word' id='word_1_363' title='bbox 726 2437 751 2478; x_wconf 92' lang='lat' dir='ltr'><strong>et</strong></span> <span class='ocrx_word' id='word_1_364' title='bbox 764 2428 805 2478; x_wconf 84' lang='grc'><strong>26.</strong></span> <span class='ocrx_word' id='word_1_365' title='bbox 827 2433 872 2480; x_wconf 89' lang='lat' dir='ltr'><strong>ais.</strong></span> <span class='ocrx_word' id='word_1_366' title='bbox 892 2433 987 2481; x_wconf 90' lang='lat' dir='ltr'><strong>radium</strong></span> <span class='ocrx_word' id='word_1_367' title='bbox 1006 2434 1039 2480; x_wconf 94' lang='lat' dir='ltr'><strong>nil</strong></span> <span class='ocrx_word' id='word_1_368' title='bbox 1058 2434 1124 2482; x_wconf 88' lang='lat' dir='ltr'><strong>aliud</strong></span> <span class='ocrx_word' id='word_1_369' title='bbox 1144 2449 1205 2485; x_wconf 83' lang='lat' dir='ltr'><strong>esse.</strong></span> <span class='ocrx_word' id='word_1_370' title='bbox 1226 2436 1272 2483; x_wconf 91' lang='lat' dir='ltr'><strong>nisi</strong></span> <span class='ocrx_word' id='word_1_371' title='bbox 1291 2440 1384 2482; x_wconf 91' lang='lat' dir='ltr'><strong>motum</strong></span> <span class='ocrx_word' id='word_1_372' title='bbox 1402 2430 1480 2482; x_wconf 70' lang='lat' dir='ltr'><strong>lucis:</strong></span> <span class='ocrx_word' id='word_1_373' title='bbox 1500 2434 1527 2478; x_wconf 78' lang='lat' dir='ltr'><strong>tt</strong></span> <span class='ocrx_word' id='word_1_374' title='bbox 1544 2427 1606 2478; x_wconf 70' lang='lat' dir='ltr'><strong>eina</strong></span> 
     </span>
     <span class='ocr_line' id='line_1_28' title="bbox 245 2497 1605 2568; baseline 0.003 -19"><span class='ocrx_word' id='word_1_375' title='bbox 245 2515 312 2563; x_wconf 91' lang='lat' dir='ltr'><strong>prop.</strong></span> <span class='ocrx_word' id='word_1_376' title='bbox 334 2500 358 2553; x_wconf 81' lang='lat' dir='ltr'><strong>l,</strong></span> <span class='ocrx_word' id='word_1_377' title='bbox 388 2515 418 2550; x_wconf 88' lang='lat' dir='ltr'><strong>ac</strong></span> <span class='ocrx_word' id='word_1_378' title='bbox 437 2503 457 2548; x_wconf 88' lang='lat' dir='ltr'><strong>si</strong></span> <span class='ocrx_word' id='word_1_379' title='bbox 476 2500 523 2549; x_wconf 90' lang='lat' dir='ltr'><strong>boo</strong></span> <span class='ocrx_word' id='word_1_380' title='bbox 543 2501 576 2549; x_wconf 91' lang='lat' dir='ltr'><strong>ibi</strong></span> <span class='ocrx_word' id='word_1_381' title='bbox 595 2502 797 2558; x_wconf 84' lang='lat' dir='ltr'><strong>demonstrasses,</strong></span> <span class='ocrx_word' id='word_1_382' title='bbox 827 2503 890 2566; x_wconf 92' lang='lat' dir='ltr'><strong>quod</strong></span> <span class='ocrx_word' id='word_1_383' title='bbox 918 2512 1003 2552; x_wconf 83' lang='lat' dir='ltr'><strong>tamen</strong></span> <span class='ocrx_word' id='word_1_384' title='bbox 1026 2519 1073 2553; x_wconf 92' lang='lat' dir='ltr'><strong>uon</strong></span> <span class='ocrx_word' id='word_1_385' title='bbox 1101 2507 1193 2565; x_wconf 82' lang='lat' dir='ltr'><strong>iecisti,</strong></span> <span class='ocrx_word' id='word_1_386' title='bbox 1221 2506 1341 2568; x_wconf 83' lang='lat' dir='ltr'><strong>siquidem</strong></span> <span class='ocrx_word' id='word_1_387' title='bbox 1366 2517 1433 2566; x_wconf 89' lang='lat' dir='ltr'><strong>prop.</strong></span> <span class='ocrx_word' id='word_1_388' title='bbox 1453 2497 1496 2548; x_wconf 64' lang='lat' dir='ltr'><strong>l*</strong></span> <span class='ocrx_word' id='word_1_389' title='bbox 1517 2498 1605 2548; x_wconf 67' lang='lat' dir='ltr'><strong>nli·-</strong></span> 
     </span>
     <span class='ocr_line' id='line_1_29' title="bbox 246 2571 1605 2635; baseline -0.001 -15"><span class='ocrx_word' id='word_1_390' title='bbox 246 2573 366 2635; x_wconf 88' lang='lat' dir='ltr'><strong>probasti,</strong></span> <span class='ocrx_word' id='word_1_391' title='bbox 387 2573 451 2635; x_wconf 91' lang='lat' dir='ltr'><strong>qnod</strong></span> <span class='ocrx_word' id='word_1_392' title='bbox 469 2571 551 2620; x_wconf 89' lang='lat' dir='ltr'><strong>lineae</strong></span> <span class='ocrx_word' id='word_1_393' title='bbox 570 2572 762 2633; x_wconf 74' lang='lat' dir='ltr'><strong>ejaculationum</strong></span> <span class='ocrx_word' id='word_1_394' title='bbox 780 2574 841 2621; x_wconf 82' lang='lat' dir='ltr'><strong>lucis</strong></span> <span class='ocrx_word' id='word_1_395' title='bbox 855 2575 904 2622; x_wconf 91' lang='lat' dir='ltr'><strong>sint</strong></span> <span class='ocrx_word' id='word_1_396' title='bbox 916 2584 1009 2624; x_wconf 89' lang='lat' dir='ltr'><strong>rectae.</strong></span> <span class='ocrx_word' id='word_1_397' title='bbox 1042 2575 1105 2624; x_wconf 87' lang='lat' dir='ltr'><strong>Sunt</strong></span> <span class='ocrx_word' id='word_1_398' title='bbox 1117 2587 1199 2625; x_wconf 89' lang='lat' dir='ltr'><strong>autern</strong></span> <span class='ocrx_word' id='word_1_399' title='bbox 1212 2578 1274 2626; x_wconf 87' lang='lat' dir='ltr'><strong>radii</strong></span> <span class='ocrx_word' id='word_1_400' title='bbox 1287 2592 1336 2626; x_wconf 92' lang='lat' dir='ltr'><strong>nou</strong></span> <span class='ocrx_word' id='word_1_401' title='bbox 1350 2575 1448 2625; x_wconf 78' lang='lat' dir='ltr'><strong>effluxio</strong></span> <span class='ocrx_word' id='word_1_402' title='bbox 1461 2573 1514 2621; x_wconf 81' lang='lat' dir='ltr'><strong>slva</strong></span> <span class='ocrx_word' id='word_1_403' title='bbox 1526 2577 1605 2620; x_wconf 72' lang='lat' dir='ltr'><strong>netu</strong></span> 
     </span>
     <span class='ocr_line' id='line_1_30' title="bbox 244 2641 1605 2711; baseline 0.007 -19"><span class='ocrx_word' id='word_1_404' title='bbox 244 2641 358 2698; x_wconf 84' lang='lat' dir='ltr'><strong>luminis,</strong></span> <span class='ocrx_word' id='word_1_405' title='bbox 385 2643 429 2691; x_wconf 91' lang='lat' dir='ltr'><strong>sed</strong></span> <span class='ocrx_word' id='word_1_406' title='bbox 457 2643 581 2691; x_wconf 85' lang='lat' dir='ltr'><strong>eiflurium</strong></span> <span class='ocrx_word' id='word_1_407' title='bbox 610 2644 660 2691; x_wconf 81' lang='lat' dir='ltr'><strong>sire</strong></span> <span class='ocrx_word' id='word_1_408' title='bbox 689 2644 827 2693; x_wconf 82' lang='lat' dir='ltr'><strong>substantia</strong></span> <span class='ocrx_word' id='word_1_409' title='bbox 856 2645 943 2694; x_wconf 86' lang='lat' dir='ltr'><strong>llucns,</strong></span> <span class='ocrx_word' id='word_1_410' title='bbox 982 2646 1077 2696; x_wconf 85' lang='lat' dir='ltr'><strong>Deinde</strong></span> <span class='ocrx_word' id='word_1_411' title='bbox 1102 2663 1169 2711; x_wconf 87' lang='lat' dir='ltr'><strong>prop.</strong></span> <span class='ocrx_word' id='word_1_412' title='bbox 1188 2647 1213 2696; x_wconf 83' lang='grc'><strong>8.</strong></span> <span class='ocrx_word' id='word_1_413' title='bbox 1234 2651 1285 2705; x_wconf 83' lang='lat' dir='ltr'><strong>ais,</strong></span> <span class='ocrx_word' id='word_1_414' title='bbox 1312 2655 1406 2700; x_wconf 80' lang='lat' dir='ltr'><strong>motum</strong></span> <span class='ocrx_word' id='word_1_415' title='bbox 1432 2658 1487 2694; x_wconf 76' lang='lat'><strong>0⁸¹0</strong></span> <span class='ocrx_word' id='word_1_416' title='bbox 1514 2642 1605 2692; x_wconf 61' lang='lat' dir='ltr'><strong>lilim</strong></span> 
     </span>
     <span class='ocr_line' id='line_1_31' title="bbox 246 2711 1607 2784; baseline 0 -23"><span class='ocrx_word' id='word_1_417' title='bbox 246 2723 359 2772; x_wconf 86' lang='lat' dir='ltr'><strong>rectam;</strong></span> <span class='ocrx_word' id='word_1_418' title='bbox 388 2715 446 2777; x_wconf 89' lang='lat' dir='ltr'><strong>quid</strong></span> <span class='ocrx_word' id='word_1_419' title='bbox 465 2715 541 2776; x_wconf 86' lang='lat' dir='ltr'><strong>igitur</strong></span> <span class='ocrx_word' id='word_1_420' title='bbox 559 2715 647 2761; x_wconf 89' lang='lat' dir='ltr'><strong>rotatio</strong></span> <span class='ocrx_word' id='word_1_421' title='bbox 666 2715 690 2762; x_wconf 93' lang='lat' dir='ltr'><strong>iu</strong></span> <span class='ocrx_word' id='word_1_422' title='bbox 710 2715 816 2778; x_wconf 77' lang='lat' dir='ltr'><strong>gynaur?</strong></span> <span class='ocrx_word' id='word_1_423' title='bbox 847 2715 912 2764; x_wconf 77' lang='lat' dir='ltr'><strong>Num</strong></span> <span class='ocrx_word' id='word_1_424' title='bbox 932 2725 957 2765; x_wconf 91' lang='lat' dir='ltr'><strong>et</strong></span> <span class='ocrx_word' id='word_1_425' title='bbox 976 2717 1019 2765; x_wconf 91' lang='lat' dir='ltr'><strong>illa</strong></span> <span class='ocrx_word' id='word_1_426' title='bbox 1042 2718 1108 2767; x_wconf 91' lang='lat' dir='ltr'><strong>linea</strong></span> <span class='ocrx_word' id='word_1_427' title='bbox 1134 2726 1215 2772; x_wconf 87' lang='lat' dir='ltr'><strong>recte,</strong></span> <span class='ocrx_word' id='word_1_428' title='bbox 1245 2721 1303 2784; x_wconf 85' lang='lat' dir='ltr'><strong>quia</strong></span> <span class='ocrx_word' id='word_1_429' title='bbox 1320 2726 1402 2767; x_wconf 85' lang='lat' dir='ltr'><strong>motus</strong></span> <span class='ocrx_word' id='word_1_430' title='bbox 1421 2712 1478 2766; x_wconf 74' lang='lat' dir='ltr'><strong>est?</strong></span> <span class='ocrx_word' id='word_1_431' title='bbox 1511 2711 1607 2762; x_wconf 80' lang='lat' dir='ltr'><strong>Dicitur</strong></span> 
     </span>
     <span class='ocr_line' id='line_1_32' title="bbox 245 2783 1605 2854; baseline -0.001 -21"><span class='ocrx_word' id='word_1_432' title='bbox 245 2784 344 2848; x_wconf 92' lang='lat' dir='ltr'><strong>quidem</strong></span> <span class='ocrx_word' id='word_1_433' title='bbox 364 2793 444 2833; x_wconf 88' lang='lat' dir='ltr'><strong>motus</strong></span> <span class='ocrx_word' id='word_1_434' title='bbox 464 2786 552 2846; x_wconf 82' lang='lat' dir='ltr'><strong>aliquis</strong></span> <span class='ocrx_word' id='word_1_435' title='bbox 571 2784 623 2832; x_wconf 88' lang='lat' dir='ltr'><strong>tieri</strong></span> <span class='ocrx_word' id='word_1_436' title='bbox 642 2787 777 2834; x_wconf 86' lang='lat' dir='ltr'><strong>secundum</strong></span> <span class='ocrx_word' id='word_1_437' title='bbox 797 2787 888 2835; x_wconf 90' lang='lat' dir='ltr'><strong>lineanr</strong></span> <span class='ocrx_word' id='word_1_438' title='bbox 907 2797 1017 2844; x_wconf 86' lang='lat' dir='ltr'><strong>rectam,</strong></span> <span class='ocrx_word' id='word_1_439' title='bbox 1038 2797 1149 2839; x_wconf 89' lang='lat' dir='ltr'><strong>attamen</strong></span> <span class='ocrx_word' id='word_1_440' title='bbox 1169 2792 1268 2854; x_wconf 87' lang='lat' dir='ltr'><strong>reipsa</strong></span> <span class='ocrx_word' id='word_1_441' title='bbox 1287 2789 1369 2839; x_wconf 83' lang='lat' dir='ltr'><strong>differt</strong></span> <span class='ocrx_word' id='word_1_442' title='bbox 1387 2794 1468 2836; x_wconf 86' lang='lat' dir='ltr'><strong>motus</strong></span> <span class='ocrx_word' id='word_1_443' title='bbox 1489 2799 1507 2834; x_wconf 83' lang='lat' dir='ltr'><strong>a</strong></span> <span class='ocrx_word' id='word_1_444' title='bbox 1524 2783 1605 2838; x_wconf 73' lang='lat' dir='ltr'><strong>linear</strong></span> 
     </span>
     <span class='ocr_line' id='line_1_33' title="bbox 247 2856 1607 2921; baseline 0.001 -18"><span class='ocrx_word' id='word_1_445' title='bbox 247 2856 366 2919; x_wconf 89' lang='lat' dir='ltr'><strong>siquidem</strong></span> <span class='ocrx_word' id='word_1_446' title='bbox 386 2863 466 2903; x_wconf 89' lang='lat' dir='ltr'><strong>motus</strong></span> <span class='ocrx_word' id='word_1_447' title='bbox 486 2863 524 2903; x_wconf 89' lang='lat' dir='ltr'><strong>est</strong></span> <span class='ocrx_word' id='word_1_448' title='bbox 542 2857 656 2910; x_wconf 86' lang='lat' dir='ltr'><strong>mutatio,</strong></span> <span class='ocrx_word' id='word_1_449' title='bbox 677 2856 743 2905; x_wconf 88' lang='lat' dir='ltr'><strong>linea</strong></span> <span class='ocrx_word' id='word_1_450' title='bbox 761 2873 817 2905; x_wconf 86' lang='lat' dir='ltr'><strong>rero</strong></span> <span class='ocrx_word' id='word_1_451' title='bbox 837 2867 875 2906; x_wconf 89' lang='lat' dir='ltr'><strong>cst</strong></span> <span class='ocrx_word' id='word_1_452' title='bbox 894 2861 1034 2921; x_wconf 84' lang='lat' dir='ltr'><strong>quantitas:</strong></span> <span class='ocrx_word' id='word_1_453' title='bbox 1054 2860 1093 2908; x_wconf 92' lang='lat' dir='ltr'><strong>ille</strong></span> <span class='ocrx_word' id='word_1_454' title='bbox 1112 2868 1151 2909; x_wconf 86' lang='lat' dir='ltr'><strong>est</strong></span> <span class='ocrx_word' id='word_1_455' title='bbox 1168 2863 1194 2909; x_wconf 95' lang='lat' dir='ltr'><strong>in</strong></span> <span class='ocrx_word' id='word_1_456' title='bbox 1213 2862 1273 2916; x_wconf 86' lang='lat' dir='ltr'><strong>lieri,</strong></span> <span class='ocrx_word' id='word_1_457' title='bbox 1293 2861 1357 2910; x_wconf 88' lang='lat' dir='ltr'><strong>haec</strong></span> <span class='ocrx_word' id='word_1_458' title='bbox 1375 2861 1400 2909; x_wconf 91' lang='lat' dir='ltr'><strong>in</strong></span> <span class='ocrx_word' id='word_1_459' title='bbox 1419 2859 1505 2912; x_wconf 75' lang='lat' dir='ltr'><strong>iactor</strong></span> <span class='ocrx_word' id='word_1_460' title='bbox 1525 2859 1607 2904; x_wconf 65' lang='lat' dir='ltr'><strong>new</strong></span> 
     </span>
     <span class='ocr_line' id='line_1_34' title="bbox 246 2925 1608 2994; baseline -0.001 -18"><span class='ocrx_word' id='word_1_461' title='bbox 246 2935 284 2976; x_wconf 86' lang='lat' dir='ltr'><strong>est</strong></span> <span class='ocrx_word' id='word_1_462' title='bbox 303 2927 328 2974; x_wconf 91' lang='lat' dir='ltr'><strong>in</strong></span> <span class='ocrx_word' id='word_1_463' title='bbox 347 2935 465 2989; x_wconf 87' lang='lat' dir='ltr'><strong>tempore,</strong></span> <span class='ocrx_word' id='word_1_464' title='bbox 484 2925 551 2974; x_wconf 89' lang='lat' dir='ltr'><strong>linea</strong></span> <span class='ocrx_word' id='word_1_465' title='bbox 570 2941 618 2974; x_wconf 91' lang='lat' dir='ltr'><strong>nou</strong></span> <span class='ocrx_word' id='word_1_466' title='bbox 638 2935 675 2974; x_wconf 87' lang='lat' dir='ltr'><strong>est</strong></span> <span class='ocrx_word' id='word_1_467' title='bbox 693 2929 717 2975; x_wconf 93' lang='lat' dir='ltr'><strong>in</strong></span> <span class='ocrx_word' id='word_1_468' title='bbox 738 2936 856 2991; x_wconf 85' lang='lat' dir='ltr'><strong>tempore.</strong></span> <span class='ocrx_word' id='word_1_469' title='bbox 896 2930 1031 2993; x_wconf 74' lang='lat' dir='ltr'><strong>Comparas</strong></span> <span class='ocrx_word' id='word_1_470' title='bbox 1049 2933 1081 2980; x_wconf 90' lang='lat' dir='ltr'><strong>ibi</strong></span> <span class='ocrx_word' id='word_1_471' title='bbox 1104 2933 1226 2981; x_wconf 90' lang='lat' dir='ltr'><strong>radiorum</strong></span> <span class='ocrx_word' id='word_1_472' title='bbox 1251 2933 1443 2994; x_wconf 84' lang='lat' dir='ltr'><strong>ejaculationern</strong></span> <span class='ocrx_word' id='word_1_473' title='bbox 1462 2943 1521 2977; x_wconf 86' lang='lat' dir='ltr'><strong>cuur</strong></span> <span class='ocrx_word' id='word_1_474' title='bbox 1539 2933 1608 2975; x_wconf 72' lang='lat' dir='ltr'><strong>meu</strong></span> 
     </span>
     <span class='ocr_line' id='line_1_35' title="bbox 246 2995 1608 3066; baseline 0.007 -22"><span class='ocrx_word' id='word_1_475' title='bbox 246 2996 357 3061; x_wconf 73' lang='lat' dir='ltr'><strong>physico.</strong></span> <span class='ocrx_word' id='word_1_476' title='bbox 377 2998 420 3045; x_wconf 87' lang='lat' dir='ltr'><strong>sed</strong></span> <span class='ocrx_word' id='word_1_477' title='bbox 439 2997 513 3045; x_wconf 89' lang='lat' dir='ltr'><strong>male.</strong></span> <span class='ocrx_word' id='word_1_478' title='bbox 545 2995 610 3045; x_wconf 78' lang='lat' dir='ltr'><strong>Nam</strong></span> <span class='ocrx_word' id='word_1_479' title='bbox 630 3000 654 3046; x_wconf 93' lang='lat' dir='ltr'><strong>in</strong></span> <span class='ocrx_word' id='word_1_480' title='bbox 673 3009 740 3047; x_wconf 86' lang='lat' dir='ltr'><strong>nrotu</strong></span> <span class='ocrx_word' id='word_1_481' title='bbox 759 3000 860 3062; x_wconf 78' lang='lat' dir='ltr'><strong>physico</strong></span> <span class='ocrx_word' id='word_1_482' title='bbox 879 3011 917 3048; x_wconf 88' lang='lat' dir='ltr'><strong>est</strong></span> <span class='ocrx_word' id='word_1_483' title='bbox 937 3004 1001 3064; x_wconf 87' lang='lat' dir='ltr'><strong>prius</strong></span> <span class='ocrx_word' id='word_1_484' title='bbox 1015 3009 1040 3051; x_wconf 88' lang='lat' dir='ltr'><strong>et</strong></span> <span class='ocrx_word' id='word_1_485' title='bbox 1058 3006 1178 3066; x_wconf 84' lang='lat' dir='ltr'><strong>posterius</strong></span> <span class='ocrx_word' id='word_1_486' title='bbox 1197 3007 1293 3053; x_wconf 90' lang='lat' dir='ltr'><strong>ratione</strong></span> <span class='ocrx_word' id='word_1_487' title='bbox 1313 3004 1368 3058; x_wconf 91' lang='lat' dir='ltr'><strong>loci,</strong></span> <span class='ocrx_word' id='word_1_488' title='bbox 1389 3010 1426 3051; x_wconf 82' lang='lat' dir='ltr'><strong>ert</strong></span> <span class='ocrx_word' id='word_1_489' title='bbox 1444 3000 1608 3064; x_wconf 70' lang='lat' dir='ltr'><strong>pnettrllffl</strong></span> 
     </span>
     <span class='ocr_line' id='line_1_36' title="bbox 248 3066 1606 3137; baseline 0.001 -22"><span class='ocrx_word' id='word_1_490' title='bbox 248 3075 275 3115; x_wconf 91' lang='lat' dir='ltr'><strong>et</strong></span> <span class='ocrx_word' id='word_1_491' title='bbox 294 3069 402 3116; x_wconf 86' lang='lat' dir='ltr'><strong>laturum</strong></span> <span class='ocrx_word' id='word_1_492' title='bbox 421 3070 517 3116; x_wconf 81' lang='lat' dir='ltr'><strong>ratione</strong></span> <span class='ocrx_word' id='word_1_493' title='bbox 530 3071 660 3131; x_wconf 79' lang='lat' dir='ltr'><strong>temporis:</strong></span> <span class='ocrx_word' id='word_1_494' title='bbox 681 3072 705 3118; x_wconf 91' lang='lat' dir='ltr'><strong>in</strong></span> <span class='ocrx_word' id='word_1_495' title='bbox 725 3079 792 3119; x_wconf 89' lang='lat' dir='ltr'><strong>motu</strong></span> <span class='ocrx_word' id='word_1_496' title='bbox 811 3071 872 3120; x_wconf 86' lang='lat' dir='ltr'><strong>lucis</strong></span> <span class='ocrx_word' id='word_1_497' title='bbox 892 3088 940 3120; x_wconf 92' lang='lat' dir='ltr'><strong>non</strong></span> <span class='ocrx_word' id='word_1_498' title='bbox 955 3082 993 3120; x_wconf 89' lang='lat' dir='ltr'><strong>est</strong></span> <span class='ocrx_word' id='word_1_499' title='bbox 1011 3074 1077 3137; x_wconf 89' lang='lat' dir='ltr'><strong>prius</strong></span> <span class='ocrx_word' id='word_1_500' title='bbox 1090 3082 1114 3122; x_wconf 90' lang='lat' dir='ltr'><strong>et</strong></span> <span class='ocrx_word' id='word_1_501' title='bbox 1129 3077 1249 3137; x_wconf 86' lang='lat' dir='ltr'><strong>posterius</strong></span> <span class='ocrx_word' id='word_1_502' title='bbox 1262 3077 1287 3123; x_wconf 93' lang='lat' dir='ltr'><strong>in</strong></span> <span class='ocrx_word' id='word_1_503' title='bbox 1306 3073 1442 3132; x_wconf 75' lang='lat' dir='ltr'><strong>intervallo,</strong></span> <span class='ocrx_word' id='word_1_504' title='bbox 1462 3069 1508 3119; x_wconf 83' lang='lat' dir='ltr'><strong>sed</strong></span> <span class='ocrx_word' id='word_1_505' title='bbox 1527 3066 1606 3118; x_wconf 83' lang='lat' dir='ltr'><strong>simul.</strong></span> 
     </span>
     <span class='ocr_line' id='line_1_37' title="bbox 246 3136 1607 3206; baseline 0.002 -20"><span class='ocrx_word' id='word_1_506' title='bbox 246 3136 303 3187; x_wconf 80' lang='lat' dir='ltr'><strong>Non</strong></span> <span class='ocrx_word' id='word_1_507' title='bbox 323 3146 362 3186; x_wconf 90' lang='lat' dir='ltr'><strong>est</strong></span> <span class='ocrx_word' id='word_1_508' title='bbox 380 3141 539 3201; x_wconf 87' lang='lat' dir='ltr'><strong>praeteritum</strong></span> <span class='ocrx_word' id='word_1_509' title='bbox 560 3147 585 3186; x_wconf 89' lang='lat' dir='ltr'><strong>et</strong></span> <span class='ocrx_word' id='word_1_510' title='bbox 603 3140 719 3196; x_wconf 86' lang='lat' dir='ltr'><strong>laturum,</strong></span> <span class='ocrx_word' id='word_1_511' title='bbox 739 3143 781 3190; x_wconf 83' lang='lat' dir='ltr'><strong>sed</strong></span> <span class='ocrx_word' id='word_1_512' title='bbox 801 3158 894 3191; x_wconf 87' lang='lat' dir='ltr'><strong>nrerum</strong></span> <span class='ocrx_word' id='word_1_513' title='bbox 914 3158 1039 3206; x_wconf 89' lang='lat' dir='ltr'><strong>praesens.</strong></span> <span class='ocrx_word' id='word_1_514' title='bbox 1077 3144 1173 3195; x_wconf 85' lang='lat' dir='ltr'><strong>Deinde</strong></span> <span class='ocrx_word' id='word_1_515' title='bbox 1191 3147 1273 3195; x_wconf 89' lang='lat' dir='ltr'><strong>lumen</strong></span> <span class='ocrx_word' id='word_1_516' title='bbox 1293 3146 1381 3194; x_wconf 90' lang='lat' dir='ltr'><strong>mobile</strong></span> <span class='ocrx_word' id='word_1_517' title='bbox 1401 3144 1445 3192; x_wconf 91' lang='lat' dir='ltr'><strong>tibi</strong></span> <span class='ocrx_word' id='word_1_518' title='bbox 1466 3149 1505 3190; x_wconf 87' lang='lat' dir='ltr'><strong>eat</strong></span> <span class='ocrx_word' id='word_1_519' title='bbox 1524 3153 1607 3204; x_wconf 80' lang='lat' dir='ltr'><strong>super·</strong></span> 
     </span>
     <span class='ocr_line' id='line_1_38' title="bbox 247 3208 1608 3280; baseline 0.003 -22"><span class='ocrx_word' id='word_1_520' title='bbox 247 3208 324 3260; x_wconf 77' lang='lat' dir='ltr'><strong>ficies,</strong></span> <span class='ocrx_word' id='word_1_521' title='bbox 345 3224 400 3258; x_wconf 84' lang='lat' dir='ltr'><strong>eum</strong></span> <span class='ocrx_word' id='word_1_522' title='bbox 421 3217 504 3258; x_wconf 90' lang='lat' dir='ltr'><strong>tamea</strong></span> <span class='ocrx_word' id='word_1_523' title='bbox 525 3211 672 3272; x_wconf 84' lang='lat' dir='ltr'><strong>impossibile</strong></span> <span class='ocrx_word' id='word_1_524' title='bbox 690 3215 737 3264; x_wconf 79' lang='lat' dir='ltr'><strong>sit,</strong></span> <span class='ocrx_word' id='word_1_525' title='bbox 761 3215 852 3262; x_wconf 90' lang='lat' dir='ltr'><strong>nudam</strong></span> <span class='ocrx_word' id='word_1_526' title='bbox 881 3215 1035 3277; x_wconf 79' lang='lat' dir='ltr'><strong>superficiem</strong></span> <span class='ocrx_word' id='word_1_527' title='bbox 1055 3218 1107 3264; x_wconf 88' lang='lat' dir='ltr'><strong>sine</strong></span> <span class='ocrx_word' id='word_1_528' title='bbox 1127 3232 1226 3280; x_wconf 83' lang='lat' dir='ltr'><strong>corpore</strong></span> <span class='ocrx_word' id='word_1_529' title='bbox 1251 3219 1384 3266; x_wconf 81' lang='lat' dir='ltr'><strong>subsistere</strong></span> <span class='ocrx_word' id='word_1_530' title='bbox 1403 3228 1492 3278; x_wconf 83' lang='lat' dir='ltr'><strong>posse.</strong></span> <span class='ocrx_word' id='word_1_531' title='bbox 1518 3211 1608 3261; x_wconf 76' lang='lat' dir='ltr'><strong>neuun</strong></span> 
     </span>
     <span class='ocr_line' id='line_1_39' title="bbox 246 3281 1609 3349; baseline 0.004 -20"><span class='ocrx_word' id='word_1_532' title='bbox 246 3282 337 3329; x_wconf 79' lang='lat' dir='ltr'><strong>uror-eri</strong></span> <span class='ocrx_word' id='word_1_533' title='bbox 358 3289 401 3329; x_wconf 90' lang='lat' dir='ltr'><strong>aut</strong></span> <span class='ocrx_word' id='word_1_534' title='bbox 421 3283 530 3330; x_wconf 79' lang='lat' dir='ltr'><strong>attinere.</strong></span> <span class='ocrx_word' id='word_1_535' title='bbox 569 3281 614 3329; x_wconf 85' lang='lat' dir='ltr'><strong>Est</strong></span> <span class='ocrx_word' id='word_1_536' title='bbox 632 3282 719 3331; x_wconf 79' lang='lat' dir='ltr'><strong>eadem</strong></span> <span class='ocrx_word' id='word_1_537' title='bbox 744 3285 869 3333; x_wconf 78' lang='lat' dir='ltr'><strong>individua</strong></span> <span class='ocrx_word' id='word_1_538' title='bbox 895 3287 1029 3334; x_wconf 87' lang='lat' dir='ltr'><strong>secundum</strong></span> <span class='ocrx_word' id='word_1_539' title='bbox 1054 3288 1259 3349; x_wconf 86' lang='lat' dir='ltr'><strong>prolanditatem,</strong></span> <span class='ocrx_word' id='word_1_540' title='bbox 1284 3288 1437 3337; x_wconf 76' lang='lat' dir='ltr'><strong>individuum</strong></span> <span class='ocrx_word' id='word_1_541' title='bbox 1462 3293 1549 3334; x_wconf 80' lang='lat' dir='ltr'><strong>auten</strong></span> <span class='ocrx_word' id='word_1_542' title='bbox 1566 3295 1609 3347; x_wconf 71' lang='lat' dir='ltr'><strong>ptr</strong></span> 
     </span>
     <span class='ocr_line' id='line_1_40' title="bbox 245 3352 1609 3424; baseline 0.004 -26"><span class='ocrx_word' id='word_1_543' title='bbox 245 3365 272 3401; x_wconf 85' lang='lat' dir='ltr'><strong>se</strong></span> <span class='ocrx_word' id='word_1_544' title='bbox 292 3354 381 3400; x_wconf 81' lang='lat' dir='ltr'><strong>moveri</strong></span> <span class='ocrx_word' id='word_1_545' title='bbox 401 3367 450 3400; x_wconf 92' lang='lat' dir='ltr'><strong>non</strong></span> <span class='ocrx_word' id='word_1_546' title='bbox 471 3358 560 3415; x_wconf 86' lang='lat' dir='ltr'><strong>potest.</strong></span> <span class='ocrx_word' id='word_1_547' title='bbox 602 3352 634 3400; x_wconf 83' lang='lat' dir='ltr'><strong>Et</strong></span> <span class='ocrx_word' id='word_1_548' title='bbox 652 3356 672 3401; x_wconf 75' lang='lat' dir='ltr'><strong>si</strong></span> <span class='ocrx_word' id='word_1_549' title='bbox 691 3365 840 3406; x_wconf 87' lang='lat' dir='ltr'><strong>moveretur,</strong></span> <span class='ocrx_word' id='word_1_550' title='bbox 869 3373 917 3404; x_wconf 89' lang='lat' dir='ltr'><strong>non</strong></span> <span class='ocrx_word' id='word_1_551' title='bbox 937 3359 961 3404; x_wconf 94' lang='lat' dir='ltr'><strong>in</strong></span> <span class='ocrx_word' id='word_1_552' title='bbox 987 3359 1090 3406; x_wconf 87' lang='lat' dir='ltr'><strong>instanti</strong></span> <span class='ocrx_word' id='word_1_553' title='bbox 1116 3369 1199 3422; x_wconf 89' lang='lat' dir='ltr'><strong>posset</strong></span> <span class='ocrx_word' id='word_1_554' title='bbox 1226 3362 1375 3424; x_wconf 87' lang='lat' dir='ltr'><strong>pertransire</strong></span> <span class='ocrx_word' id='word_1_555' title='bbox 1399 3359 1510 3421; x_wconf 87' lang='lat' dir='ltr'><strong>spatium</strong></span> <span class='ocrx_word' id='word_1_556' title='bbox 1533 3355 1609 3404; x_wconf 81' lang='lat' dir='ltr'><strong>luter·</strong></span> 
     </span>
     <span class='ocr_line' id='line_1_41' title="bbox 244 3423 1609 3494; baseline 0.002 -24"><span class='ocrx_word' id='word_1_557' title='bbox 244 3423 366 3474; x_wconf 79' lang='lat' dir='ltr'><strong>medium.</strong></span> <span class='ocrx_word' id='word_1_558' title='bbox 394 3425 437 3472; x_wconf 90' lang='lat' dir='ltr'><strong>sed</strong></span> <span class='ocrx_word' id='word_1_559' title='bbox 457 3425 598 3472; x_wconf 87' lang='lat' dir='ltr'><strong>necessario</strong></span> <span class='ocrx_word' id='word_1_560' title='bbox 618 3426 684 3486; x_wconf 91' lang='lat' dir='ltr'><strong>prius</strong></span> <span class='ocrx_word' id='word_1_561' title='bbox 703 3441 746 3489; x_wconf 93' lang='lat' dir='ltr'><strong>per</strong></span> <span class='ocrx_word' id='word_1_562' title='bbox 764 3436 847 3488; x_wconf 85' lang='lat' dir='ltr'><strong>partes</strong></span> <span class='ocrx_word' id='word_1_563' title='bbox 875 3429 1016 3481; x_wconf 78' lang='lat' dir='ltr'><strong>siciniores,</strong></span> <span class='ocrx_word' id='word_1_564' title='bbox 1043 3439 1131 3491; x_wconf 81' lang='lat' dir='ltr'><strong>postea</strong></span> <span class='ocrx_word' id='word_1_565' title='bbox 1155 3447 1199 3494; x_wconf 90' lang='lat' dir='ltr'><strong>per</strong></span> <span class='ocrx_word' id='word_1_566' title='bbox 1226 3433 1367 3481; x_wconf 84' lang='lat' dir='ltr'><strong>remotiores</strong></span> <span class='ocrx_word' id='word_1_567' title='bbox 1386 3431 1410 3478; x_wconf 89' lang='lat' dir='ltr'><strong>ei</strong></span> <span class='ocrx_word' id='word_1_568' title='bbox 1428 3423 1609 3478; x_wconf 74' lang='lat' dir='ltr'><strong>transeundum</strong></span> 
     </span>
     <span class='ocr_line' id='line_1_42' title="bbox 243 3494 1609 3560; baseline 0.002 -19"><span class='ocrx_word' id='word_1_569' title='bbox 243 3494 323 3548; x_wconf 86' lang='lat' dir='ltr'><strong>leret,</strong></span> <span class='ocrx_word' id='word_1_570' title='bbox 352 3494 558 3557; x_wconf 88' lang='lat' dir='ltr'><strong>quemadmodum</strong></span> <span class='ocrx_word' id='word_1_571' title='bbox 586 3505 704 3557; x_wconf 90' lang='lat' dir='ltr'><strong>punctum</strong></span> <span class='ocrx_word' id='word_1_572' title='bbox 724 3499 800 3559; x_wconf 79' lang='lat' dir='ltr'><strong>(quod</strong></span> <span class='ocrx_word' id='word_1_573' title='bbox 819 3507 844 3545; x_wconf 87' lang='lat' dir='ltr'><strong>ct</strong></span> <span class='ocrx_word' id='word_1_574' title='bbox 872 3500 950 3560; x_wconf 89' lang='lat' dir='ltr'><strong>ipsum</strong></span> <span class='ocrx_word' id='word_1_575' title='bbox 978 3500 1147 3549; x_wconf 80' lang='lat' dir='ltr'><strong>consideratur</strong></span> <span class='ocrx_word' id='word_1_576' title='bbox 1164 3512 1192 3550; x_wconf 92' lang='lat' dir='ltr'><strong>ut</strong></span> <span class='ocrx_word' id='word_1_577' title='bbox 1217 3497 1379 3558; x_wconf 76' lang='lat' dir='ltr'><strong>individuum)</strong></span> <span class='ocrx_word' id='word_1_578' title='bbox 1403 3514 1448 3548; x_wconf 82' lang='lat' dir='ltr'><strong>suo</strong></span> <span class='ocrx_word' id='word_1_579' title='bbox 1473 3498 1542 3547; x_wconf 82' lang='lat' dir='ltr'><strong>fluxa</strong></span> <span class='ocrx_word' id='word_1_580' title='bbox 1559 3509 1609 3545; x_wconf 75' lang='lat' dir='ltr'><strong>uec</strong></span> 
     </span>
     <span class='ocr_line' id='line_1_43' title="bbox 245 3566 1610 3636; baseline 0.003 -24"><span class='ocrx_word' id='word_1_581' title='bbox 245 3566 306 3614; x_wconf 82' lang='lat' dir='ltr'><strong>iacit</strong></span> <span class='ocrx_word' id='word_1_582' title='bbox 325 3567 417 3615; x_wconf 85' lang='lat' dir='ltr'><strong>lineam</strong></span> <span class='ocrx_word' id='word_1_583' title='bbox 436 3576 515 3614; x_wconf 84' lang='lat' dir='ltr'><strong>totam</strong></span> <span class='ocrx_word' id='word_1_584' title='bbox 534 3567 605 3614; x_wconf 84' lang='lat' dir='ltr'><strong>simul</strong></span> <span class='ocrx_word' id='word_1_585' title='bbox 625 3569 649 3615; x_wconf 93' lang='lat' dir='ltr'><strong>in</strong></span> <span class='ocrx_word' id='word_1_586' title='bbox 669 3570 781 3621; x_wconf 85' lang='lat' dir='ltr'><strong>instanti,</strong></span> <span class='ocrx_word' id='word_1_587' title='bbox 801 3568 845 3617; x_wconf 91' lang='lat' dir='ltr'><strong>sed</strong></span> <span class='ocrx_word' id='word_1_588' title='bbox 863 3571 1000 3618; x_wconf 79' lang='lat' dir='ltr'><strong>successive</strong></span> <span class='ocrx_word' id='word_1_589' title='bbox 1026 3581 1121 3633; x_wconf 83' lang='lat' dir='ltr'><strong>partem</strong></span> <span class='ocrx_word' id='word_1_590' title='bbox 1140 3581 1195 3636; x_wconf 85' lang='lat' dir='ltr'><strong>post</strong></span> <span class='ocrx_word' id='word_1_591' title='bbox 1215 3581 1323 3636; x_wconf 89' lang='lat' dir='ltr'><strong>partem,</strong></span> <span class='ocrx_word' id='word_1_592' title='bbox 1342 3572 1479 3622; x_wconf 88' lang='lat' dir='ltr'><strong>secuudum</strong></span> <span class='ocrx_word' id='word_1_593' title='bbox 1497 3571 1566 3633; x_wconf 86' lang='lat' dir='ltr'><strong>prius</strong></span> <span class='ocrx_word' id='word_1_594' title='bbox 1584 3573 1610 3616; x_wconf 80' lang='lat' dir='ltr'><strong>et</strong></span> 
     </span>
     <span class='ocr_line' id='line_1_44' title="bbox 244 3636 1610 3705; baseline 0.005 -21"><span class='ocrx_word' id='word_1_595' title='bbox 244 3640 374 3699; x_wconf 86' lang='lat' dir='ltr'><strong>posterius.</strong></span> <span class='ocrx_word' id='word_1_596' title='bbox 413 3636 478 3697; x_wconf 85' lang='lat' dir='ltr'><strong>Quia</strong></span> <span class='ocrx_word' id='word_1_597' title='bbox 497 3652 553 3686; x_wconf 77' lang='lat' dir='ltr'><strong>vero</strong></span> <span class='ocrx_word' id='word_1_598' title='bbox 574 3640 718 3700; x_wconf 84' lang='lat' dir='ltr'><strong>experimur,</strong></span> <span class='ocrx_word' id='word_1_599' title='bbox 740 3641 822 3687; x_wconf 88' lang='lat' dir='ltr'><strong>lumen</strong></span> <span class='ocrx_word' id='word_1_600' title='bbox 841 3642 958 3688; x_wconf 89' lang='lat' dir='ltr'><strong>emissum</strong></span> <span class='ocrx_word' id='word_1_601' title='bbox 978 3654 993 3689; x_wconf 93' lang='lat' dir='ltr'><strong>a</strong></span> <span class='ocrx_word' id='word_1_602' title='bbox 1012 3655 1112 3705; x_wconf 90' lang='lat' dir='ltr'><strong>corpore</strong></span> <span class='ocrx_word' id='word_1_603' title='bbox 1133 3644 1212 3693; x_wconf 84' lang='lat' dir='ltr'><strong>lucido</strong></span> <span class='ocrx_word' id='word_1_604' title='bbox 1226 3647 1251 3692; x_wconf 92' lang='lat' dir='ltr'><strong>in</strong></span> <span class='ocrx_word' id='word_1_605' title='bbox 1270 3647 1374 3694; x_wconf 89' lang='lat' dir='ltr'><strong>instanti</strong></span> <span class='ocrx_word' id='word_1_606' title='bbox 1392 3642 1493 3696; x_wconf 80' lang='lat' dir='ltr'><strong>moveri.</strong></span> <span class='ocrx_word' id='word_1_607' title='bbox 1512 3643 1610 3704; x_wconf 77' lang='lat' dir='ltr'><strong>oportet</strong></span> 
     </span>
     <span class='ocr_line' id='line_1_45' title="bbox 243 3707 1610 3779; baseline 0.004 -24"><span class='ocrx_word' id='word_1_608' title='bbox 243 3707 268 3756; x_wconf 91' lang='lat' dir='ltr'><strong>ld</strong></span> <span class='ocrx_word' id='word_1_609' title='bbox 288 3723 336 3756; x_wconf 87' lang='lat' dir='ltr'><strong>non</strong></span> <span class='ocrx_word' id='word_1_610' title='bbox 357 3723 410 3757; x_wconf 87' lang='lat' dir='ltr'><strong>esse</strong></span> <span class='ocrx_word' id='word_1_611' title='bbox 430 3709 589 3763; x_wconf 74' lang='lat' dir='ltr'><strong>individuum,</strong></span> <span class='ocrx_word' id='word_1_612' title='bbox 609 3710 652 3757; x_wconf 92' lang='lat' dir='ltr'><strong>sed</strong></span> <span class='ocrx_word' id='word_1_613' title='bbox 667 3711 717 3758; x_wconf 84' lang='lat' dir='ltr'><strong>tale</strong></span> <span class='ocrx_word' id='word_1_614' title='bbox 731 3710 797 3773; x_wconf 88' lang='lat' dir='ltr'><strong>quid,</strong></span> <span class='ocrx_word' id='word_1_615' title='bbox 817 3711 881 3773; x_wconf 91' lang='lat' dir='ltr'><strong>quod</strong></span> <span class='ocrx_word' id='word_1_616' title='bbox 893 3719 971 3759; x_wconf 90' lang='lat' dir='ltr'><strong>totum</strong></span> <span class='ocrx_word' id='word_1_617' title='bbox 991 3714 1098 3774; x_wconf 87' lang='lat' dir='ltr'><strong>spatium</strong></span> <span class='ocrx_word' id='word_1_618' title='bbox 1110 3716 1181 3763; x_wconf 85' lang='lat' dir='ltr'><strong>simul</strong></span> <span class='ocrx_word' id='word_1_619' title='bbox 1201 3716 1334 3779; x_wconf 90' lang='lat' dir='ltr'><strong>adimplere</strong></span> <span class='ocrx_word' id='word_1_620' title='bbox 1352 3721 1443 3779; x_wconf 82' lang='lat' dir='ltr'><strong>potest,</strong></span> <span class='ocrx_word' id='word_1_621' title='bbox 1462 3719 1489 3762; x_wconf 87' lang='lat' dir='ltr'><strong>et</strong></span> <span class='ocrx_word' id='word_1_622' title='bbox 1506 3708 1610 3775; x_wconf 59' lang='lat' dir='ltr'><strong>psalm</strong></span> 
     </span>
     <span class='ocr_line' id='line_1_46' title="bbox 245 3778 1609 3843; baseline 0.003 -17"><span class='ocrx_word' id='word_1_623' title='bbox 245 3778 311 3843; x_wconf 91' lang='lat' dir='ltr'><strong>quod</strong></span> <span class='ocrx_word' id='word_1_624' title='bbox 330 3789 380 3829; x_wconf 88' lang='lat' dir='ltr'><strong>tres</strong></span> <span class='ocrx_word' id='word_1_625' title='bbox 398 3779 474 3827; x_wconf 85' lang='lat' dir='ltr'><strong>habat</strong></span> <span class='ocrx_word' id='word_1_626' title='bbox 499 3781 672 3828; x_wconf 89' lang='lat' dir='ltr'><strong>dimensiones.</strong></span> <span class='ocrx_word' id='word_1_627' title='bbox 710 3781 768 3830; x_wconf 89' lang='lat' dir='ltr'><strong>Scio</strong></span> <span class='ocrx_word' id='word_1_628' title='bbox 791 3782 945 3843; x_wconf 84' lang='lat' dir='ltr'><strong>superficiem</strong></span> <span class='ocrx_word' id='word_1_629' title='bbox 967 3785 1101 3833; x_wconf 87' lang='lat' dir='ltr'><strong>secundum</strong></span> <span class='ocrx_word' id='word_1_630' title='bbox 1126 3787 1283 3836; x_wconf 85' lang='lat' dir='ltr'><strong>latitudinem</strong></span> <span class='ocrx_word' id='word_1_631' title='bbox 1302 3802 1351 3836; x_wconf 92' lang='lat' dir='ltr'><strong>nou</strong></span> <span class='ocrx_word' id='word_1_632' title='bbox 1370 3800 1426 3836; x_wconf 85' lang='lat' dir='ltr'><strong>esse</strong></span> <span class='ocrx_word' id='word_1_633' title='bbox 1448 3785 1609 3834; x_wconf 75' lang='lat' dir='ltr'><strong>individuam.</strong></span> 
     </span>
     <span class='ocr_line' id='line_1_47' title="bbox 246 3849 1609 3922; baseline 0.01 -26"><span class='ocrx_word' id='word_1_634' title='bbox 246 3849 290 3897; x_wconf 83' lang='lat' dir='ltr'><strong>sed</strong></span> <span class='ocrx_word' id='word_1_635' title='bbox 310 3851 367 3911; x_wconf 84' lang='lat' dir='ltr'><strong>quia</strong></span> <span class='ocrx_word' id='word_1_636' title='bbox 387 3859 468 3896; x_wconf 89' lang='lat' dir='ltr'><strong>motus</strong></span> <span class='ocrx_word' id='word_1_637' title='bbox 494 3850 592 3898; x_wconf 87' lang='lat' dir='ltr'><strong>luminis</strong></span> <span class='ocrx_word' id='word_1_638' title='bbox 612 3852 640 3898; x_wconf 84' lang='lat' dir='ltr'><strong>m</strong></span> <span class='ocrx_word' id='word_1_639' title='bbox 658 3866 708 3899; x_wconf 92' lang='lat' dir='ltr'><strong>nou</strong></span> <span class='ocrx_word' id='word_1_640' title='bbox 728 3860 825 3900; x_wconf 85' lang='lat' dir='ltr'><strong>tantum</strong></span> <span class='ocrx_word' id='word_1_641' title='bbox 848 3854 982 3902; x_wconf 90' lang='lat' dir='ltr'><strong>secundum</strong></span> <span class='ocrx_word' id='word_1_642' title='bbox 1002 3855 1173 3918; x_wconf 89' lang='lat' dir='ltr'><strong>latitudinem,</strong></span> <span class='ocrx_word' id='word_1_643' title='bbox 1191 3860 1235 3908; x_wconf 86' lang='lat' dir='ltr'><strong>sed</strong></span> <span class='ocrx_word' id='word_1_644' title='bbox 1254 3862 1331 3909; x_wconf 83' lang='lat' dir='ltr'><strong>etiam</strong></span> <span class='ocrx_word' id='word_1_645' title='bbox 1353 3859 1489 3909; x_wconf 76' lang='lat' dir='ltr'><strong>secuudum</strong></span> <span class='ocrx_word' id='word_1_646' title='bbox 1506 3858 1609 3922; x_wconf 70' lang='lat' dir='ltr'><strong>prul·-</strong></span> 
     </span>
     <span class='ocr_line' id='line_1_48' title="bbox 247 3917 1611 3995; baseline 0.011 -29"><span class='ocrx_word' id='word_1_647' title='bbox 247 3917 363 3972; x_wconf 86' lang='lat' dir='ltr'><strong>ditatem,</strong></span> <span class='ocrx_word' id='word_1_648' title='bbox 393 3934 497 3969; x_wconf 87' lang='lat' dir='ltr'><strong>neccsse</strong></span> <span class='ocrx_word' id='word_1_649' title='bbox 526 3931 563 3969; x_wconf 81' lang='lat' dir='ltr'><strong>est</strong></span> <span class='ocrx_word' id='word_1_650' title='bbox 591 3922 675 3970; x_wconf 93' lang='lat' dir='ltr'><strong>lumini</strong></span> <span class='ocrx_word' id='word_1_651' title='bbox 704 3935 802 3985; x_wconf 87' lang='lat' dir='ltr'><strong>praeter</strong></span> <span class='ocrx_word' id='word_1_652' title='bbox 829 3924 986 3974; x_wconf 87' lang='lat' dir='ltr'><strong>latitudinem</strong></span> <span class='ocrx_word' id='word_1_653' title='bbox 1014 3929 1090 3975; x_wconf 85' lang='lat' dir='ltr'><strong>etiam</strong></span> <span class='ocrx_word' id='word_1_654' title='bbox 1118 3939 1257 3992; x_wconf 90' lang='lat' dir='ltr'><strong>competere</strong></span> <span class='ocrx_word' id='word_1_655' title='bbox 1284 3932 1487 3995; x_wconf 80' lang='lat' dir='ltr'><strong>prolanditatem.</strong></span> <span class='ocrx_word' id='word_1_656' title='bbox 1536 3928 1611 3980; x_wconf 77' lang='lat' dir='ltr'><strong>nn</strong></span> 
     </span>
     <span class='ocr_line' id='line_1_49' title="bbox 248 3992 1611 4055; baseline 0.013 -18"><span class='ocrx_word' id='word_1_657' title='bbox 248 3999 397 4053; x_wconf 86' lang='lat' dir='ltr'><strong>argumenta</strong></span> <span class='ocrx_word' id='word_1_658' title='bbox 417 3992 440 4037; x_wconf 92' lang='lat' dir='ltr'><strong>in</strong></span> <span class='ocrx_word' id='word_1_659' title='bbox 462 3993 610 4040; x_wconf 90' lang='lat' dir='ltr'><strong>contrarium</strong></span> <span class='ocrx_word' id='word_1_660' title='bbox 630 3993 761 4050; x_wconf 85' lang='lat' dir='ltr'><strong>ailerrem,</strong></span> <span class='ocrx_word' id='word_1_661' title='bbox 788 3996 833 4042; x_wconf 84' lang='lat' dir='ltr'><strong>nisi</strong></span> <span class='ocrx_word' id='word_1_662' title='bbox 853 3997 991 4045; x_wconf 89' lang='lat' dir='ltr'><strong>dubitarem</strong></span> <span class='ocrx_word' id='word_1_663' title='bbox 1010 4011 1043 4045; x_wconf 90' lang='lat' dir='ltr'><strong>an</strong></span> <span class='ocrx_word' id='word_1_664' title='bbox 1062 4014 1088 4046; x_wconf 93' lang='lat' dir='ltr'><strong>re</strong></span> <span class='ocrx_word' id='word_1_665' title='bbox 1107 4015 1165 4048; x_wconf 84' lang='lat' dir='ltr'><strong>sera</strong></span> <span class='ocrx_word' id='word_1_666' title='bbox 1192 4011 1290 4052; x_wconf 84' lang='lat' dir='ltr'><strong>statuas</strong></span> <span class='ocrx_word' id='word_1_667' title='bbox 1313 4003 1396 4053; x_wconf 84' lang='lat' dir='ltr'><strong>lumea</strong></span> <span class='ocrx_word' id='word_1_668' title='bbox 1418 4007 1535 4055; x_wconf 82' lang='lat' dir='ltr'><strong>eurisruun</strong></span> <span class='ocrx_word' id='word_1_669' title='bbox 1555 4015 1611 4054; x_wconf 69' lang='lat' dir='ltr'><strong>ean</strong></span> 
     </span>
     <span class='ocr_line' id='line_1_50' title="bbox 245 4060 1609 4142; baseline 0.014 -33"><span class='ocrx_word' id='word_1_670' title='bbox 245 4060 414 4124; x_wconf 82' lang='lat' dir='ltr'><strong>superficiem:</strong></span> <span class='ocrx_word' id='word_1_671' title='bbox 434 4065 576 4121; x_wconf 84' lang='lat' dir='ltr'><strong>pracsertim</strong></span> <span class='ocrx_word' id='word_1_672' title='bbox 596 4066 654 4126; x_wconf 91' lang='lat' dir='ltr'><strong>quia</strong></span> <span class='ocrx_word' id='word_1_673' title='bbox 672 4080 738 4127; x_wconf 89' lang='lat' dir='ltr'><strong>prop.</strong></span> <span class='ocrx_word' id='word_1_674' title='bbox 761 4063 783 4112; x_wconf 91' lang='lat' dir='ltr'><strong>l.</strong></span> <span class='ocrx_word' id='word_1_675' title='bbox 799 4076 824 4114; x_wconf 92' lang='lat' dir='ltr'><strong>et</strong></span> <span class='ocrx_word' id='word_1_676' title='bbox 842 4064 865 4112; x_wconf 79' lang='lat'><strong>¹2.</strong></span> <span class='ocrx_word' id='word_1_677' title='bbox 886 4069 979 4122; x_wconf 84' lang='lat' dir='ltr'><strong>lateris,</strong></span> <span class='ocrx_word' id='word_1_678' title='bbox 1000 4069 1079 4116; x_wconf 90' lang='lat' dir='ltr'><strong>lucem</strong></span> <span class='ocrx_word' id='word_1_679' title='bbox 1099 4072 1248 4122; x_wconf 88' lang='lat' dir='ltr'><strong>considerari</strong></span> <span class='ocrx_word' id='word_1_680' title='bbox 1265 4085 1294 4123; x_wconf 89' lang='lat' dir='ltr'><strong>nt</strong></span> <span class='ocrx_word' id='word_1_681' title='bbox 1313 4089 1400 4139; x_wconf 87' lang='lat' dir='ltr'><strong>eorpus</strong></span> <span class='ocrx_word' id='word_1_682' title='bbox 1420 4077 1609 4142; x_wconf 52' lang='lat' dir='ltr'><strong>geometrica</strong></span> 
     </span>
     <span class='ocr_line' id='line_1_51' title="bbox 246 4131 1609 4213; baseline 0.01 -30"><span class='ocrx_word' id='word_1_683' title='bbox 246 4136 316 4193; x_wconf 85' lang='lat' dir='ltr'><strong>eujus</strong></span> <span class='ocrx_word' id='word_1_684' title='bbox 328 4131 390 4180; x_wconf 85' lang='lat' dir='ltr'><strong>radii</strong></span> <span class='ocrx_word' id='word_1_685' title='bbox 409 4142 556 4195; x_wconf 88' lang='lat' dir='ltr'><strong>sparguntur</strong></span> <span class='ocrx_word' id='word_1_686' title='bbox 569 4136 593 4182; x_wconf 91' lang='lat' dir='ltr'><strong>in</strong></span> <span class='ocrx_word' id='word_1_687' title='bbox 607 4136 689 4183; x_wconf 88' lang='lat' dir='ltr'><strong>orbem</strong></span> <span class='ocrx_word' id='word_1_688' title='bbox 701 4138 766 4185; x_wconf 84' lang='lat' dir='ltr'><strong>sicut</strong></span> <span class='ocrx_word' id='word_1_689' title='bbox 779 4137 893 4199; x_wconf 87' lang='lat' dir='ltr'><strong>spiraera.</strong></span> <span class='ocrx_word' id='word_1_690' title='bbox 923 4138 954 4186; x_wconf 83' lang='lat' dir='ltr'><strong>Et</strong></span> <span class='ocrx_word' id='word_1_691' title='bbox 970 4155 1036 4202; x_wconf 91' lang='lat' dir='ltr'><strong>prop.</strong></span> <span class='ocrx_word' id='word_1_692' title='bbox 1052 4137 1075 4186; x_wconf 78' lang='lat'><strong>7.</strong></span> <span class='ocrx_word' id='word_1_693' title='bbox 1090 4141 1165 4189; x_wconf 91' lang='lat' dir='ltr'><strong>radiis</strong></span> <span class='ocrx_word' id='word_1_694' title='bbox 1179 4146 1264 4192; x_wconf 87' lang='lat' dir='ltr'><strong>tribuis</strong></span> <span class='ocrx_word' id='word_1_695' title='bbox 1283 4146 1463 4213; x_wconf 72' lang='lat' dir='ltr'><strong>longitudinem</strong></span> <span class='ocrx_word' id='word_1_696' title='bbox 1476 4148 1501 4196; x_wconf 86' lang='lat' dir='ltr'><strong>b.</strong></span> <span class='ocrx_word' id='word_1_697' title='bbox 1515 4161 1539 4196; x_wconf 81' lang='lat' dir='ltr'><strong>e.</strong></span> <span class='ocrx_word' id='word_1_698' title='bbox 1552 4159 1609 4211; x_wconf 67' lang='lat' dir='ltr'><strong>pn·</strong></span> 
     </span>
     <span class='ocr_line' id='line_1_52' title="bbox 249 4204 1610 4279; baseline 0.014 -28"><span class='ocrx_word' id='word_1_699' title='bbox 249 4204 398 4254; x_wconf 83' lang='lat' dir='ltr'><strong>lunditatem</strong></span> <span class='ocrx_word' id='word_1_700' title='bbox 419 4213 517 4265; x_wconf 89' lang='lat' dir='ltr'><strong>praeter</strong></span> <span class='ocrx_word' id='word_1_701' title='bbox 535 4205 697 4266; x_wconf 80' lang='lat' dir='ltr'><strong>superficiem.</strong></span> <span class='ocrx_word' id='word_1_702' title='bbox 737 4206 785 4255; x_wconf 87' lang='lat' dir='ltr'><strong>Cur</strong></span> <span class='ocrx_word' id='word_1_703' title='bbox 805 4217 887 4256; x_wconf 84' lang='lat' dir='ltr'><strong>autem</strong></span> <span class='ocrx_word' id='word_1_704' title='bbox 908 4210 965 4257; x_wconf 89' lang='lat' dir='ltr'><strong>alibi</strong></span> <span class='ocrx_word' id='word_1_705' title='bbox 989 4211 1125 4271; x_wconf 79' lang='lat' dir='ltr'><strong>superficiei</strong></span> <span class='ocrx_word' id='word_1_706' title='bbox 1145 4214 1204 4263; x_wconf 92' lang='lat' dir='ltr'><strong>illud</strong></span> <span class='ocrx_word' id='word_1_707' title='bbox 1223 4230 1364 4279; x_wconf 75' lang='lat' dir='ltr'><strong>compares,</strong></span> <span class='ocrx_word' id='word_1_708' title='bbox 1383 4233 1434 4268; x_wconf 85' lang='lat' dir='ltr'><strong>nou</strong></span> <span class='ocrx_word' id='word_1_709' title='bbox 1451 4225 1522 4269; x_wconf 81' lang='lat' dir='ltr'><strong>recte</strong></span> <span class='ocrx_word' id='word_1_710' title='bbox 1541 4230 1610 4268; x_wconf 71' lang='grc'><strong>110·</strong></span> 
     </span>
     <span class='ocr_line' id='line_1_53' title="bbox 248 4272 1612 4353; baseline 0.013 -31"><span class='ocrx_word' id='word_1_711' title='bbox 248 4290 316 4339; x_wconf 90' lang='lat' dir='ltr'><strong>quor.</strong></span> <span class='ocrx_word' id='word_1_712' title='bbox 354 4272 451 4321; x_wconf 88' lang='lat' dir='ltr'><strong>Deinde</strong></span> <span class='ocrx_word' id='word_1_713' title='bbox 471 4289 536 4336; x_wconf 92' lang='lat' dir='ltr'><strong>prop.</strong></span> <span class='ocrx_word' id='word_1_714' title='bbox 558 4273 599 4323; x_wconf 74' lang='lat'><strong>²8.</strong></span> <span class='ocrx_word' id='word_1_715' title='bbox 620 4278 664 4324; x_wconf 87' lang='lat' dir='ltr'><strong>tibi</strong></span> <span class='ocrx_word' id='word_1_716' title='bbox 683 4277 723 4325; x_wconf 91' lang='lat' dir='ltr'><strong>lux</strong></span> <span class='ocrx_word' id='word_1_717' title='bbox 743 4294 791 4326; x_wconf 84' lang='lat' dir='ltr'><strong>non</strong></span> <span class='ocrx_word' id='word_1_718' title='bbox 812 4287 850 4327; x_wconf 85' lang='lat' dir='ltr'><strong>est</strong></span> <span class='ocrx_word' id='word_1_719' title='bbox 869 4281 893 4328; x_wconf 93' lang='lat' dir='ltr'><strong>in</strong></span> <span class='ocrx_word' id='word_1_720' title='bbox 912 4282 987 4329; x_wconf 87' lang='lat' dir='ltr'><strong>radiis</strong></span> <span class='ocrx_word' id='word_1_721' title='bbox 1007 4282 1051 4329; x_wconf 89' lang='lat' dir='ltr'><strong>sed</strong></span> <span class='ocrx_word' id='word_1_722' title='bbox 1074 4286 1179 4332; x_wconf 87' lang='lat' dir='ltr'><strong>transiit.</strong></span> <span class='ocrx_word' id='word_1_723' title='bbox 1217 4286 1311 4336; x_wconf 85' lang='lat' dir='ltr'><strong>Sinon</strong></span> <span class='ocrx_word' id='word_1_724' title='bbox 1337 4289 1379 4339; x_wconf 89' lang='lat' dir='ltr'><strong>lnx</strong></span> <span class='ocrx_word' id='word_1_725' title='bbox 1397 4304 1458 4353; x_wconf 79' lang='lat' dir='ltr'><strong>argo</strong></span> <span class='ocrx_word' id='word_1_726' title='bbox 1475 4304 1524 4340; x_wconf 83' lang='lat' dir='ltr'><strong>nec</strong></span> <span class='ocrx_word' id='word_1_727' title='bbox 1542 4288 1612 4339; x_wconf 68' lang='lat' dir='ltr'><strong>calu</strong></span> 
     </span>
     <span class='ocr_line' id='line_1_54' title="bbox 247 4345 1612 4426; baseline 0.014 -34"><span class='ocrx_word' id='word_1_728' title='bbox 247 4346 327 4393; x_wconf 82' lang='lat' dir='ltr'><strong>estin</strong></span> <span class='ocrx_word' id='word_1_729' title='bbox 346 4345 429 4393; x_wconf 83' lang='lat' dir='ltr'><strong>radiis.</strong></span> <span class='ocrx_word' id='word_1_730' title='bbox 468 4347 596 4403; x_wconf 73' lang='lat' dir='ltr'><strong>Quomodo</strong></span> <span class='ocrx_word' id='word_1_731' title='bbox 616 4362 674 4410; x_wconf 79' lang='lat' dir='ltr'><strong>ergo</strong></span> <span class='ocrx_word' id='word_1_732' title='bbox 694 4364 737 4410; x_wconf 91' lang='lat' dir='ltr'><strong>per</strong></span> <span class='ocrx_word' id='word_1_733' title='bbox 763 4351 935 4399; x_wconf 84' lang='lat' dir='ltr'><strong>retractionem</strong></span> <span class='ocrx_word' id='word_1_734' title='bbox 957 4353 994 4399; x_wconf 81' lang='lat' dir='ltr'><strong>rel</strong></span> <span class='ocrx_word' id='word_1_735' title='bbox 1020 4353 1177 4404; x_wconf 87' lang='lat' dir='ltr'><strong>reflexionem</strong></span> <span class='ocrx_word' id='word_1_736' title='bbox 1203 4360 1346 4408; x_wconf 85' lang='lat' dir='ltr'><strong>accenditur</strong></span> <span class='ocrx_word' id='word_1_737' title='bbox 1364 4360 1451 4426; x_wconf 67' lang='lat' dir='ltr'><strong>ignis?</strong></span> <span class='ocrx_word' id='word_1_738' title='bbox 1483 4361 1528 4411; x_wconf 80' lang='lat' dir='ltr'><strong>Est</strong></span> <span class='ocrx_word' id='word_1_739' title='bbox 1545 4361 1612 4410; x_wconf 73' lang='lat' dir='ltr'><strong>culn</strong></span> 
     </span>
     <span class='ocr_line' id='line_1_55' title="bbox 246 4416 1612 4495; baseline 0.01 -30"><span class='ocrx_word' id='word_1_740' title='bbox 246 4416 371 4465; x_wconf 88' lang='lat' dir='ltr'><strong>radiorum</strong></span> <span class='ocrx_word' id='word_1_741' title='bbox 390 4417 481 4469; x_wconf 73' lang='lat' dir='ltr'><strong>undae</strong></span> <span class='ocrx_word' id='word_1_742' title='bbox 510 4416 608 4464; x_wconf 82' lang='lat' dir='ltr'><strong>rellexio</strong></span> <span class='ocrx_word' id='word_1_743' title='bbox 628 4429 654 4465; x_wconf 86' lang='lat' dir='ltr'><strong>et</strong></span> <span class='ocrx_word' id='word_1_744' title='bbox 675 4421 798 4474; x_wconf 80' lang='lat' dir='ltr'><strong>retractio,</strong></span> <span class='ocrx_word' id='word_1_745' title='bbox 816 4436 865 4469; x_wconf 89' lang='lat' dir='ltr'><strong>nou</strong></span> <span class='ocrx_word' id='word_1_746' title='bbox 884 4422 979 4469; x_wconf 85' lang='lat' dir='ltr'><strong>caloris.</strong></span> <span class='ocrx_word' id='word_1_747' title='bbox 1019 4423 1067 4471; x_wconf 83' lang='lat' dir='ltr'><strong>Sed</strong></span> <span class='ocrx_word' id='word_1_748' title='bbox 1091 4423 1154 4473; x_wconf 87' lang='lat' dir='ltr'><strong>haec</strong></span> <span class='ocrx_word' id='word_1_749' title='bbox 1175 4428 1308 4478; x_wconf 77' lang='lat' dir='ltr'><strong>sufficiant.</strong></span> <span class='ocrx_word' id='word_1_750' title='bbox 1347 4431 1429 4482; x_wconf 87' lang='lat' dir='ltr'><strong>linum</strong></span> <span class='ocrx_word' id='word_1_751' title='bbox 1448 4439 1528 4483; x_wconf 81' lang='lat' dir='ltr'><strong>reram</strong></span> <span class='ocrx_word' id='word_1_752' title='bbox 1546 4429 1612 4495; x_wconf 86' lang='lat' dir='ltr'><strong>qaod</strong></span> 
     </span>
     <span class='ocr_line' id='line_1_56' title="bbox 247 4486 1612 4567; baseline 0.015 -33"><span class='ocrx_word' id='word_1_753' title='bbox 247 4500 374 4549; x_wconf 84' lang='lat' dir='ltr'><strong>quaeram.</strong></span> <span class='ocrx_word' id='word_1_754' title='bbox 408 4486 456 4545; x_wconf 89' lang='lat' dir='ltr'><strong>Qui</strong></span> <span class='ocrx_word' id='word_1_755' title='bbox 477 4488 513 4539; x_wconf 90' lang='lat' dir='ltr'><strong>tit,</strong></span> <span class='ocrx_word' id='word_1_756' title='bbox 531 4502 632 4549; x_wconf 86' lang='lat' dir='ltr'><strong>quaeso,</strong></span> <span class='ocrx_word' id='word_1_757' title='bbox 652 4491 715 4551; x_wconf 84' lang='lat' dir='ltr'><strong>quod</strong></span> <span class='ocrx_word' id='word_1_758' title='bbox 734 4492 796 4538; x_wconf 91' lang='lat' dir='ltr'><strong>radii</strong></span> <span class='ocrx_word' id='word_1_759' title='bbox 815 4491 912 4540; x_wconf 89' lang='lat' dir='ltr'><strong>luminis</strong></span> <span class='ocrx_word' id='word_1_760' title='bbox 931 4494 1069 4542; x_wconf 77' lang='lat' dir='ltr'><strong>incidentes</strong></span> <span class='ocrx_word' id='word_1_761' title='bbox 1088 4496 1112 4542; x_wconf 93' lang='lat' dir='ltr'><strong>iu</strong></span> <span class='ocrx_word' id='word_1_762' title='bbox 1137 4511 1224 4560; x_wconf 86' lang='lat' dir='ltr'><strong>corpus</strong></span> <span class='ocrx_word' id='word_1_763' title='bbox 1242 4501 1394 4564; x_wconf 85' lang='lat' dir='ltr'><strong>diapbannm</strong></span> <span class='ocrx_word' id='word_1_764' title='bbox 1413 4505 1504 4567; x_wconf 82' lang='lat' dir='ltr'><strong>partim</strong></span> <span class='ocrx_word' id='word_1_765' title='bbox 1522 4503 1612 4553; x_wconf 70' lang='lat' dir='ltr'><strong>nisit·</strong></span> 
     </span>
     <span class='ocr_line' id='line_1_57' title="bbox 246 4557 1611 4639; baseline 0.017 -34"><span class='ocrx_word' id='word_1_766' title='bbox 246 4566 341 4622; x_wconf 83' lang='lat' dir='ltr'><strong>gantur</strong></span> <span class='ocrx_word' id='word_1_767' title='bbox 359 4559 448 4619; x_wconf 92' lang='lat' dir='ltr'><strong>partim</strong></span> <span class='ocrx_word' id='word_1_768' title='bbox 468 4557 648 4606; x_wconf 76' lang='lat' dir='ltr'><strong>reilcctantur&#39;!</strong></span> <span class='ocrx_word' id='word_1_769' title='bbox 668 4561 729 4608; x_wconf 75' lang='lat' dir='ltr'><strong>t&#39;um</strong></span> <span class='ocrx_word' id='word_1_770' title='bbox 749 4564 813 4609; x_wconf 89' lang='lat' dir='ltr'><strong>enim</strong></span> <span class='ocrx_word' id='word_1_771' title='bbox 832 4563 896 4610; x_wconf 86' lang='lat' dir='ltr'><strong>idem</strong></span> <span class='ocrx_word' id='word_1_772' title='bbox 917 4566 948 4610; x_wconf 90' lang='lat' dir='ltr'><strong>sit</strong></span> <span class='ocrx_word' id='word_1_773' title='bbox 967 4567 1074 4613; x_wconf 89' lang='lat' dir='ltr'><strong>omnium</strong></span> <span class='ocrx_word' id='word_1_774' title='bbox 1094 4567 1215 4617; x_wconf 89' lang='lat' dir='ltr'><strong>radiorum</strong></span> <span class='ocrx_word' id='word_1_775' title='bbox 1235 4583 1315 4621; x_wconf 82' lang='lat' dir='ltr'><strong>motus</strong></span> <span class='ocrx_word' id='word_1_776' title='bbox 1334 4574 1472 4639; x_wconf 81' lang='lat' dir='ltr'><strong>eademque</strong></span> <span class='ocrx_word' id='word_1_777' title='bbox 1491 4575 1611 4624; x_wconf 61' lang='lat' dir='ltr'><strong>emath</strong></span> 
     </span>
     <span class='ocr_line' id='line_1_58' title="bbox 247 4628 1614 4697; baseline 0.014 -21"><span class='ocrx_word' id='word_1_778' title='bbox 247 4629 354 4691; x_wconf 88' lang='lat' dir='ltr'><strong>corporis</strong></span> <span class='ocrx_word' id='word_1_779' title='bbox 374 4643 430 4675; x_wconf 78' lang='lat' dir='ltr'><strong>sero</strong></span> <span class='ocrx_word' id='word_1_780' title='bbox 450 4628 560 4677; x_wconf 88' lang='lat' dir='ltr'><strong>densitas</strong></span> <span class='ocrx_word' id='word_1_781' title='bbox 580 4640 733 4692; x_wconf 86' lang='lat' dir='ltr'><strong>supponatur</strong></span> <span class='ocrx_word' id='word_1_782' title='bbox 751 4633 840 4694; x_wconf 88' lang='lat' dir='ltr'><strong>ubique</strong></span> <span class='ocrx_word' id='word_1_783' title='bbox 860 4635 970 4696; x_wconf 87' lang='lat' dir='ltr'><strong>aequalis</strong></span> <span class='ocrx_word' id='word_1_784' title='bbox 989 4645 1014 4683; x_wconf 87' lang='lat' dir='ltr'><strong>et</strong></span> <span class='ocrx_word' id='word_1_785' title='bbox 1034 4639 1086 4697; x_wconf 86' lang='lat' dir='ltr'><strong>ejus</strong></span> <span class='ocrx_word' id='word_1_786' title='bbox 1111 4640 1253 4690; x_wconf 85' lang='lat' dir='ltr'><strong>resistentis</strong></span> <span class='ocrx_word' id='word_1_787' title='bbox 1274 4644 1370 4696; x_wconf 84' lang='lat' dir='ltr'><strong>eadem.</strong></span> <span class='ocrx_word' id='word_1_788' title='bbox 1391 4662 1435 4697; x_wconf 85' lang='lat' dir='ltr'><strong>cur</strong></span> <span class='ocrx_word' id='word_1_789' title='bbox 1453 4661 1504 4696; x_wconf 87' lang='lat' dir='ltr'><strong>uou</strong></span> <span class='ocrx_word' id='word_1_790' title='bbox 1522 4646 1614 4696; x_wconf 58' lang='lat' dir='ltr'><strong>den</strong></span> 
     </span>
    </p>
   </div>
   <div class='ocr_carea' id='block_1_6' title="bbox 248 4697 1614 4840">
    <p class='ocr_par' dir='ltr' id='par_1_6' title="bbox 248 4697 1614 4840">
     <span class='ocr_line' id='line_1_59' title="bbox 248 4697 1614 4782; baseline 0.016 -34"><span class='ocrx_word' id='word_1_791' title='bbox 248 4701 356 4748; x_wconf 75' lang='lat' dir='ltr'><strong>ominium</strong></span> <span class='ocrx_word' id='word_1_792' title='bbox 375 4697 498 4746; x_wconf 89' lang='lat' dir='ltr'><strong>radiorum</strong></span> <span class='ocrx_word' id='word_1_793' title='bbox 517 4708 556 4746; x_wconf 86' lang='lat' dir='ltr'><strong>est</strong></span> <span class='ocrx_word' id='word_1_794' title='bbox 574 4701 676 4762; x_wconf 80' lang='lat' dir='ltr'><strong>passio?</strong></span> <span class='ocrx_word' id='word_1_795' title='bbox 703 4703 752 4750; x_wconf 82' lang='lat' dir='ltr'><strong>Cur</strong></span> <span class='ocrx_word' id='word_1_796' title='bbox 771 4702 811 4749; x_wconf 85' lang='lat' dir='ltr'><strong>alii</strong></span> <span class='ocrx_word' id='word_1_797' title='bbox 832 4705 1012 4766; x_wconf 78' lang='lat' dir='ltr'><strong>refringantur,</strong></span> <span class='ocrx_word' id='word_1_798' title='bbox 1040 4708 1082 4755; x_wconf 85' lang='lat' dir='ltr'><strong>alii</strong></span> <span class='ocrx_word' id='word_1_799' title='bbox 1102 4714 1316 4771; x_wconf 79' lang='lat' dir='ltr'><strong>repercutiuntur?</strong></span> <span class='ocrx_word' id='word_1_800' title='bbox 1340 4719 1379 4765; x_wconf 82' lang='lat' dir='ltr'><strong>Au</strong></span> <span class='ocrx_word' id='word_1_801' title='bbox 1398 4731 1457 4767; x_wconf 84' lang='lat' dir='ltr'><strong>rere</strong></span> <span class='ocrx_word' id='word_1_802' title='bbox 1481 4719 1614 4782; x_wconf 72' lang='lat' dir='ltr'><strong>utmnqns</strong></span> 
     </span>
     <span class='ocr_line' id='line_1_60' title="bbox 248 4769 1381 4840; baseline 0.019 -24"><span class='ocrx_word' id='word_1_803' title='bbox 248 4771 375 4833; x_wconf 82' lang='lat' dir='ltr'><strong>patiuntur</strong></span> <span class='ocrx_word' id='word_1_804' title='bbox 393 4770 499 4817; x_wconf 76' lang='lat' dir='ltr'><strong>omnes?</strong></span> <span class='ocrx_word' id='word_1_805' title='bbox 525 4769 580 4818; x_wconf 77' lang='lat' dir='ltr'><strong>Non</strong></span> <span class='ocrx_word' id='word_1_806' title='bbox 600 4771 627 4818; x_wconf 88' lang='lat' dir='ltr'><strong>lit</strong></span> <span class='ocrx_word' id='word_1_807' title='bbox 646 4772 704 4820; x_wconf 81' lang='lat' dir='ltr'><strong>milri</strong></span> <span class='ocrx_word' id='word_1_808' title='bbox 724 4772 770 4820; x_wconf 88' lang='lat' dir='ltr'><strong>hoc</strong></span> <span class='ocrx_word' id='word_1_809' title='bbox 791 4775 938 4823; x_wconf 78' lang='lat' dir='ltr'><strong>verisimile:</strong></span> <span class='ocrx_word' id='word_1_810' title='bbox 959 4791 996 4823; x_wconf 88' lang='lat' dir='ltr'><strong>res</strong></span> <span class='ocrx_word' id='word_1_811' title='bbox 1016 4779 1089 4840; x_wconf 88' lang='lat' dir='ltr'><strong>igitur</strong></span> <span class='ocrx_word' id='word_1_812' title='bbox 1108 4781 1180 4830; x_wconf 77' lang='lat' dir='ltr'><strong>vaide</strong></span> <span class='ocrx_word' id='word_1_813' title='bbox 1198 4793 1237 4831; x_wconf 87' lang='lat' dir='ltr'><strong>est</strong></span> <span class='ocrx_word' id='word_1_814' title='bbox 1255 4786 1381 4836; x_wconf 62' lang='lat' dir='ltr'><strong>intricata„</strong></span> 
     </span>
    </p>
   </div>
   <div class='ocr_carea' id='block_1_7' title="bbox 251 4856 1615 5049">
    <p class='ocr_par' dir='ltr' id='par_1_7' title="bbox 251 4856 1615 5049">
     <span class='ocr_line' id='line_1_61' title="bbox 337 4856 1615 4940; baseline 0.019 -37"><span class='ocrx_word' id='word_1_815' title='bbox 337 4856 394 4904; x_wconf 84' lang='lat' dir='ltr'><strong>Jam</strong></span> <span class='ocrx_word' id='word_1_816' title='bbox 424 4857 497 4904; x_wconf 85' lang='lat' dir='ltr'><strong>tinem</strong></span> <span class='ocrx_word' id='word_1_817' title='bbox 525 4859 619 4905; x_wconf 85' lang='lat' dir='ltr'><strong>iaciens</strong></span> <span class='ocrx_word' id='word_1_818' title='bbox 649 4859 805 4922; x_wconf 79' lang='lat' dir='ltr'><strong>lirenggerus</strong></span> <span class='ocrx_word' id='word_1_819' title='bbox 833 4863 894 4922; x_wconf 87' lang='lat' dir='ltr'><strong>petit</strong></span> <span class='ocrx_word' id='word_1_820' title='bbox 914 4876 929 4909; x_wconf 91' lang='lat' dir='ltr'><strong>a</strong></span> <span class='ocrx_word' id='word_1_821' title='bbox 949 4863 1070 4926; x_wconf 72' lang='lat' dir='ltr'><strong>Replero,</strong></span> <span class='ocrx_word' id='word_1_822' title='bbox 1099 4876 1127 4915; x_wconf 91' lang='lat' dir='ltr'><strong>ut</strong></span> <span class='ocrx_word' id='word_1_823' title='bbox 1152 4874 1316 4922; x_wconf 81' lang='lat' dir='ltr'><strong>correctiones</strong></span> <span class='ocrx_word' id='word_1_824' title='bbox 1345 4875 1407 4925; x_wconf 86' lang='lat' dir='ltr'><strong>duas</strong></span> <span class='ocrx_word' id='word_1_825' title='bbox 1435 4877 1461 4926; x_wconf 90' lang='lat' dir='ltr'><strong>iu</strong></span> <span class='ocrx_word' id='word_1_826' title='bbox 1487 4875 1615 4940; x_wconf 76' lang='lat' dir='ltr'><strong>Tycbuuls</strong></span> 
     </span>
     <span class='ocr_line' id='line_1_62' title="bbox 251 4924 1462 5010; baseline 0.021 -40"><span class='ocrx_word' id='word_1_827' title='bbox 251 4924 380 5010; x_wconf 34' lang='lat' dir='ltr'><strong>Progym&#39;n.</strong></span> <span class='ocrx_word' id='word_1_828' title='bbox 401 4927 447 5010; x_wconf 25' lang='lat' dir='ltr'><strong>(p...</strong></span> <span class='ocrx_word' id='word_1_829' title='bbox 456 4925 519 4982; x_wconf 72' lang='grc'><strong>261)</strong></span> <span class='ocrx_word' id='word_1_830' title='bbox 541 4929 586 4976; x_wconf 82' lang='lat' dir='ltr'><strong>sibi</strong></span> <span class='ocrx_word' id='word_1_831' title='bbox 606 4931 720 4992; x_wconf 87' lang='lat' dir='ltr'><strong>explicet,</strong></span> <span class='ocrx_word' id='word_1_832' title='bbox 741 4931 852 4979; x_wconf 87' lang='lat' dir='ltr'><strong>addens:</strong></span> <span class='ocrx_word' id='word_1_833' title='bbox 872 4932 908 4980; x_wconf 85' lang='lat' dir='ltr'><strong>Ta</strong></span> <span class='ocrx_word' id='word_1_834' title='bbox 928 4947 1021 4997; x_wconf 85' lang='lat' dir='ltr'><strong>quaeso</strong></span> <span class='ocrx_word' id='word_1_835' title='bbox 1040 4949 1079 4983; x_wconf 83' lang='lat' dir='ltr'><strong>me</strong></span> <span class='ocrx_word' id='word_1_836' title='bbox 1097 4941 1163 4999; x_wconf 69' lang='lat' dir='ltr'><strong>jora</strong></span> <span class='ocrx_word' id='word_1_837' title='bbox 1203 4941 1267 4994; x_wconf 81' lang='lat' dir='ltr'><strong>l&#39;ale</strong></span> <span class='ocrx_word' id='word_1_838' title='bbox 1287 4946 1329 4996; x_wconf 89' lang='lat' dir='ltr'><strong>diu</strong></span> <span class='ocrx_word' id='word_1_839' title='bbox 1348 4947 1462 4998; x_wconf 79' lang='lat' dir='ltr'><strong>leliciter.</strong></span> 
     </span>
     <span class='ocr_line' id='line_1_63' title="bbox 339 4996 808 5049; baseline 0.004 -4"><span class='ocrx_word' id='word_1_840' title='bbox 339 4996 512 5047; x_wconf 70' lang='lat' dir='ltr'><strong>laaah&#39;buruae</strong></span> <span class='ocrx_word' id='word_1_841' title='bbox 531 4998 555 5047; x_wconf 85' lang='grc'><strong>8.</strong></span> <span class='ocrx_word' id='word_1_842' title='bbox 577 4999 630 5047; x_wconf 75' lang='lat' dir='ltr'><strong>cri.</strong></span> <span class='ocrx_word' id='word_1_843' title='bbox 650 5000 709 5049; x_wconf 82' lang='lat' dir='ltr'><strong>Juu.</strong></span> <span class='ocrx_word' id='word_1_844' title='bbox 731 4998 808 5049; x_wconf 73' lang='lat' dir='ltr'><strong>aaut.</strong></span> 
     </span>
    </p>
   </div>
   <div class='ocr_carea' id='block_1_8' title="bbox 0 0 1862 5842">
    <p class='ocr_par' dir='ltr' id='par_1_8' title="bbox 0 0 1862 5842">
     <span class='ocr_line' id='line_1_64' title="bbox 0 0 1862 5842; baseline 0 0"><span class='ocrx_word' id='word_1_845' title='bbox 0 0 1862 5842; x_wconf 95' lang='lat' dir='ltr'><strong> </strong></span> 
     </span>
    </p>
   </div>
  </div>
 </body>
</html>
