3692 5842
704 480 735 533 as
752 480 825 533 ssu·
843 479 947 547 opaea..
1440 477 1502 546 109

139 651 212 712 nodi,
232 651 294 702 licet
311 653 410 703 interim
431 652 574 704 nullatenus
597 655 748 713 concedam,
774 671 858 707 reram
878 672 933 708 erse
958 658 1153 708 observationem
1171 671 1237 707 anno
1255 653 1314 706 808.
1353 656 1502 716 causaest,

140 723 209 787 quod
227 723 283 773 rudi
301 724 343 773 illo
361 723 444 774 seculo
463 732 510 774 tua
527 725 672 776 observandi
690 728 762 791 ratio,
773 734 799 777 ot
817 729 939 778 subtilitas
958 730 1031 792 plane
1050 730 1137 793 ignota
1155 729 1236 785 fuerit,
1256 728 1288 778 ad
1301 730 1378 777 risum
1397 743 1452 778 roro
1471 728 1503 779 de

141 808 172 843 eo
189 791 306 856 Judiesre
324 794 389 845 velle
408 795 607 846 absurdissimum
627 801 676 857 e'st,
698 811 753 846 cnm
772 799 803 847 cb
828 800 963 849 exilitatem
982 799 1098 849 Mercurii
1117 806 1170 848 tum
1188 798 1342 861 splendorem
1361 797 1425 847 Solis
1444 812 1502 848 ocu·

141 864 223 913 lorum
242 867 325 914 actem
344 867 557 931 perstringentem.
596 865 709 916 Secundo
729 867 845 917 nodorum
864 877 944 919 motus
963 886 1011 919 non
1035 870 1185 933 respondete
1212 883 1270 919 nam
1289 870 1310 918 si
1325 872 1397 932 Juxta
1415 884 1501 932 propo-

140 936 219 984 situm
238 931 289 984 dd'
306 949 384 1000 usque
410 937 459 987 linc
485 938 676 1000 processissent,
705 946 765 988 tunc
784 953 800 987 a
817 940 961 991 Ptolemaeo
989 942 1022 989 ad
1040 938 1093 989 808
1112 940 1145 989 ad
1171 935 1219 988 ³0⁰
1237 941 1419 1003 processissent,
1439 940 1502 1005 quod

143 1020 203 1056 eum
221 1005 367 1056 Ptolemaeo
385 1021 435 1057 non
453 1010 584 1058 consentit

234 1076 275 1126 sd
294 1084 413 1127 contenta
429 1078 557 1128 literamm
569 1079 674 1143 prlomm
687 1093 778 1142 quaeso
791 1080 863 1129 simul
877 1095 933 1130 cum
946 1080 983 1130 his
1002 1081 1162 1145 respondeas,
1182 1095 1228 1131 uec
1247 1086 1359 1130 mutuam
1377 1080 1503 1132 literarum

142 1149 396 1198 communicationem
415 1148 466 1198 alto
492 1149 589 1199 silentio
607 1149 695 1204 tollas,
724 1150 768 1198 sed
793 1143 892 1214 saepius
910 1151 959 1201 huo
986 1154 1087 1201 scribas.
1126 1151 1181 1212 Quo
1200 1153 1299 1215 saepius
1318 1152 1454 1214 scripseris,
1474 1167 1503 1202 eo

142 1217 289 1283 diligentius
308 1219 335 1267 in
353 1219 600 1283 contemplationibus
618 1219 732 1269 Uraoicis
750 1223 908 1285 progredior;
929 1222 1062 1272 destitutus
1081 1237 1137 1272 vero
1156 1222 1246 1271 haereo
1265 1224 1290 1271 in
1309 1221 1417 1271 latebris.

235 1287 263 1339 Si
283 1288 316 1338 sd
333 1296 443 1339 nostum
462 1289 642 1340 cancellarium
661 1290 692 1339 ds
711 1290 777 1340 filiae
795 1298 854 1341 tuae
872 1294 962 1342 marito
987 1294 1093 1343 scribere
1110 1294 1209 1357 placet,
1229 1307 1276 1357 ego
1294 1292 1379 1342 literas
1398 1292 1504 1343 fideliter

143 1360 238 1411 emsbo
257 1367 285 1409 et
301 1374 355 1410 rem
373 1368 494 1424 qnantum
511 1376 610 1424 possum
628 1362 728 1425 urgebo.

233 1429 308 1480 Haeo
335 1438 394 1480 sunt
420 1431 533 1496 quaeda
553 1431 647 1494 Opticis
676 1432 841 1496 similibusque
868 1448 912 1497 per
938 1434 1023 1484 literas
1051 1441 1156 1499 egemnt
1177 1433 1302 1497 Keplerus
1321 1439 1347 1483 st
1364 1433 1500 1484 Fabricius.

142 1501 204 1551 Alia
221 1501 338 1566 leguntur
357 1502 384 1550 in
405 1503 598 1566 praefationibus
616 1503 749 1552 nostrised
764 1502 980 1564 Calendarialsc,
1000 1504 1090 1554 libmm
1103 1505 1134 1553 de
1152 1518 1217 1554 nova
1234 1505 1308 1555 stella
1320 1511 1346 1553 st
1356 1507 1502 1567 praesertim

142 1572 177 1623 ad
196 1571 385 1622 commentaria
400 1571 497 1622 Martis.
534 1572 586 1622 Illis
607 1587 664 1623 sero
693 1573 854 1638 adjungenda
881 1582 940 1625 sunt
961 1589 1052 1639 pauca,
1080 1590 1144 1641 quae
1169 1575 1292 1638 Keplems
1317 1589 1372 1624 cum
1392 1576 1503 1626 Fabricio

142 1643 197 1709 mh
209 1642 317 1707 rebel·
334 1645 398 1707 ‘mle
416 1645 543 1706 impresso

235 1729 413 1788 Fabricius,
427 1746 501 1795 quum
514 1731 547 1781 ed
558 1732 667 1794 proxime
679 1733 828 1795 praemissas
837 1732 922 1782 literas
936 1734 1028 1783 nullam
1041 1733 1143 1797 Kspleri
1160 1735 1342 1798 responsionem
1356 1736 1502 1798 accepisset,

143 1815 222 1868 segre
240 1802 324 1851 ferens
349 1803 375 1851 iu
400 1803 566 1868 Prognosticis
585 1815 706 1852 annorum
735 1800 872 1850 1815-17
899 1805 968 1854 illurn
995 1805 1092 1867 publico
1119 1819 1231 1855 sermone
1259 1805 1329 1855 adiit.
1375 1806 1414 1855 Ad
1438 1807 1502 1856 haec

142 1873 272 1937 respondit
291 1872 413 1937 Keplerus
430 1874 456 1922 iu
474 1874 628 1937 praefatione
647 1873 679 1923 ad
698 1874 873 1937 Ephemerides
891 1878 951 1924 euni
973 1871 1039 1923 1817
1058 1874 1123 1924 huuc
1141 1877 1167 1925 in
1185 1876 1299 1925 modum:

235 1962 368 2041 Tempus
401 1970 451 2023 est
483 1971 514 2023 et
545 1960 655 2023 invitat
687 1961 833 2036 materia,
867 1971 901 2023 ut
933 1964 972 2023 ad
1004 1964 1046 2024 Te
1079 1972 1257 2038 convertar,
1291 1965 1502 2026 sollertissime

144 2049 280 2124 Fabrici,
302 2049 410 2112 Amice
425 2050 574 2123 Uranice3
598 2069 653 2111 nee
677 2051 756 2111 enim
775 2050 953 2129 dignitatem
973 2050 1062 2129 liujus
1082 2053 1217 2125 nominis,
1238 2071 1297 2131 qua
1319 2072 1365 2113 mc
1389 2053 1502 2114 cultum

145 2147 179 2200 et
201 2146 344 2200 ornatum
367 2138 500 2210 voluisti,
524 2157 589 2200 cum
614 2138 827 2200 consuetudine
853 2140 957 2200 literas
981 2140 1020 2200 ad
1041 2150 1069 2201 te
1094 2140 1230 2200 mittendi
1254 2141 1388 2218 deposui.
1423 2139 1501 2201 Suc-

146 2227 311 2302 censuisti,
337 2228 447 2302 fateor,
482 2227 715 2301 conticescenti;
749 2227 858 2287 sedet
891 2227 1028 2306 fatigasti
1061 2235 1304 2305 responsantem,
1329 2229 1411 2289 Echo
1436 2248 1503 2290 mee

145 2334 304 2397 germana,
330 2315 458 2377 cuicum
477 2325 561 2376 esset
580 2316 772 2376 concedenda
786 2334 844 2375 vox
869 2316 984 2388 ultima,
1010 2315 1039 2376 id
1061 2325 1109 2377 est
1126 2316 1218 2395 priori
1237 2316 1310 2376 mihi
1333 2318 1501 2390 tacendum,

145 2423 206 2466 non
240 2423 354 2483 magna
385 2404 587 2465 sollicitudine
620 2404 710 2465 animi
743 2404 830 2464 finem
864 2404 1108 2483 reciprocationis
1145 2405 1227 2465 illum
1265 2405 1377 2479 statui,
1416 2424 1503 2484 quem

145 2503 268 2572 tempus
292 2493 405 2566 suasit;
429 2512 494 2553 oum
519 2491 770 2571 occupatissimus
798 2493 826 2553 in
852 2490 1082 2554 Commentariis
1118 2493 1226 2554 Martis
1258 2485 1382 2554 edendis
1411 2512 1503 2573 opera

145 2580 272 2662 publica
293 2582 432 2661 privatae
455 2581 659 2660 responsionis
682 2580 813 2660 gratiam
836 2600 883 2642 me
906 2583 1109 2642 redemtorem
1132 2581 1261 2660 speravi.
1587 2651 1590 2655 .

237 2668 287 2730 Ex
310 2669 362 2731 illo
385 2678 519 2748 tempore
544 2670 657 2730 frustra
680 2679 712 2730 tu
736 2670 851 2730 rotulae
872 2678 941 2730 tuae
965 2669 1153 2749 magneticae
1178 2670 1306 2731 iudicem
1329 2667 1357 2729 iu
1382 2667 1501 2731 literam
1538 2669 1546 2674 ”

145 2759 177 2821 Δ
202 2757 362 2832 direxisti,
399 2765 434 2818 ut
457 2766 489 2819 et
512 2757 540 2819 in
569 2777 636 2818 mea
669 2755 784 2832 rotila,
817 2776 870 2835 per
902 2759 1093 2838 longinquum
1122 2759 1177 2819 boc
1211 2759 1346 2819 occultae
1379 2757 1501 2818 virtutis

146 2847 377 2919 commercium,
402 2846 537 2907 efficeres
560 2845 659 2920 idem3
692 2846 744 2908 alii
773 2846 845 2906 mibi
877 2857 1033 2926 magnetes
1063 2865 1100 2906 ex
1126 2846 1291 2926 propinquo
1324 2846 1503 2923 ingruebant

145 2938 261 2999 virtute
285 2934 478 3009 valentiores,
504 2936 611 2996 effectu
635 2944 705 2996 tuae
729 2935 889 3006 contrario,
913 2944 947 2996 ut
970 2954 1062 3014 penes
1082 2954 1128 2995 me
1153 2935 1241 2997 litera
1265 2935 1347 2995 nulla
1369 2935 1501 2995 crebrius

147 3023 334 3086 indicaretur
356 3023 404 3096 iis,
430 3042 504 3102 quas
526 3022 622 3084 Dolor
645 3031 677 3083 et
690 3023 804 3083 Luctus
818 3026 861 3083 'et
874 3024 958 3084 Mors
983 3033 1013 3085 et
1033 3021 1167 3097 Orbitas,
1194 3031 1225 3085 et
1248 3024 1335 3084 Bella
1359 3032 1389 3084 et
1415 3023 1502 3084 Lites

146 3113 302 3194 praefixas
326 3120 451 3191 gestant
473 3111 503 3173 in
527 3111 685 3185 frontibus,
711 3121 741 3172 et
764 3111 897 3172 Pecunia
918 3113 948 3173 in
973 3111 1111 3190 occipite,
1136 3121 1167 3174 et
1190 3113 1228 3173 ab
1253 3113 1357 3173 eadem
1381 3111 1501 3191 syllaba
1606 3171 1611 3184 ,

147 3202 348 3282 incipientes:
381 3200 525 3279 Migratio
558 3208 590 3260 et
617 3199 755 3269 Miseria,
788 3219 864 3280 quae
895 3201 958 3274 „Mi
980 3202 1011 3262 fa
1033 3202 1114 3262 lasso
1138 3200 1304 3281 lanqui1·e.“
1353 3198 1500 3272 Crudelis,

147 3292 198 3373 qui
222 3289 375 3353 silentium
398 3308 505 3363 meum,
530 3288 586 3350 sub
617 3308 674 3368 quo
703 3308 756 3350 ceu
780 3290 944 3368 ligamento
969 3291 1097 3370 quodam
1121 3290 1171 3350 vix
1194 3308 1266 3368 agre
1290 3288 1503 3350 coalescebant

148 3380 260 3444 mentis
292 3379 434 3449 vulnera,
467 3378 594 3457 publicis
626 3377 773 3439 machinis
803 3378 934 3439 admotis
967 3378 1049 3440 nisus
1080 3398 1113 3439 es
1146 3397 1316 3457 expugnare
1350 3377 1502 3456 linteaque

148 3467 342 3532 cicatricibus
366 3468 495 3528 nondum
514 3466 652 3527 obductis
673 3466 826 3527 revellere.
844 3464 870 3546 ⁷)
911 3469 1022 3529 Verum
1041 3487 1100 3529 non
1122 3476 1170 3528 est
1193 3466 1335 3544 suspicax
1354 3465 1503 3538 charitas3

148 3560 273 3639 ignarus
297 3555 518 3636 aegritudinum
551 3575 684 3617 mearum
708 3555 809 3629 fuisti,
842 3556 959 3617 veniam
991 3565 1121 3616 meretur
1151 3575 1234 3616 amor
1257 3562 1379 3626 noster,
1413 3572 1503 3632 quarn

149 3665 207 3710 non
232 3644 323 3707 aliter
346 3663 393 3705 me
417 3645 472 3705 tibi
504 3644 631 3724 probare
664 3662 786 3723 possum
818 3644 993 3720 indulsisse,
1027 3663 1115 3724 quarn
1142 3643 1168 3704 si
1199 3644 1237 3704 ad
1269 3642 1405 3722 publices
1433 3651 1502 3702 tuas

148 3734 383 3817 provocationes
407 3732 524 3812 publice
548 3752 662 3812 qnoque
685 3734 893 3811 respondeam,
919 3736 998 3814 quod
1018 3742 1089 3795 ante
1114 3732 1275 3794 editionem
1298 3730 1384 3809 hujus
1397 3730 1503 3809 Ephe-

148 3823 272 3887 meridis
297 3823 451 3886 commodo
475 3841 541 3883 meo
566 3822 665 3883 facere
689 3841 747 3882 non
770 3822 864 3901 potui.

237 3915 309 3993 Age
333 3912 434 3992 itaque
455 3920 537 3972 tuam
559 3909 777 3990 praefationem
793 3911 822 3971 iu
837 3910 1067 3991 prognosticum
1085 3909 1155 3972 anni
1177 3905 1260 3972 1615
1286 3908 1502 3983 examinernus3

148 4004 254 4066 crebra
277 3999 356 4062 enim
380 3999 509 4061 occurrit
531 4000 658 4061 nominis
682 4000 739 4060 mei
762 4000 885 4062 mentio.

238 4106 443 4172 Commendas
475 4107 685 4186 profectum
718 4106 861 4167 aetatis
894 4111 1051 4166 nostrae
1083 4105 1121 4165 in
1154 4103 1347 4178 scientiis3
1382 4102 1504 4182 egregia

149 4199 318 4271 voluntate,
337 4194 450 4274 jndicio
475 4216 494 4256 a
516 4214 583 4256 meo
607 4196 737 4256 diverso.
783 4195 863 4255 Nam
888 4195 966 4273 quod
990 4213 1046 4271 ego
1074 4193 1369 4272 praestantissimum
1395 4193 1423 4251 in
1447 4191 1503 4251 hoc

148 4287 287 4369 profectu
306 4284 421 4365 judico,
446 4293 605 4363 penetrare
620 4286 658 4345 ad
674 4283 819 4363 genuinas
842 4302 950 4345 causas
965 4290 1109 4355 motuum,
1134 4291 1166 4343 tu
1181 4281 1331 4361 praeteris
1355 4280 1502 4341 intactum

149 4377 323 4456 viderisque
345 4372 495 4443 fastidire,
510 4372 776 4453 Prognosticisque
795 4379 826 4433 et
845 4371 968 4453 judiciis
991 4370 1199 4450 genethliacis,
1224 4389 1299 4450 quae
1324 4367 1503 4446 conjecturis

149 4465 357 4532 continentur,
389 4463 477 4541 longe
501 4471 703 4542 postponere:
738 4461 846 4541 quippe
871 4462 920 4542 qui
954 4480 1037 4522 nreas
1060 4460 1090 4522 in
1123 4478 1280 4521 causarum
1313 4455 1502 4538 inquisitione

149 4573 249 4616 mores
273 4551 452 4630 increpitas,
477 4550 610 4612 Tabulas
644 4550 806 4631 efflagitas,
841 4570 879 4611 ex
902 4551 1008 4630 quibus
1028 4548 1227 4628 Prognostica
1250 4548 1324 4607 fiant
1354 4555 1503 4624 utcunque

151 4641 344 4724 philosophia
366 4639 488 4725 habeat..

240 4734 325 4795 Inter
347 4729 503 4791 inventa
529 4727 623 4791 seculi
646 4726 741 4789 nostri
769 4728 881 4800 refers,
914 4728 1153 4802 demonstratum
1177 4745 1196 4785 a
1220 4733 1259 4800 te,
1297 4723 1374 4802 tegi
1408 4721 1503 4783 fixas
1532 4733 1534 4738 ’

152 4831 187 4884 et
210 4818 352 4900 retegi,
377 4819 496 4899 quando
519 4818 643 4880 Novas
666 4836 721 4878 nos
744 4824 895 4895 putamus.
944 4815 1126 4894 Conjectura
1150 4822 1198 4875 est
1228 4832 1266 4874 ex
1289 4810 1502 4874 observatione

152 4918 205 4973 tue
222 4919 254 4971 et
269 4907 401 4972 Simonis
415 4906 506 4970 Marii
529 4906 624 4969 nostri
649 4906 701 4977 (de
725 4904 863 4983 vestigiis
890 4924 986 4966 novae
1008 4905 1038 4966 in
1062 4901 1241 4982 Cassiopeja
1264 4900 1504 4980 superstitibus),

152 5000 337 5081 conjectura,
361 4997 491 5079 inquam,
515 5004 606 5060 uotae
630 5013 688 5058 non
711 4994 818 5070 malae,
844 4995 898 5057 sed
921 4993 1037 5057 lubrica
1059 5011 1113 5056 nec
1132 4999 1217 5054 certa
1240 4990 1396 5055 felicitatis
1419 5010 1503 5052 suae.
