3692 5842
341 458 407 527 236
812 459 1005 523 Paralipomens
1022 461 1048 510 lo
1067 459 1234 510 Vitellionem.

341 647 404 700 tum
435 637 629 715 refringetur,
669 656 761 717 quare
801 636 896 697 miuus
936 635 1052 715 quidem
1086 636 1115 697 in
1149 637 1243 698 vitreo
1286 635 1422 698 discedet
1451 657 1471 697 a
1499 634 1593 715 priori
1626 653 1702 696 ceno

340 728 454 787 directe
479 745 568 805 quam
592 726 620 786 in
637 725 823 807 crystallino,
848 725 901 785 sed
917 732 1017 786 tamen
1039 727 1175 787 discedet
1197 735 1228 787 et
1251 724 1295 785 sie
1319 726 1357 786 ad
1376 725 1533 787 sinistrum
1553 723 1701 804 parietem

269 873 276 886 ‚
340 816 454 878 retinae
478 814 637 876 allabetnr.
684 814 729 875 At
752 834 787 874 ne
812 814 985 875 turbaretur
1008 815 1221 893 hemisphaerii
1253 813 1349 888 ratio,
1383 813 1410 875 si
1433 823 1547 893 puncta
1572 813 1700 876 lerisio

339 912 408 967 aere
433 922 471 963 ex
495 911 598 964 centro
622 904 699 964 oculi
732 903 789 964 sibi
820 913 921 964 mutare
956 903 1095 982 opposita
1127 904 1239 982 tripiici
1267 902 1448 964 refractione
1473 925 1491 964 a
1514 922 1646 965 corneae
1670 910 1702 963 et

338 992 507 1074 crystallini
536 992 747 1070 superliciebus
781 992 861 1053 laeta
898 993 1093 1053 deflecterent
1126 993 1163 1052 ab
1193 991 1394 1071 oppositione,
1420 1001 1452 1053 et
1475 1002 1625 1073 tanquam
1663 992 1701 1052 ab

339 1081 450 1159 angulo
475 1081 503 1141 in
527 1081 762 1159 profunditatem
797 1080 872 1141 oculi
903 1081 1067 1141 defluerent
1098 1081 1199 1159 sieque
1223 1100 1290 1142 sese
1314 1080 1344 1141 ia
1377 1082 1548 1161 portionem
1586 1080 1703 1142 retinse

338 1171 481 1232 minorem
506 1169 725 1247 hemisphaerio
750 1170 945 1249 colligerent,
968 1178 1077 1230 natura
1100 1170 1251 1247 egregiam
1267 1169 1415 1230 rationem
1431 1170 1556 1242 invenit,
1582 1177 1703 1230 statute

339 1268 443 1321 centro
469 1258 584 1319 retinae
608 1278 666 1319 nen
691 1259 719 1318 in
744 1277 889 1319 concursu
914 1258 1014 1319 axium
1038 1277 1188 1332 cenerum,
1214 1259 1262 1339 qui
1286 1259 1415 1319 vitreum
1439 1259 1596 1319 humorem
1610 1276 1702 1338 pera-

338 1357 441 1428 grant,
477 1347 531 1407 sed
562 1348 648 1424 lenge
682 1348 763 1408 intra
792 1355 822 1407 et
847 1347 936 1408 limbo
968 1347 1083 1407 retinae
1113 1348 1233 1407 admeto
1259 1368 1277 1407 a
1301 1347 1466 1419 lateribus,
1505 1355 1540 1407 ut
1563 1347 1611 1407 ita
1633 1346 1701 1408 coni

340 1436 500 1516 longiores,
526 1435 575 1514 qui
600 1436 667 1514 plus
691 1436 904 1508 divaricantur,
931 1446 1030 1497 rectas
1055 1443 1086 1495 et
1110 1435 1175 1497 idee
1201 1437 1307 1497 breves
1331 1444 1435 1515 partes
1460 1436 1577 1497 retinae
1602 1434 1699 1498 inter·

338 1526 481 1605 ciperent,
508 1524 557 1603 qui
575 1542 645 1584 rere
665 1524 826 1596 breviores,
852 1526 947 1586 ruiuus
974 1524 1176 1586 divarieautur
1200 1526 1239 1585 ad
1263 1525 1361 1586 latera
1385 1524 1511 1598 retinae,
1538 1524 1556 1584 ii
1583 1524 1702 1586 retinas

337 1614 457 1693 oblique
482 1612 620 1691 objectae
644 1632 769 1691 magnas
793 1614 945 1691 portiones
968 1614 1075 1692 exigue
1100 1614 1209 1692 angulo
1225 1613 1446 1688 distinguerent
1460 1621 1700 1692 punctorumque

337 1722 375 1764 ex
398 1701 537 1781 opposite
562 1701 759 1774 radiantium,
783 1702 905 1764 retracti
930 1723 988 1764 nen
1013 1701 1157 1780 oppositi,
1183 1702 1210 1762 in
1236 1702 1377 1781 opposita
1401 1701 1597 1764 nihilominus
1622 1702 1701 1763 reti-

338 1792 440 1853 lormis
463 1800 576 1869 puncta
600 1789 765 1852 inciderent
798 1799 829 1851 et
853 1792 895 1852 sie
919 1794 1004 1853 lieret
1032 1792 1247 1869 compensatio.
1293 1791 1438 1870 Adeoque
1470 1790 1495 1851 si
1526 1790 1657 1870 denique
1681 1811 1702 1850 s

338 1881 458 1961 punctis
483 1878 695 1955 hemisphaerii
724 1889 824 1940 rectae
849 1881 1027 1941 ducerentur
1051 1898 1103 1957 per
1127 1890 1261 1940 centrum
1285 1880 1400 1940 retiuae
1426 1888 1457 1940 et
1481 1880 1570 1941 vitrei
1592 1880 1703 1942 burno*

338 1970 389 2043 ris,
417 1969 487 2029 illae
511 1974 623 2045 puncta
646 1988 718 2028 suae
742 1968 872 2047 ipserum
896 1971 1030 2047 picturae
1060 1968 1087 2027 iu
1114 1969 1254 2047 opposita
1285 1968 1382 2029 retina
1407 1968 1583 2047 signabunt.
1632 1967 1704 2030 Nisi

342 2058 397 2120 hec
421 2058 521 2129 fieret,
558 2056 711 2135 quantitas
735 2077 831 2118 rerum
857 2079 875 2117 a
899 2059 993 2119 latere
1018 2056 1149 2118 visarum
1175 2057 1347 2118 indistincte
1380 2076 1499 2136 semper
1529 2057 1703 2118 variaretur

339 2166 405 2208 cum
429 2144 505 2206 eculi
530 2147 732 2217 conversione,
758 2155 791 2206 ut
815 2147 848 2207 fit
871 2166 937 2208 cum
957 2146 1130 2226 perspicilla
1154 2146 1247 2207 oculis
1272 2146 1479 2209 admoventur.
1519 2147 1601 2207 Nam
1626 2146 1703 2208 haec

341 2235 478 2316 quarnvis
503 2234 588 2294 ocule
614 2234 803 2295 immobiliter
826 2235 1038 2307 adhaerentia,
1073 2235 1098 2294 si
1123 2254 1188 2295 cum
1213 2255 1247 2293 ee
1272 2235 1539 2308 circumferantur,
1574 2254 1702 2314 reprae-

338 2331 466 2385 sentant
490 2343 526 2383 ea
550 2340 626 2400 quae
651 2324 807 2402 quieseunt
831 2344 896 2385 cum
921 2325 1020 2403 aliquo
1045 2333 1281 2402 rnetu,·propter
1306 2324 1454 2384 variatam
1479 2323 1700 2403 hemisphaerii

336 2412 539 2495 quantitatem
564 2420 761 2490 apparentem
786 2434 804 2471 a
828 2413 983 2473 lateribus.

424 2501 518 2561 Perre
551 2500 598 2561 bic
632 2519 740 2579 operae
773 2502 901 2580 pretium
938 2509 986 2560 est
1017 2500 1220 2570 considerare,
1256 2509 1397 2578 quantum
1432 2499 1511 2560 inter
1542 2499 1696 2564 directam

335 2599 367 2652 et
391 2590 549 2651 lateralem
572 2589 718 2651 visionem
744 2589 872 2652 intersit.
912 2590 1043 2651 Primum
1068 2589 1200 2649 directae
1225 2589 1349 2650 visionis
1374 2609 1466 2649 cenna
1491 2610 1511 2649 a
1534 2590 1700 2652 solantes

334 2685 499 2752 coercetur,
524 2697 616 2757 quare
632 2688 714 2740 tetus
739 2678 767 2738 in
792 2698 902 2740 cornea
925 2686 983 2747 est,
1007 2677 1119 2757 obliqui
1143 2677 1210 2738 coni
1235 2678 1326 2756 aliqui
1351 2696 1495 2738 acernea
1510 2677 1580 2756 ipsa
1600 2678 1702 2740 desti-

335 2775 468 2830 tuuntur.
517 2768 647 2827 Pessent
670 2768 749 2828 enim
773 2768 889 2828 ratione
914 2785 1009 2827 ureae
1035 2766 1158 2827 latiores
1183 2786 1268 2828 esse:
1304 2766 1405 2845 itaque
1440 2766 1573 2843 maligne
1604 2767 1701 2828 lucem

334 2857 539 2918 admetiuntur
568 2856 692 2917 retinae.
742 2855 882 2919 Directus
907 2876 999 2917 conus
1024 2863 1073 2915 est
1095 2854 1248 2917 circularis
1273 2874 1326 2915 seu
1349 2865 1465 2928 rectus,
1491 2855 1607 2935 obliqui
1631 2869 1702 2918 sunt

334 2944 432 3025 pressi
457 2964 509 3005 seu
534 2944 658 3005 scaleni.
706 2945 822 3006 Directi
847 2945 912 3005 ceni
938 2945 1004 3004 axis
1029 2963 1086 3003 nen
1111 2943 1285 3022 refringitur
1308 2944 1336 3004 io
1362 2963 1483 3012 cornea,
1508 2944 1701 3025 obliquorum

335 3053 409 3094 ares
432 3032 635 3110 refringantur
660 3035 688 3093 in
713 3033 775 3093 illa.
823 3034 940 3094 Directi
973 3033 1039 3093 ceni
1071 3052 1174 3093 omnes
1209 3034 1305 3093 lineae
1330 3041 1400 3093 sunt
1426 3033 1454 3093 iu
1488 3033 1702 3114 crystallinum

335 3122 549 3201 propemedum
574 3123 846 3202 perpendiculares,
872 3123 1058 3200 obliquorum
1083 3122 1173 3181 nulla.
1213 3122 1354 3182 Directus
1379 3122 1550 3200 aequaliter
1575 3135 1700 3183 secatur

335 3212 373 3271 ab
398 3210 548 3270 anteriore
573 3211 741 3291 crystallini
765 3212 932 3290 superficie,
959 3210 1068 3288 obliqui
1094 3211 1348 3289 inaequalissima,
1374 3211 1444 3289 quia
1468 3231 1527 3291 qun
1553 3212 1700 3273 devexior

334 3298 501 3379 crystallini
527 3301 660 3361 anterior
683 3300 866 3377 superficies,
892 3300 947 3359 hoc
966 3298 1141 3376 profundius
1161 3318 1267 3360 conum
1283 3300 1435 3378 obliquum
1455 3311 1552 3360 secat.
1587 3301 1699 3363 Direc-

334 3397 383 3448 tus
408 3389 631 3468 hyperbolicam
656 3388 821 3469 crystallini
845 3388 1030 3466 superficiem
1054 3408 1106 3448 seu
1131 3388 1287 3448 umbonem
1311 3388 1498 3450 circulariter
1523 3401 1556 3451 et
1581 3409 1699 3470 aequa·

334 3476 404 3537 liter
427 3487 521 3549 secat,
548 3478 658 3557 obliqui
693 3478 898 3555 inaequaliter.
947 3476 1060 3536 Directi
1095 3478 1160 3537 ceni
1194 3496 1297 3536 omues
1332 3477 1407 3537 radii
1438 3478 1624 3556 colliguntur
1660 3481 1700 3540 ad

337 3566 454 3626 unicum
490 3566 605 3626 retinae
638 3576 794 3645 punctum,
831 3566 909 3644 qued
943 3565 1072 3643 capitale
1104 3575 1152 3626 cst
1182 3565 1210 3626 in
1246 3565 1302 3626 hee
1331 3567 1470 3642 negotio,
1505 3568 1699 3647 obliquorum

336 3673 476 3715 cenerum
502 3654 599 3715 lineae
624 3674 681 3716 nen
705 3663 833 3734 possunt
852 3655 941 3732 plane
966 3673 1069 3714 omnes
1094 3653 1194 3732 colligi
1219 3654 1257 3714 eb
1281 3655 1465 3732 praemissas
1491 3656 1699 3722 lrie,eausas:

333 3761 425 3822 quare
451 3743 569 3820 pictura
592 3745 625 3804 lit
648 3743 808 3804 confusior.
856 3743 997 3802 Directus
1022 3744 1156 3804 collimat
1187 3742 1223 3802 ad
1249 3752 1384 3804 centrum
1410 3744 1528 3804 retinas
1553 3746 1701 3818 medium,

333 3831 445 3909 obliqui
479 3831 517 3890 ad
552 3833 657 3894 latera.
716 3832 857 3891 Directus
887 3840 970 3891 recta
1003 3831 1108 3891 incidit
1143 3833 1170 3894 iu
1201 3832 1346 3905 retinam,
1382 3833 1527 3894 laterales
1561 3835 1696 3914 oblique,

333 3917 404 3998 quia
423 3920 489 3996 jaur
513 3920 599 3982 mode
625 3921 748 3992 dictum,
774 3929 907 3980 centrum
933 3920 1047 3980 retinae
1072 3939 1139 3986 esse
1164 3921 1244 3981 iutra
1267 3922 1444 3992 sectionem,
1469 3942 1560 4001 quam
1586 3924 1699 3985 facturi

334 4007 454 4068 luerunt
477 4027 550 4068 axes
574 4028 726 4081 cenerum,
752 4008 800 4087 qui
825 4017 896 4068 sunt
921 4009 948 4068 in
975 4009 1095 4069 humere
1120 4010 1226 4069 vitree.
1274 4010 1411 4088 Denique
1436 4010 1534 4070 virtus
1559 4015 1701 4074 sensoria

332 4114 386 4156 seu
409 4096 534 4175 spiritus
558 4116 610 4174 per
634 4115 755 4157 nervum
780 4097 896 4156 infusus
921 4097 991 4169 illic,
1017 4098 1067 4158 ubi
1091 4097 1189 4159 retina
1213 4097 1335 4159 directis
1360 4098 1443 4158 cenis
1468 4099 1624 4178 objicitur,
1649 4114 1702 4164 est

332 4183 488 4245 collectim·
512 4192 543 4244 et
559 4186 673 4258 fertior,
700 4194 731 4245 et
751 4185 842 4244 lentis
867 4194 897 4244 et
912 4185 992 4245 erbis
1009 4186 1141 4246 ratione:
1167 4188 1205 4247 ab
1225 4205 1260 4247 ee
1284 4196 1395 4266 puncto
1410 4206 1478 4249 cum
1494 4188 1561 4267 ipso
1582 4191 1701 4254 retinas

332 4272 491 4349 sphaerico
516 4273 690 4333 diffunditur
713 4283 745 4332 et
767 4294 786 4333 a
810 4273 891 4333 lente
916 4274 1044 4333 discedit
1069 4294 1160 4354 quare
1184 4284 1216 4335 et
1244 4276 1429 4337 debilitatur.
1478 4278 1585 4359 Atque
1610 4290 1643 4342 ut
1671 4281 1700 4342 in

333 4360 519 4420 infundibulo
550 4371 581 4421 et
615 4361 642 4421 in
677 4361 734 4421 reti
766 4360 930 4437 piscatorio
964 4381 1029 4420 cum
1059 4366 1198 4436 sacculo,
1231 4384 1307 4442 quae
1343 4384 1433 4443 supra
1468 4366 1553 4428 suere
1578 4370 1700 4430 retinas

332 4448 555 4519 similitudines,
580 4449 681 4509 omnia
706 4448 802 4508 latera
826 4448 990 4508 deflectunt
1014 4450 1060 4509 vel
1081 4451 1232 4515 humorem
1257 4453 1304 4512 vel
1324 4454 1486 4532 pisciculos
1511 4455 1540 4520 in
1557 4459 1699 4521 canalem

332 4554 386 4596 seu
410 4537 582 4596 sacculum:
614 4537 656 4596 sic
681 4537 795 4596 retinas
822 4536 917 4595 latera
941 4556 1047 4596 sensus
1073 4541 1117 4600 sui
1142 4542 1292 4602 modulum
1317 4562 1374 4602 nun
1398 4561 1451 4620 pre
1476 4564 1510 4604 se
1537 4551 1699 4626 usurpant,

333 4624 386 4684 sed
412 4623 550 4702 quicquid
574 4632 719 4702 pessunt,
753 4625 791 4683 ad
816 4623 948 4683 directae
974 4626 1094 4686 risione
1128 4630 1343 4707 perlectionem
1372 4633 1528 4692 referunt:
1563 4655 1608 4697 se.
1634 4645 1699 4698 tum

333 4709 451 4771 demum
469 4731 530 4771 rem
554 4712 687 4788 perfecte
712 4712 856 4784 ridemus,
882 4732 946 4770 carru
967 4734 1032 4773 eam
1057 4718 1204 4778 cernimus
1225 4739 1290 4780 curn
1316 4719 1453 4781 enrnibus
1478 4722 1699 4804 hemisphaerii

332 4797 581 4860 circumstantiis.
637 4798 829 4879 Quapropter
862 4800 981 4879 obliqua
1014 4803 1089 4864 visio
1130 4807 1247 4867 minime
1282 4809 1435 4870 satisfacit
1467 4812 1608 4886 animae,
1642 4817 1699 4876 secl

334 4884 430 4946 selum
456 4887 564 4947 invitat
587 4887 626 4947 ad
656 4888 877 4966 detorquendus
909 4890 977 4951 illuc
1011 4895 1128 4959 oculos.
1164 4905 1196 4956 ut
1220 4897 1332 4958 directe
1367 4898 1537 4962 videantur.
1589 4903 1698 4983 ltaque

335 4971 563 5051 interpretanda
586 4983 635 5035 est
648 4975 813 5055 propositio
835 4975 881 5038 17.
902 4979 983 5040 tertii
1007 4981 1099 5043 l'itel.
1121 4984 1209 5046 -h'am
1233 5004 1286 5064 per
1301 4988 1398 5050 selam
1413 4991 1698 5068 perpendicularem
