<?xml version="1.0" encoding="UTF-8"?>
<!DOCTYPE html PUBLIC "-//W3C//DTD XHTML 1.0 Transitional//EN"
    "http://www.w3.org/TR/xhtml1/DTD/xhtml1-transitional.dtd">
<html xmlns="http://www.w3.org/1999/xhtml" xml:lang="en" lang="en">
 <head>
  <title>
</title>
<meta http-equiv="Content-Type" content="text/html;charset=utf-8" />
  <meta name='ocr-system' content='tesseract 3.04.00' />
  <meta name='ocr-capabilities' content='ocr_page ocr_carea ocr_par ocr_line ocrx_word'/>
</head>
<body>
  <div class='ocr_page' id='page_1' title='image "./joanniskepleria01frisgoog/joanniskepleria01frisgoog_0311.png"; bbox 0 0 3692 5842; ppageno 0'>
   <div class='ocr_carea' id='block_1_1' title="bbox 720 516 921 582">
    <p class='ocr_par' dir='ltr' id='par_1_1' title="bbox 720 516 921 582">
     <span class='ocr_line' id='line_1_1' title="bbox 720 516 921 582; baseline 0.02 -16"><span class='ocrx_word' id='word_1_1' title='bbox 720 516 803 582; x_wconf 78' lang='lat' dir='ltr'>Caput</span> <span class='ocrx_word' id='word_1_2' title='bbox 819 516 877 568; x_wconf 83' lang='lat' dir='ltr'>v11.</span> <span class='ocrx_word' id='word_1_3' title='bbox 899 520 921 570; x_wconf 86' lang='lat'>1.</span> 
     </span>
    </p>
   </div>
   <div class='ocr_carea' id='block_1_2' title="bbox 649 804 992 1046">
    <p class='ocr_par' dir='ltr' id='par_1_2' title="bbox 649 804 992 1046">
     <span class='ocr_line' id='line_1_2' title="bbox 703 804 940 903; baseline -0.008 -24"><span class='ocrx_word' id='word_1_4' title='bbox 703 804 823 903; x_wconf 91' lang='lat' dir='ltr'>Caput</span> <span class='ocrx_word' id='word_1_5' title='bbox 861 805 940 879; x_wconf 88' lang='lat' dir='ltr'>VII.</span> 
     </span>
     <span class='ocr_line' id='line_1_3' title="bbox 649 981 992 1046; baseline 0.009 -3"><span class='ocrx_word' id='word_1_6' title='bbox 649 981 705 1043; x_wconf 88' lang='lat' dir='ltr'>De</span> <span class='ocrx_word' id='word_1_7' title='bbox 727 984 840 1045; x_wconf 83' lang='lat' dir='ltr'>umbra</span> <span class='ocrx_word' id='word_1_8' title='bbox 864 982 992 1046; x_wconf 79' lang='lat' dir='ltr'><strong><em>Terrae.</em></strong></span> 
     </span>
    </p>
   </div>
   <div class='ocr_carea' id='block_1_3' title="bbox 138 1138 1500 1579">
    <p class='ocr_par' dir='ltr' id='par_1_3' title="bbox 138 1138 1500 1579">
     <span class='ocr_line' id='line_1_4' title="bbox 230 1138 1498 1226; baseline 0.001 -22"><span class='ocrx_word' id='word_1_9' title='bbox 230 1141 282 1204; x_wconf 83' lang='lat' dir='ltr'>Ad</span> <span class='ocrx_word' id='word_1_10' title='bbox 304 1140 463 1204; x_wconf 83' lang='lat' dir='ltr'>materiam</span> <span class='ocrx_word' id='word_1_11' title='bbox 486 1138 718 1202; x_wconf 80' lang='lat' dir='ltr'><strong>astronomicam</strong></span> <span class='ocrx_word' id='word_1_12' title='bbox 750 1142 786 1201; x_wconf 89' lang='lat' dir='ltr'>de</span> <span class='ocrx_word' id='word_1_13' title='bbox 817 1143 979 1223; x_wconf 82' lang='lat' dir='ltr'>eclipsibus</span> <span class='ocrx_word' id='word_1_14' title='bbox 1007 1145 1132 1206; x_wconf 86' lang='lat' dir='ltr'>subinde</span> <span class='ocrx_word' id='word_1_15' title='bbox 1161 1145 1282 1226; x_wconf 90' lang='lat' dir='ltr'>propius</span> <span class='ocrx_word' id='word_1_16' title='bbox 1311 1144 1498 1206; x_wconf 82' lang='lat' dir='ltr'>accedimus:</span> 
     </span>
     <span class='ocr_line' id='line_1_5' title="bbox 138 1229 1500 1312; baseline 0.003 -21"><span class='ocrx_word' id='word_1_17' title='bbox 138 1231 279 1312; x_wconf 83' lang='lat' dir='ltr'>quamvis</span> <span class='ocrx_word' id='word_1_18' title='bbox 302 1230 346 1293; x_wconf 90' lang='lat' dir='ltr'>ita</span> <span class='ocrx_word' id='word_1_19' title='bbox 369 1237 452 1292; x_wconf 86' lang='lat' dir='ltr'>arcte</span> <span class='ocrx_word' id='word_1_20' title='bbox 474 1229 556 1290; x_wconf 91' lang='lat' dir='ltr'>inter</span> <span class='ocrx_word' id='word_1_21' title='bbox 577 1248 611 1290; x_wconf 88' lang='lat' dir='ltr'>se</span> <span class='ocrx_word' id='word_1_22' title='bbox 634 1248 787 1292; x_wconf 84' lang='lat' dir='ltr'>connexae</span> <span class='ocrx_word' id='word_1_23' title='bbox 811 1240 882 1293; x_wconf 90' lang='lat' dir='ltr'>snut</span> <span class='ocrx_word' id='word_1_24' title='bbox 906 1232 1125 1311; x_wconf 81' lang='lat' dir='ltr'>disputationes</span> <span class='ocrx_word' id='word_1_25' title='bbox 1161 1234 1197 1294; x_wconf 92' lang='lat' dir='ltr'>de</span> <span class='ocrx_word' id='word_1_26' title='bbox 1226 1235 1443 1296; x_wconf 79' lang='lat' dir='ltr'>illuminatione</span> <span class='ocrx_word' id='word_1_27' title='bbox 1469 1242 1500 1295; x_wconf 89' lang='lat' dir='ltr'>et</span> 
     </span>
     <span class='ocr_line' id='line_1_6' title="bbox 139 1318 1497 1402; baseline -0.001 -20"><span class='ocrx_word' id='word_1_28' title='bbox 139 1321 178 1382; x_wconf 88' lang='lat' dir='ltr'>de</span> <span class='ocrx_word' id='word_1_29' title='bbox 206 1318 456 1382; x_wconf 84' lang='lat' dir='ltr'>obtenebratione</span> <span class='ocrx_word' id='word_1_30' title='bbox 479 1319 601 1392; x_wconf 89' lang='lat' dir='ltr'>Lunae,</span> <span class='ocrx_word' id='word_1_31' title='bbox 625 1327 659 1379; x_wconf 89' lang='lat' dir='ltr'>ut</span> <span class='ocrx_word' id='word_1_32' title='bbox 683 1338 774 1398; x_wconf 88' lang='lat' dir='ltr'>supra</span> <span class='ocrx_word' id='word_1_33' title='bbox 797 1338 864 1401; x_wconf 93' lang='lat' dir='ltr'>cap.</span> <span class='ocrx_word' id='word_1_34' title='bbox 889 1322 946 1383; x_wconf 91' lang='lat' dir='ltr'>Vl.</span> <span class='ocrx_word' id='word_1_35' title='bbox 972 1322 1037 1400; x_wconf 89' lang='lat' dir='ltr'>jam</span> <span class='ocrx_word' id='word_1_36' title='bbox 1068 1323 1105 1383; x_wconf 91' lang='lat' dir='ltr'>de</span> <span class='ocrx_word' id='word_1_37' title='bbox 1133 1323 1297 1402; x_wconf 87' lang='lat' dir='ltr'>pennmbra</span> <span class='ocrx_word' id='word_1_38' title='bbox 1325 1322 1497 1395; x_wconf 83' lang='lat' dir='ltr'>dixerimus,</span> 
     </span>
     <span class='ocr_line' id='line_1_7' title="bbox 139 1406 1498 1490; baseline 0 -20"><span class='ocrx_word' id='word_1_39' title='bbox 139 1409 178 1470; x_wconf 90' lang='lat' dir='ltr'>de</span> <span class='ocrx_word' id='word_1_40' title='bbox 200 1408 404 1470; x_wconf 81' lang='lat' dir='ltr'>illustratione</span> <span class='ocrx_word' id='word_1_41' title='bbox 429 1424 498 1469; x_wconf 86' lang='lat' dir='ltr'>vero</span> <span class='ocrx_word' id='word_1_42' title='bbox 521 1406 617 1469; x_wconf 90' lang='lat' dir='ltr'>multa</span> <span class='ocrx_word' id='word_1_43' title='bbox 640 1407 804 1470; x_wconf 87' lang='lat' dir='ltr'>differenda</span> <span class='ocrx_word' id='word_1_44' title='bbox 828 1410 940 1471; x_wconf 84' lang='lat' dir='ltr'>fuerint</span> <span class='ocrx_word' id='word_1_45' title='bbox 962 1431 1017 1473; x_wconf 90' lang='lat' dir='ltr'>nec</span> <span class='ocrx_word' id='word_1_46' title='bbox 1040 1412 1128 1490; x_wconf 89' lang='lat' dir='ltr'>plane</span> <span class='ocrx_word' id='word_1_47' title='bbox 1153 1412 1255 1473; x_wconf 84' lang='lat' dir='ltr'>decisa</span> <span class='ocrx_word' id='word_1_48' title='bbox 1279 1413 1319 1473; x_wconf 89' lang='lat' dir='ltr'>sit</span> <span class='ocrx_word' id='word_1_49' title='bbox 1337 1410 1498 1484; x_wconf 90' lang='lat' dir='ltr'>sententia,</span> 
     </span>
     <span class='ocr_line' id='line_1_8' title="bbox 140 1494 878 1579; baseline 0.003 -20"><span class='ocrx_word' id='word_1_50' title='bbox 140 1507 242 1560; x_wconf 89' lang='lat' dir='ltr'>utrum</span> <span class='ocrx_word' id='word_1_51' title='bbox 265 1498 354 1559; x_wconf 91' lang='lat' dir='ltr'>Luna</span> <span class='ocrx_word' id='word_1_52' title='bbox 376 1497 496 1579; x_wconf 90' lang='lat' dir='ltr'>proprio</span> <span class='ocrx_word' id='word_1_53' title='bbox 519 1494 628 1558; x_wconf 89' lang='lat' dir='ltr'>lumine</span> <span class='ocrx_word' id='word_1_54' title='bbox 650 1497 741 1579; x_wconf 90' lang='lat' dir='ltr'>plane</span> <span class='ocrx_word' id='word_1_55' title='bbox 765 1506 878 1561; x_wconf 87' lang='lat' dir='ltr'>careat.</span> 
     </span>
    </p>
   </div>
   <div class='ocr_carea' id='block_1_4' title="bbox 593 1637 1050 1718">
    <p class='ocr_par' dir='ltr' id='par_1_4' title="bbox 593 1637 1050 1718">
     <span class='ocr_line' id='line_1_9' title="bbox 593 1637 1050 1718; baseline -0.004 -17"><span class='ocrx_word' id='word_1_56' title='bbox 593 1637 622 1701; x_wconf 92' lang='grc'>1.</span> <span class='ocrx_word' id='word_1_57' title='bbox 659 1638 711 1699; x_wconf 90' lang='lat' dir='ltr'>De</span> <span class='ocrx_word' id='word_1_58' title='bbox 740 1638 862 1718; x_wconf 86' lang='lat' dir='ltr'>ligura</span> <span class='ocrx_word' id='word_1_59' title='bbox 892 1639 1050 1700; x_wconf 87' lang='lat' dir='ltr'>umbrae.</span> 
     </span>
    </p>
   </div>
   <div class='ocr_carea' id='block_1_5' title="bbox 141 1762 1501 2465">
    <p class='ocr_par' dir='ltr' id='par_1_5' title="bbox 141 1762 1501 2465">
     <span class='ocr_line' id='line_1_10' title="bbox 230 1762 1500 1844; baseline -0.001 -18"><span class='ocrx_word' id='word_1_60' title='bbox 230 1762 376 1826; x_wconf 89' lang='lat' dir='ltr'>Umbram</span> <span class='ocrx_word' id='word_1_61' title='bbox 400 1762 502 1840; x_wconf 90' lang='lat' dir='ltr'>itaque</span> <span class='ocrx_word' id='word_1_62' title='bbox 525 1763 636 1824; x_wconf 87' lang='lat' dir='ltr'>Terrae</span> <span class='ocrx_word' id='word_1_63' title='bbox 660 1781 766 1823; x_wconf 90' lang='lat' dir='ltr'>conum</span> <span class='ocrx_word' id='word_1_64' title='bbox 798 1782 850 1823; x_wconf 88' lang='lat' dir='ltr'>seu</span> <span class='ocrx_word' id='word_1_65' title='bbox 882 1771 982 1824; x_wconf 90' lang='lat' dir='ltr'>metae</span> <span class='ocrx_word' id='word_1_66' title='bbox 1005 1764 1101 1841; x_wconf 86' lang='lat' dir='ltr'>figura</span> <span class='ocrx_word' id='word_1_67' title='bbox 1123 1781 1200 1835; x_wconf 88' lang='lat' dir='ltr'>esse,</span> <span class='ocrx_word' id='word_1_68' title='bbox 1232 1771 1394 1843; x_wconf 90' lang='lat' dir='ltr'>propterea</span> <span class='ocrx_word' id='word_1_69' title='bbox 1422 1765 1500 1844; x_wconf 90' lang='lat' dir='ltr'>quod</span> 
     </span>
     <span class='ocr_line' id='line_1_11' title="bbox 141 1850 1501 1929; baseline -0.001 -16"><span class='ocrx_word' id='word_1_70' title='bbox 141 1861 174 1913; x_wconf 88' lang='lat' dir='ltr'>et</span> <span class='ocrx_word' id='word_1_71' title='bbox 203 1851 259 1915; x_wconf 88' lang='lat' dir='ltr'>Sol</span> <span class='ocrx_word' id='word_1_72' title='bbox 288 1851 459 1913; x_wconf 85' lang='lat' dir='ltr'>illuminans</span> <span class='ocrx_word' id='word_1_73' title='bbox 494 1852 653 1923; x_wconf 87' lang='lat' dir='ltr'>rotundus,</span> <span class='ocrx_word' id='word_1_74' title='bbox 683 1857 714 1911; x_wconf 92' lang='lat' dir='ltr'>et</span> <span class='ocrx_word' id='word_1_75' title='bbox 746 1850 855 1926; x_wconf 79' lang='lat' dir='ltr'>Terra,</span> <span class='ocrx_word' id='word_1_76' title='bbox 890 1851 962 1911; x_wconf 90' lang='lat' dir='ltr'>nihil</span> <span class='ocrx_word' id='word_1_77' title='bbox 995 1851 1142 1929; x_wconf 88' lang='lat' dir='ltr'>impedita</span> <span class='ocrx_word' id='word_1_78' title='bbox 1169 1853 1337 1925; x_wconf 89' lang='lat' dir='ltr'>montibus,</span> <span class='ocrx_word' id='word_1_79' title='bbox 1371 1853 1501 1914; x_wconf 87' lang='lat' dir='ltr'>rotunda</span> 
     </span>
     <span class='ocr_line' id='line_1_12' title="bbox 142 1937 1500 2026; baseline -0.001 -25"><span class='ocrx_word' id='word_1_80' title='bbox 142 1941 307 2020; x_wconf 89' lang='lat' dir='ltr'>eademqne</span> <span class='ocrx_word' id='word_1_81' title='bbox 330 1940 427 2000; x_wconf 88' lang='lat' dir='ltr'>minor</span> <span class='ocrx_word' id='word_1_82' title='bbox 450 1937 522 2000; x_wconf 91' lang='lat' dir='ltr'>Sole</span> <span class='ocrx_word' id='word_1_83' title='bbox 546 1940 600 2008; x_wconf 88' lang='lat' dir='ltr'>sit,</span> <span class='ocrx_word' id='word_1_84' title='bbox 631 1940 709 1999; x_wconf 90' lang='lat' dir='ltr'>satis</span> <span class='ocrx_word' id='word_1_85' title='bbox 742 1947 790 2000; x_wconf 90' lang='lat' dir='ltr'>est</span> <span class='ocrx_word' id='word_1_86' title='bbox 813 1962 831 2001; x_wconf 93' lang='lat' dir='ltr'>a</span> <span class='ocrx_word' id='word_1_87' title='bbox 854 1940 1019 2001; x_wconf 89' lang='lat' dir='ltr'>Vitellione</span> <span class='ocrx_word' id='word_1_88' title='bbox 1051 1940 1177 2019; x_wconf 88' lang='lat' dir='ltr'>aliisque</span> <span class='ocrx_word' id='word_1_89' title='bbox 1201 1941 1372 2026; x_wconf 84' lang='lat' dir='ltr'>probatum.</span> <span class='ocrx_word' id='word_1_90' title='bbox 1420 1941 1500 2001; x_wconf 90' lang='lat' dir='ltr'>Vide</span> 
     </span>
     <span class='ocr_line' id='line_1_13' title="bbox 142 2022 1501 2108; baseline -0.001 -17"><span class='ocrx_word' id='word_1_91' title='bbox 142 2031 192 2093; x_wconf 92' lang='lat' dir='ltr'>lib.</span> <span class='ocrx_word' id='word_1_92' title='bbox 219 2030 261 2091; x_wconf 88' lang='lat'>11.</span> <span class='ocrx_word' id='word_1_93' title='bbox 287 2027 462 2090; x_wconf 86' lang='lat' dir='ltr'>Vitellionis</span> <span class='ocrx_word' id='word_1_94' title='bbox 489 2047 574 2108; x_wconf 90' lang='lat' dir='ltr'>prop.</span> <span class='ocrx_word' id='word_1_95' title='bbox 599 2022 651 2091; x_wconf 82' lang='lat'>26.</span> <span class='ocrx_word' id='word_1_96' title='bbox 677 2026 729 2090; x_wconf 81' lang='lat'>27.</span> <span class='ocrx_word' id='word_1_97' title='bbox 754 2026 816 2104; x_wconf 84' lang='lat'>28,</span> <span class='ocrx_word' id='word_1_98' title='bbox 849 2028 897 2090; x_wconf 92' lang='lat' dir='ltr'>ubi</span> <span class='ocrx_word' id='word_1_99' title='bbox 921 2048 1050 2106; x_wconf 87' lang='lat' dir='ltr'>sequens</span> <span class='ocrx_word' id='word_1_100' title='bbox 1075 2025 1128 2091; x_wconf 88' lang='grc'>33.</span> <span class='ocrx_word' id='word_1_101' title='bbox 1153 2030 1242 2108; x_wconf 90' lang='lat' dir='ltr'>plane</span> <span class='ocrx_word' id='word_1_102' title='bbox 1267 2030 1428 2106; x_wconf 85' lang='lat' dir='ltr'>eclipsibus</span> <span class='ocrx_word' id='word_1_103' title='bbox 1453 2037 1501 2090; x_wconf 88' lang='lat' dir='ltr'>est</span> 
     </span>
     <span class='ocr_line' id='line_1_14' title="bbox 145 2116 1500 2195; baseline -0.001 -16"><span class='ocrx_word' id='word_1_104' title='bbox 145 2118 311 2179; x_wconf 87' lang='lat' dir='ltr'>destinata.</span> <span class='ocrx_word' id='word_1_105' title='bbox 359 2116 458 2177; x_wconf 89' lang='lat' dir='ltr'>Docet</span> <span class='ocrx_word' id='word_1_106' title='bbox 486 2116 564 2190; x_wconf 82' lang='lat' dir='ltr'>enirn</span> <span class='ocrx_word' id='word_1_107' title='bbox 593 2116 622 2177; x_wconf 93' lang='lat' dir='ltr'>in</span> <span class='ocrx_word' id='word_1_108' title='bbox 652 2117 840 2195; x_wconf 88' lang='lat' dir='ltr'>oppositione</span> <span class='ocrx_word' id='word_1_109' title='bbox 869 2118 993 2179; x_wconf 88' lang='lat' dir='ltr'>centrali</span> <span class='ocrx_word' id='word_1_110' title='bbox 1029 2117 1217 2180; x_wconf 85' lang='lat' dir='ltr'>luminarium</span> <span class='ocrx_word' id='word_1_111' title='bbox 1249 2138 1287 2179; x_wconf 87' lang='lat' dir='ltr'>ex</span> <span class='ocrx_word' id='word_1_112' title='bbox 1319 2119 1413 2179; x_wconf 82' lang='lat' dir='ltr'>Terra</span> <span class='ocrx_word' id='word_1_113' title='bbox 1436 2116 1500 2179; x_wconf 90' lang='lat' dir='ltr'>fieri</span> 
     </span>
     <span class='ocr_line' id='line_1_15' title="bbox 141 2203 1497 2286; baseline -0.002 -17"><span class='ocrx_word' id='word_1_114' title='bbox 141 2208 247 2269; x_wconf 83' lang='lat' dir='ltr'>Lunae</span> <span class='ocrx_word' id='word_1_115' title='bbox 272 2205 408 2284; x_wconf 87' lang='lat' dir='ltr'>eclipsin.</span> <span class='ocrx_word' id='word_1_116' title='bbox 434 2203 520 2275; x_wconf 89' lang='lat' dir='ltr'>Quae</span> <span class='ocrx_word' id='word_1_117' title='bbox 543 2224 615 2266; x_wconf 84' lang='lat' dir='ltr'>vero</span> <span class='ocrx_word' id='word_1_118' title='bbox 636 2206 819 2286; x_wconf 85' lang='lat' dir='ltr'>praemissae</span> <span class='ocrx_word' id='word_1_119' title='bbox 844 2214 914 2267; x_wconf 94' lang='lat' dir='ltr'>sunt</span> <span class='ocrx_word' id='word_1_120' title='bbox 934 2204 986 2269; x_wconf 89' lang='lat'>31.</span> <span class='ocrx_word' id='word_1_121' title='bbox 1003 2215 1034 2267; x_wconf 90' lang='lat' dir='ltr'>et</span> <span class='ocrx_word' id='word_1_122' title='bbox 1055 2203 1108 2269; x_wconf 79' lang='lat'>32.</span> <span class='ocrx_word' id='word_1_123' title='bbox 1134 2208 1273 2268; x_wconf 88' lang='lat' dir='ltr'>videntur</span> <span class='ocrx_word' id='word_1_124' title='bbox 1296 2206 1497 2268; x_wconf 89' lang='lat' dir='ltr'>aVitellione</span> 
     </span>
     <span class='ocr_line' id='line_1_16' title="bbox 141 2294 1496 2375; baseline -0.001 -19"><span class='ocrx_word' id='word_1_125' title='bbox 141 2295 316 2356; x_wconf 87' lang='lat' dir='ltr'>destinatae</span> <span class='ocrx_word' id='word_1_126' title='bbox 339 2294 378 2355; x_wconf 90' lang='lat' dir='ltr'>ad</span> <span class='ocrx_word' id='word_1_127' title='bbox 402 2313 523 2356; x_wconf 88' lang='lat' dir='ltr'>causam</span> <span class='ocrx_word' id='word_1_128' title='bbox 547 2294 715 2366; x_wconf 89' lang='lat' dir='ltr'>dicendam,</span> <span class='ocrx_word' id='word_1_129' title='bbox 739 2314 791 2356; x_wconf 90' lang='lat' dir='ltr'>cur</span> <span class='ocrx_word' id='word_1_130' title='bbox 814 2296 901 2357; x_wconf 90' lang='lat' dir='ltr'>Luna</span> <span class='ocrx_word' id='word_1_131' title='bbox 924 2318 1064 2375; x_wconf 76' lang='grc' dir='ltr'>περιγειος</span> <span class='ocrx_word' id='word_1_132' title='bbox 1087 2296 1198 2374; x_wconf 83' lang='lat' dir='ltr'>nigrior</span> <span class='ocrx_word' id='word_1_133' title='bbox 1221 2296 1263 2356; x_wconf 90' lang='lat' dir='ltr'>sit</span> <span class='ocrx_word' id='word_1_134' title='bbox 1285 2295 1390 2357; x_wconf 90' lang='lat' dir='ltr'>umbra</span> <span class='ocrx_word' id='word_1_135' title='bbox 1409 2296 1496 2356; x_wconf 89' lang='lat' dir='ltr'>invo-</span> 
     </span>
     <span class='ocr_line' id='line_1_17' title="bbox 143 2382 1326 2465; baseline 0 -19"><span class='ocrx_word' id='word_1_136' title='bbox 143 2385 216 2457; x_wconf 87' lang='lat' dir='ltr'>luta,</span> <span class='ocrx_word' id='word_1_137' title='bbox 243 2402 331 2464; x_wconf 91' lang='lat' dir='ltr'>quam</span> <span class='ocrx_word' id='word_1_138' title='bbox 355 2382 501 2463; x_wconf 75' lang='lat' dir='ltr'>duoyesoe,</span> <span class='ocrx_word' id='word_1_139' title='bbox 526 2402 615 2465; x_wconf 90' lang='lat' dir='ltr'>quam</span> <span class='ocrx_word' id='word_1_140' title='bbox 639 2383 844 2462; x_wconf 89' lang='lat' dir='ltr'>quaestionem</span> <span class='ocrx_word' id='word_1_141' title='bbox 868 2384 916 2444; x_wconf 92' lang='lat' dir='ltr'>bic</span> <span class='ocrx_word' id='word_1_142' title='bbox 941 2403 978 2444; x_wconf 90' lang='lat' dir='ltr'>ex</span> <span class='ocrx_word' id='word_1_143' title='bbox 1001 2385 1138 2463; x_wconf 82' lang='lat' dir='ltr'>professo</span> <span class='ocrx_word' id='word_1_144' title='bbox 1163 2385 1326 2447; x_wconf 88' lang='lat' dir='ltr'>trademus.</span> 
     </span>
    </p>
   </div>
   <div class='ocr_carea' id='block_1_6' title="bbox 139 2579 1501 5128">
    <p class='ocr_par' dir='ltr' id='par_1_6' title="bbox 139 2579 1500 2811">
     <span class='ocr_line' id='line_1_18' title="bbox 140 2579 1500 2652; baseline 0 -18"><span class='ocrx_word' id='word_1_145' title='bbox 140 2581 206 2652; x_wconf 85' lang='lat' dir='ltr'>qnia</span> <span class='ocrx_word' id='word_1_146' title='bbox 227 2579 349 2650; x_wconf 83' lang='lat' dir='ltr'>spatium</span> <span class='ocrx_word' id='word_1_147' title='bbox 370 2587 489 2651; x_wconf 90' lang='lat' dir='ltr'>quatuor</span> <span class='ocrx_word' id='word_1_148' title='bbox 509 2581 637 2634; x_wconf 90' lang='lat' dir='ltr'>horarum</span> <span class='ocrx_word' id='word_1_149' title='bbox 659 2587 720 2634; x_wconf 90' lang='lat' dir='ltr'>ortu</span> <span class='ocrx_word' id='word_1_150' title='bbox 742 2595 894 2649; x_wconf 88' lang='lat' dir='ltr'>occasuque</span> <span class='ocrx_word' id='word_1_151' title='bbox 917 2582 1080 2650; x_wconf 87' lang='lat' dir='ltr'>occupabat.</span> <span class='ocrx_word' id='word_1_152' title='bbox 1121 2581 1201 2635; x_wconf 87' lang='lat' dir='ltr'>Alius</span> <span class='ocrx_word' id='word_1_153' title='bbox 1227 2582 1372 2650; x_wconf 88' lang='lat' dir='ltr'>splendore</span> <span class='ocrx_word' id='word_1_154' title='bbox 1394 2582 1500 2635; x_wconf 89' lang='lat' dir='ltr'>caudae</span> 
     </span>
     <span class='ocr_line' id='line_1_19' title="bbox 139 2659 1499 2731; baseline 0 -16"><span class='ocrx_word' id='word_1_155' title='bbox 139 2679 169 2715; x_wconf 89' lang='lat' dir='ltr'>se</span> <span class='ocrx_word' id='word_1_156' title='bbox 190 2659 308 2731; x_wconf 87' lang='lat' dir='ltr'>primum</span> <span class='ocrx_word' id='word_1_157' title='bbox 334 2660 420 2714; x_wconf 89' lang='lat' dir='ltr'>oculis</span> <span class='ocrx_word' id='word_1_158' title='bbox 446 2660 601 2714; x_wconf 87' lang='lat' dir='ltr'>mort-alium</span> <span class='ocrx_word' id='word_1_159' title='bbox 627 2661 776 2731; x_wconf 81' lang='lat' dir='ltr'>ingerebat</span> <span class='ocrx_word' id='word_1_160' title='bbox 803 2669 867 2729; x_wconf 89' lang='lat' dir='ltr'>post</span> <span class='ocrx_word' id='word_1_161' title='bbox 891 2660 963 2715; x_wconf 88' lang='lat' dir='ltr'>Solis</span> <span class='ocrx_word' id='word_1_162' title='bbox 990 2677 1129 2725; x_wconf 88' lang='lat' dir='ltr'>occasum,</span> <span class='ocrx_word' id='word_1_163' title='bbox 1159 2663 1277 2714; x_wconf 93' lang='lat' dir='ltr'>nondum</span> <span class='ocrx_word' id='word_1_164' title='bbox 1304 2661 1412 2714; x_wconf 86' lang='lat' dir='ltr'>heliece</span> <span class='ocrx_word' id='word_1_165' title='bbox 1438 2667 1499 2715; x_wconf 89' lang='lat' dir='ltr'>orto</span> 
     </span>
     <span class='ocr_line' id='line_1_20' title="bbox 140 2741 925 2811; baseline 0.001 -17"><span class='ocrx_word' id='word_1_166' title='bbox 140 2741 244 2809; x_wconf 80' lang='lat' dir='ltr'>capite,</span> <span class='ocrx_word' id='word_1_167' title='bbox 267 2742 339 2810; x_wconf 87' lang='lat' dir='ltr'>quod</span> <span class='ocrx_word' id='word_1_168' title='bbox 359 2742 538 2811; x_wconf 81' lang='lat' dir='ltr'>sequentibus</span> <span class='ocrx_word' id='word_1_169' title='bbox 559 2742 665 2794; x_wconf 86' lang='lat' dir='ltr'>demum</span> <span class='ocrx_word' id='word_1_170' title='bbox 686 2741 782 2793; x_wconf 88' lang='lat' dir='ltr'>diebus</span> <span class='ocrx_word' id='word_1_171' title='bbox 804 2741 925 2795; x_wconf 85' lang='lat' dir='ltr'>emersit.</span> 
     </span>
    </p>

    <p class='ocr_par' dir='ltr' id='par_1_7' title="bbox 139 2820 1499 3354">
     <span class='ocr_line' id='line_1_21' title="bbox 229 2820 1495 2890; baseline 0.001 -17"><span class='ocrx_word' id='word_1_172' title='bbox 229 2821 293 2873; x_wconf 87' lang='lat' dir='ltr'>Jam</span> <span class='ocrx_word' id='word_1_173' title='bbox 313 2836 445 2873; x_wconf 86' lang='lat' dir='ltr'>concessa</span> <span class='ocrx_word' id='word_1_174' title='bbox 464 2821 549 2874; x_wconf 88' lang='lat' dir='ltr'>semel</span> <span class='ocrx_word' id='word_1_175' title='bbox 575 2820 777 2874; x_wconf 86' lang='lat' dir='ltr'>illuminatione</span> <span class='ocrx_word' id='word_1_176' title='bbox 799 2836 883 2874; x_wconf 91' lang='lat' dir='ltr'>aurae</span> <span class='ocrx_word' id='word_1_177' title='bbox 905 2820 1063 2884; x_wconf 85' lang='lat' dir='ltr'>aetheriae,</span> <span class='ocrx_word' id='word_1_178' title='bbox 1087 2822 1271 2875; x_wconf 85' lang='lat' dir='ltr'>concedentur</span> <span class='ocrx_word' id='word_1_179' title='bbox 1291 2829 1321 2877; x_wconf 91' lang='lat' dir='ltr'>et</span> <span class='ocrx_word' id='word_1_180' title='bbox 1341 2822 1410 2875; x_wconf 87' lang='lat' dir='ltr'>certi</span> <span class='ocrx_word' id='word_1_181' title='bbox 1431 2838 1495 2890; x_wconf 91' lang='lat' dir='ltr'>pro·</span> 
     </span>
     <span class='ocr_line' id='line_1_22' title="bbox 140 2899 1496 2971; baseline 0.001 -17"><span class='ocrx_word' id='word_1_182' title='bbox 140 2899 305 2970; x_wconf 84' lang='lat' dir='ltr'>pinquitatis</span> <span class='ocrx_word' id='word_1_183' title='bbox 326 2902 431 2970; x_wconf 72' lang='lat' dir='ltr'>gradm</span> <span class='ocrx_word' id='word_1_184' title='bbox 452 2917 503 2969; x_wconf 92' lang='lat' dir='ltr'>pro</span> <span class='ocrx_word' id='word_1_185' title='bbox 523 2900 702 2968; x_wconf 88' lang='lat' dir='ltr'>dispositione</span> <span class='ocrx_word' id='word_1_186' title='bbox 724 2901 845 2970; x_wconf 84' lang='lat' dir='ltr'>corporis</span> <span class='ocrx_word' id='word_1_187' title='bbox 860 2901 992 2955; x_wconf 88' lang='lat' dir='ltr'>cometici.</span> <span class='ocrx_word' id='word_1_188' title='bbox 1021 2902 1065 2956; x_wconf 86' lang='lat' dir='ltr'>Ex</span> <span class='ocrx_word' id='word_1_189' title='bbox 1081 2901 1178 2971; x_wconf 90' lang='lat' dir='ltr'>quibus</span> <span class='ocrx_word' id='word_1_190' title='bbox 1201 2903 1311 2956; x_wconf 87' lang='lat' dir='ltr'>tandem</span> <span class='ocrx_word' id='word_1_191' title='bbox 1326 2909 1356 2956; x_wconf 89' lang='lat' dir='ltr'>et</span> <span class='ocrx_word' id='word_1_192' title='bbox 1375 2900 1496 2955; x_wconf 86' lang='lat' dir='ltr'>ceratias</span> 
     </span>
     <span class='ocr_line' id='line_1_23' title="bbox 140 2979 1497 3050; baseline 0.001 -17"><span class='ocrx_word' id='word_1_193' title='bbox 140 2979 269 3049; x_wconf 88' lang='lat' dir='ltr'>speciem,</span> <span class='ocrx_word' id='word_1_194' title='bbox 292 2997 345 3049; x_wconf 91' lang='lat' dir='ltr'>quo</span> <span class='ocrx_word' id='word_1_195' title='bbox 366 2997 403 3034; x_wconf 87' lang='lat' dir='ltr'>ex</span> <span class='ocrx_word' id='word_1_196' title='bbox 424 2997 527 3050; x_wconf 88' lang='lat' dir='ltr'>genere</span> <span class='ocrx_word' id='word_1_197' title='bbox 552 2980 601 3033; x_wconf 90' lang='lat' dir='ltr'>ille</span> <span class='ocrx_word' id='word_1_198' title='bbox 623 2981 687 3034; x_wconf 89' lang='lat' dir='ltr'>anui</span> <span class='ocrx_word' id='word_1_199' title='bbox 710 2981 755 3035; x_wconf 81' lang='lat'>77.</span> <span class='ocrx_word' id='word_1_200' title='bbox 782 2982 866 3033; x_wconf 80' lang='lat' dir='ltr'>fuisse</span> <span class='ocrx_word' id='word_1_201' title='bbox 895 2982 1019 3043; x_wconf 88' lang='lat' dir='ltr'>videtur,</span> <span class='ocrx_word' id='word_1_202' title='bbox 1047 3000 1099 3034; x_wconf 92' lang='lat' dir='ltr'>non</span> <span class='ocrx_word' id='word_1_203' title='bbox 1121 2982 1215 3050; x_wconf 89' lang='lat' dir='ltr'>inepte</span> <span class='ocrx_word' id='word_1_204' title='bbox 1244 2982 1419 3044; x_wconf 83' lang='lat' dir='ltr'>extraxeris,</span> <span class='ocrx_word' id='word_1_205' title='bbox 1443 2998 1497 3034; x_wconf 90' lang='lat' dir='ltr'>non</span> 
     </span>
     <span class='ocr_line' id='line_1_24' title="bbox 140 3059 1493 3132; baseline -0.001 -18"><span class='ocrx_word' id='word_1_206' title='bbox 140 3062 211 3130; x_wconf 92' lang='lat' dir='ltr'>quod</span> <span class='ocrx_word' id='word_1_207' title='bbox 232 3059 303 3113; x_wconf 91' lang='lat' dir='ltr'>radii</span> <span class='ocrx_word' id='word_1_208' title='bbox 324 3059 395 3113; x_wconf 89' lang='lat' dir='ltr'>Solis</span> <span class='ocrx_word' id='word_1_209' title='bbox 416 3067 514 3114; x_wconf 92' lang='lat' dir='ltr'>contra</span> <span class='ocrx_word' id='word_1_210' title='bbox 534 3061 603 3114; x_wconf 89' lang='lat' dir='ltr'>lucis</span> <span class='ocrx_word' id='word_1_211' title='bbox 623 3069 751 3115; x_wconf 82' lang='lat' dir='ltr'>naturam</span> <span class='ocrx_word' id='word_1_212' title='bbox 772 3068 919 3114; x_wconf 85' lang='lat' dir='ltr'>curventur</span> <span class='ocrx_word' id='word_1_213' title='bbox 942 3062 968 3114; x_wconf 92' lang='lat' dir='ltr'>in</span> <span class='ocrx_word' id='word_1_214' title='bbox 990 3078 1091 3123; x_wconf 87' lang='lat' dir='ltr'>arcum,</span> <span class='ocrx_word' id='word_1_215' title='bbox 1112 3064 1159 3113; x_wconf 89' lang='lat' dir='ltr'>sed</span> <span class='ocrx_word' id='word_1_216' title='bbox 1181 3063 1251 3132; x_wconf 90' lang='lat' dir='ltr'>qnod</span> <span class='ocrx_word' id='word_1_217' title='bbox 1266 3081 1303 3116; x_wconf 82' lang='lat' dir='ltr'>ex</span> <span class='ocrx_word' id='word_1_218' title='bbox 1325 3062 1388 3115; x_wconf 89' lang='lat' dir='ltr'>aliis</span> <span class='ocrx_word' id='word_1_219' title='bbox 1410 3068 1493 3131; x_wconf 87' lang='lat' dir='ltr'>atque</span> 
     </span>
     <span class='ocr_line' id='line_1_25' title="bbox 140 3139 1494 3211; baseline -0.001 -17"><span class='ocrx_word' id='word_1_220' title='bbox 140 3140 202 3194; x_wconf 86' lang='lat' dir='ltr'>aliis</span> <span class='ocrx_word' id='word_1_221' title='bbox 225 3139 351 3193; x_wconf 89' lang='lat' dir='ltr'>cometici</span> <span class='ocrx_word' id='word_1_222' title='bbox 372 3140 493 3210; x_wconf 90' lang='lat' dir='ltr'>corporis</span> <span class='ocrx_word' id='word_1_223' title='bbox 514 3141 641 3210; x_wconf 88' lang='lat' dir='ltr'>partibus</span> <span class='ocrx_word' id='word_1_224' title='bbox 657 3158 706 3209; x_wconf 92' lang='lat' dir='ltr'>pro</span> <span class='ocrx_word' id='word_1_225' title='bbox 728 3141 868 3210; x_wconf 88' lang='lat' dir='ltr'>inaequali</span> <span class='ocrx_word' id='word_1_226' title='bbox 884 3158 979 3194; x_wconf 87' lang='lat' dir='ltr'>earum</span> <span class='ocrx_word' id='word_1_227' title='bbox 1001 3141 1179 3210; x_wconf 84' lang='lat' dir='ltr'>dispositione</span> <span class='ocrx_word' id='word_1_228' title='bbox 1194 3141 1256 3194; x_wconf 91' lang='lat' dir='ltr'>hinc</span> <span class='ocrx_word' id='word_1_229' title='bbox 1271 3143 1410 3211; x_wconf 88' lang='lat' dir='ltr'>longiores</span> <span class='ocrx_word' id='word_1_230' title='bbox 1432 3141 1494 3193; x_wconf 87' lang='lat' dir='ltr'>inde</span> 
     </span>
     <span class='ocr_line' id='line_1_26' title="bbox 139 3218 1499 3291; baseline 0 -17"><span class='ocrx_word' id='word_1_231' title='bbox 139 3218 282 3274; x_wconf 72' lang='lat' dir='ltr'>breviores</span> <span class='ocrx_word' id='word_1_232' title='bbox 303 3219 373 3273; x_wconf 84' lang='lat' dir='ltr'>radii</span> <span class='ocrx_word' id='word_1_233' title='bbox 393 3226 513 3284; x_wconf 87' lang='lat' dir='ltr'>exeant,</span> <span class='ocrx_word' id='word_1_234' title='bbox 544 3220 589 3291; x_wconf 90' lang='lat' dir='ltr'>qui</span> <span class='ocrx_word' id='word_1_235' title='bbox 615 3220 735 3274; x_wconf 86' lang='lat' dir='ltr'>universi</span> <span class='ocrx_word' id='word_1_236' title='bbox 758 3220 846 3289; x_wconf 83' lang='lat' dir='ltr'>juxta</span> <span class='ocrx_word' id='word_1_237' title='bbox 867 3221 981 3274; x_wconf 87' lang='lat' dir='ltr'>invicem</span> <span class='ocrx_word' id='word_1_238' title='bbox 1009 3220 1127 3274; x_wconf 88' lang='lat' dir='ltr'>ordinati</span> <span class='ocrx_word' id='word_1_239' title='bbox 1154 3220 1272 3290; x_wconf 88' lang='lat' dir='ltr'>speciem</span> <span class='ocrx_word' id='word_1_240' title='bbox 1293 3222 1372 3275; x_wconf 90' lang='lat' dir='ltr'>unius</span> <span class='ocrx_word' id='word_1_241' title='bbox 1394 3222 1499 3274; x_wconf 86' lang='lat' dir='ltr'>caudae</span> 
     </span>
     <span class='ocr_line' id='line_1_27' title="bbox 140 3299 460 3354; baseline 0.003 -1"><span class='ocrx_word' id='word_1_242' title='bbox 140 3304 276 3353; x_wconf 80' lang='lat' dir='ltr'>curvatae</span> <span class='ocrx_word' id='word_1_243' title='bbox 298 3299 460 3354; x_wconf 85' lang='lat' dir='ltr'>exhibeant.</span> 
     </span>
    </p>

    <p class='ocr_par' dir='ltr' id='par_1_8' title="bbox 139 3378 1500 4472">
     <span class='ocr_line' id='line_1_28' title="bbox 228 3378 1498 3449; baseline 0.001 -17"><span class='ocrx_word' id='word_1_244' title='bbox 228 3378 324 3432; x_wconf 88' lang='lat' dir='ltr'>Possit</span> <span class='ocrx_word' id='word_1_245' title='bbox 345 3381 440 3433; x_wconf 90' lang='lat' dir='ltr'>eadem</span> <span class='ocrx_word' id='word_1_246' title='bbox 461 3387 492 3434; x_wconf 92' lang='lat' dir='ltr'>et</span> <span class='ocrx_word' id='word_1_247' title='bbox 511 3378 702 3434; x_wconf 87' lang='lat' dir='ltr'>declinationis</span> <span class='ocrx_word' id='word_1_248' title='bbox 724 3380 801 3449; x_wconf 92' lang='lat' dir='ltr'>origo</span> <span class='ocrx_word' id='word_1_249' title='bbox 817 3396 888 3432; x_wconf 89' lang='lat' dir='ltr'>esse.</span> <span class='ocrx_word' id='word_1_250' title='bbox 916 3378 1026 3433; x_wconf 84' lang='lat' dir='ltr'>Etenim</span> <span class='ocrx_word' id='word_1_251' title='bbox 1041 3379 1106 3449; x_wconf 90' lang='lat' dir='ltr'>quia</span> <span class='ocrx_word' id='word_1_252' title='bbox 1123 3379 1249 3442; x_wconf 88' lang='lat' dir='ltr'>diximus,</span> <span class='ocrx_word' id='word_1_253' title='bbox 1271 3380 1382 3449; x_wconf 84' lang='lat' dir='ltr'>vulgari</span> <span class='ocrx_word' id='word_1_254' title='bbox 1404 3380 1498 3447; x_wconf 83' lang='lat' dir='ltr'>optica</span> 
     </span>
     <span class='ocr_line' id='line_1_29' title="bbox 139 3458 1496 3529; baseline -0.001 -15"><span class='ocrx_word' id='word_1_255' title='bbox 139 3460 249 3514; x_wconf 88' lang='lat' dir='ltr'>ratione</span> <span class='ocrx_word' id='word_1_256' title='bbox 271 3458 339 3522; x_wconf 86' lang='lat' dir='ltr'>lieri,</span> <span class='ocrx_word' id='word_1_257' title='bbox 361 3465 393 3512; x_wconf 91' lang='lat' dir='ltr'>ut</span> <span class='ocrx_word' id='word_1_258' title='bbox 412 3458 483 3513; x_wconf 89' lang='lat' dir='ltr'>radii</span> <span class='ocrx_word' id='word_1_259' title='bbox 497 3458 569 3514; x_wconf 91' lang='lat' dir='ltr'>Solis</span> <span class='ocrx_word' id='word_1_260' title='bbox 590 3459 744 3513; x_wconf 88' lang='lat' dir='ltr'>transmissi</span> <span class='ocrx_word' id='word_1_261' title='bbox 758 3476 808 3528; x_wconf 92' lang='lat' dir='ltr'>per</span> <span class='ocrx_word' id='word_1_262' title='bbox 828 3462 941 3512; x_wconf 86' lang='lat' dir='ltr'>densum</span> <span class='ocrx_word' id='word_1_263' title='bbox 963 3467 1085 3511; x_wconf 90' lang='lat' dir='ltr'>cometae</span> <span class='ocrx_word' id='word_1_264' title='bbox 1100 3469 1208 3527; x_wconf 86' lang='lat' dir='ltr'>corpus</span> <span class='ocrx_word' id='word_1_265' title='bbox 1222 3458 1337 3527; x_wconf 90' lang='lat' dir='ltr'>primum</span> <span class='ocrx_word' id='word_1_266' title='bbox 1358 3467 1496 3529; x_wconf 83' lang='lat' dir='ltr'>cogantur</span> 
     </span>
     <span class='ocr_line' id='line_1_30' title="bbox 140 3538 1498 3609; baseline -0.001 -16"><span class='ocrx_word' id='word_1_267' title='bbox 140 3543 174 3593; x_wconf 87' lang='lat' dir='ltr'>ad</span> <span class='ocrx_word' id='word_1_268' title='bbox 195 3555 280 3592; x_wconf 88' lang='lat' dir='ltr'>unum</span> <span class='ocrx_word' id='word_1_269' title='bbox 305 3538 384 3608; x_wconf 87' lang='lat' dir='ltr'>quasi</span> <span class='ocrx_word' id='word_1_270' title='bbox 411 3546 557 3609; x_wconf 84' lang='lat' dir='ltr'>punctum,</span> <span class='ocrx_word' id='word_1_271' title='bbox 589 3539 680 3609; x_wconf 89' lang='lat' dir='ltr'>ibique</span> <span class='ocrx_word' id='word_1_272' title='bbox 710 3539 832 3592; x_wconf 86' lang='lat' dir='ltr'>sectione</span> <span class='ocrx_word' id='word_1_273' title='bbox 862 3539 938 3592; x_wconf 85' lang='lat' dir='ltr'>facta</span> <span class='ocrx_word' id='word_1_274' title='bbox 965 3555 1071 3591; x_wconf 89' lang='lat' dir='ltr'>rursum</span> <span class='ocrx_word' id='word_1_275' title='bbox 1102 3540 1270 3593; x_wconf 89' lang='lat' dir='ltr'>dilatentur:</span> <span class='ocrx_word' id='word_1_276' title='bbox 1303 3539 1498 3593; x_wconf 85' lang='lat' dir='ltr'>extremitates</span> 
     </span>
     <span class='ocr_line' id='line_1_31' title="bbox 140 3618 1499 3690; baseline -0.001 -17"><span class='ocrx_word' id='word_1_277' title='bbox 140 3622 236 3690; x_wconf 87' lang='lat' dir='ltr'>itaque</span> <span class='ocrx_word' id='word_1_278' title='bbox 264 3620 372 3672; x_wconf 88' lang='lat' dir='ltr'>caudae</span> <span class='ocrx_word' id='word_1_279' title='bbox 397 3620 530 3674; x_wconf 87' lang='lat' dir='ltr'>laterales</span> <span class='ocrx_word' id='word_1_280' title='bbox 556 3619 684 3689; x_wconf 91' lang='lat' dir='ltr'>utrinque</span> <span class='ocrx_word' id='word_1_281' title='bbox 717 3618 895 3672; x_wconf 89' lang='lat' dir='ltr'>declinabunt</span> <span class='ocrx_word' id='word_1_282' title='bbox 916 3635 935 3672; x_wconf 89' lang='lat' dir='ltr'>a</span> <span class='ocrx_word' id='word_1_283' title='bbox 955 3619 1088 3672; x_wconf 90' lang='lat' dir='ltr'>diametro</span> <span class='ocrx_word' id='word_1_284' title='bbox 1113 3618 1195 3672; x_wconf 88' lang='lat' dir='ltr'>Solis.</span> <span class='ocrx_word' id='word_1_285' title='bbox 1238 3620 1361 3672; x_wconf 87' lang='lat' dir='ltr'>Concede</span> <span class='ocrx_word' id='word_1_286' title='bbox 1386 3618 1446 3685; x_wconf 86' lang='lat' dir='ltr'>jem</span> <span class='ocrx_word' id='word_1_287' title='bbox 1467 3624 1499 3671; x_wconf 94' lang='lat' dir='ltr'>ut</span> 
     </span>
     <span class='ocr_line' id='line_1_32' title="bbox 142 3698 1497 3771; baseline -0.003 -17"><span class='ocrx_word' id='word_1_288' title='bbox 142 3702 262 3754; x_wconf 84' lang='lat' dir='ltr'>alterum</span> <span class='ocrx_word' id='word_1_289' title='bbox 283 3698 384 3767; x_wconf 89' lang='lat' dir='ltr'>capitis</span> <span class='ocrx_word' id='word_1_290' title='bbox 407 3700 480 3753; x_wconf 90' lang='lat' dir='ltr'>latus</span> <span class='ocrx_word' id='word_1_291' title='bbox 495 3717 545 3753; x_wconf 88' lang='lat' dir='ltr'>seu</span> <span class='ocrx_word' id='word_1_292' title='bbox 565 3700 672 3771; x_wconf 83' lang='lat' dir='ltr'>figurae</span> <span class='ocrx_word' id='word_1_293' title='bbox 687 3716 736 3751; x_wconf 89' lang='lat' dir='ltr'>seu</span> <span class='ocrx_word' id='word_1_294' title='bbox 758 3698 903 3753; x_wconf 87' lang='lat' dir='ltr'>densitatis</span> <span class='ocrx_word' id='word_1_295' title='bbox 918 3698 1025 3751; x_wconf 88' lang='lat' dir='ltr'>ratione</span> <span class='ocrx_word' id='word_1_296' title='bbox 1047 3699 1138 3751; x_wconf 89' lang='lat' dir='ltr'>radios</span> <span class='ocrx_word' id='word_1_297' title='bbox 1153 3698 1225 3752; x_wconf 89' lang='lat' dir='ltr'>Solis</span> <span class='ocrx_word' id='word_1_298' title='bbox 1241 3717 1293 3752; x_wconf 92' lang='lat' dir='ltr'>non</span> <span class='ocrx_word' id='word_1_299' title='bbox 1316 3698 1497 3761; x_wconf 88' lang='lat' dir='ltr'>transmittat,</span> 
     </span>
     <span class='ocr_line' id='line_1_33' title="bbox 141 3778 1497 3852; baseline -0.002 -20"><span class='ocrx_word' id='word_1_300' title='bbox 141 3778 228 3852; x_wconf 85' lang='lat' dir='ltr'>igitur</span> <span class='ocrx_word' id='word_1_301' title='bbox 248 3778 301 3831; x_wconf 91' lang='lat' dir='ltr'>illa</span> <span class='ocrx_word' id='word_1_302' title='bbox 321 3780 426 3832; x_wconf 70' lang='lat' dir='ltr'>madae</span> <span class='ocrx_word' id='word_1_303' title='bbox 447 3796 512 3849; x_wconf 89' lang='lat' dir='ltr'>pars</span> <span class='ocrx_word' id='word_1_304' title='bbox 534 3779 718 3848; x_wconf 86' lang='lat' dir='ltr'>praecidetur,</span> <span class='ocrx_word' id='word_1_305' title='bbox 739 3779 847 3849; x_wconf 87' lang='lat' dir='ltr'>reliqua</span> <span class='ocrx_word' id='word_1_306' title='bbox 861 3780 888 3831; x_wconf 89' lang='lat' dir='ltr'>in</span> <span class='ocrx_word' id='word_1_307' title='bbox 910 3780 984 3832; x_wconf 87' lang='lat' dir='ltr'>latus</span> <span class='ocrx_word' id='word_1_308' title='bbox 1007 3779 1125 3832; x_wconf 86' lang='lat' dir='ltr'>alterum</span> <span class='ocrx_word' id='word_1_309' title='bbox 1147 3778 1287 3832; x_wconf 89' lang='lat' dir='ltr'>declinans</span> <span class='ocrx_word' id='word_1_310' title='bbox 1310 3780 1371 3832; x_wconf 89' lang='lat' dir='ltr'>sola</span> <span class='ocrx_word' id='word_1_311' title='bbox 1392 3779 1497 3831; x_wconf 90' lang='lat' dir='ltr'>caudae</span> 
     </span>
     <span class='ocr_line' id='line_1_34' title="bbox 141 3857 1498 3928; baseline -0.001 -18"><span class='ocrx_word' id='word_1_312' title='bbox 141 3858 228 3912; x_wconf 83' lang='lat' dir='ltr'>totius</span> <span class='ocrx_word' id='word_1_313' title='bbox 250 3857 367 3928; x_wconf 88' lang='lat' dir='ltr'>ideoque</span> <span class='ocrx_word' id='word_1_314' title='bbox 389 3865 419 3912; x_wconf 89' lang='lat' dir='ltr'>et</span> <span class='ocrx_word' id='word_1_315' title='bbox 439 3860 603 3914; x_wconf 90' lang='lat' dir='ltr'>declinantis</span> <span class='ocrx_word' id='word_1_316' title='bbox 624 3858 743 3927; x_wconf 90' lang='lat' dir='ltr'>speciem</span> <span class='ocrx_word' id='word_1_317' title='bbox 765 3858 917 3912; x_wconf 87' lang='lat' dir='ltr'>exhibebit.</span> <span class='ocrx_word' id='word_1_318' title='bbox 948 3858 1119 3920; x_wconf 83' lang='lat' dir='ltr'>Quinetiam</span> <span class='ocrx_word' id='word_1_319' title='bbox 1139 3866 1246 3912; x_wconf 88' lang='lat' dir='ltr'>mutata</span> <span class='ocrx_word' id='word_1_320' title='bbox 1267 3859 1389 3928; x_wconf 89' lang='lat' dir='ltr'>corporis</span> <span class='ocrx_word' id='word_1_321' title='bbox 1411 3874 1498 3911; x_wconf 85' lang='lat' dir='ltr'>comc-</span> 
     </span>
     <span class='ocr_line' id='line_1_35' title="bbox 139 3936 1499 4008; baseline 0 -17"><span class='ocrx_word' id='word_1_322' title='bbox 139 3939 186 3992; x_wconf 86' lang='lat' dir='ltr'>tici</span> <span class='ocrx_word' id='word_1_323' title='bbox 206 3938 388 4007; x_wconf 88' lang='lat' dir='ltr'>dispositione</span> <span class='ocrx_word' id='word_1_324' title='bbox 409 3940 455 3993; x_wconf 84' lang='lat' dir='ltr'>vel</span> <span class='ocrx_word' id='word_1_325' title='bbox 476 3940 528 3993; x_wconf 91' lang='lat' dir='ltr'>situ</span> <span class='ocrx_word' id='word_1_326' title='bbox 552 3941 586 3992; x_wconf 88' lang='lat' dir='ltr'>ad</span> <span class='ocrx_word' id='word_1_327' title='bbox 607 3939 699 3993; x_wconf 88' lang='lat' dir='ltr'>Solem</span> <span class='ocrx_word' id='word_1_328' title='bbox 730 3938 871 3992; x_wconf 90' lang='lat' dir='ltr'>inclinatio</span> <span class='ocrx_word' id='word_1_329' title='bbox 893 3940 963 3992; x_wconf 90' lang='lat' dir='ltr'>haec</span> <span class='ocrx_word' id='word_1_330' title='bbox 989 3939 1090 3991; x_wconf 89' lang='lat' dir='ltr'>mutari</span> <span class='ocrx_word' id='word_1_331' title='bbox 1117 3938 1237 4008; x_wconf 86' lang='lat' dir='ltr'>poterit;</span> <span class='ocrx_word' id='word_1_332' title='bbox 1269 3946 1301 3991; x_wconf 89' lang='lat' dir='ltr'>ut</span> <span class='ocrx_word' id='word_1_333' title='bbox 1327 3956 1398 3991; x_wconf 89' lang='lat' dir='ltr'>anno</span> <span class='ocrx_word' id='word_1_334' title='bbox 1423 3936 1499 3991; x_wconf 86' lang='grc'><strong>1596</strong></span> 
     </span>
     <span class='ocr_line' id='line_1_36' title="bbox 142 4018 1498 4088; baseline -0.001 -16"><span class='ocrx_word' id='word_1_335' title='bbox 142 4020 234 4072; x_wconf 88' lang='lat' dir='ltr'>cauda</span> <span class='ocrx_word' id='word_1_336' title='bbox 255 4018 371 4088; x_wconf 88' lang='lat' dir='ltr'>primum</span> <span class='ocrx_word' id='word_1_337' title='bbox 394 4020 428 4073; x_wconf 90' lang='lat' dir='ltr'>ad</span> <span class='ocrx_word' id='word_1_338' title='bbox 449 4021 576 4073; x_wconf 83' lang='lat' dir='ltr'>dextram</span> <span class='ocrx_word' id='word_1_339' title='bbox 597 4019 769 4081; x_wconf 89' lang='lat' dir='ltr'>declinabat,</span> <span class='ocrx_word' id='word_1_340' title='bbox 791 4018 853 4071; x_wconf 91' lang='lat' dir='ltr'>inde</span> <span class='ocrx_word' id='word_1_341' title='bbox 875 4018 901 4071; x_wconf 90' lang='lat' dir='ltr'>in</span> <span class='ocrx_word' id='word_1_342' title='bbox 924 4018 1012 4088; x_wconf 87' lang='lat' dir='ltr'>ipsam</span> <span class='ocrx_word' id='word_1_343' title='bbox 1038 4018 1200 4072; x_wconf 88' lang='lat' dir='ltr'>diametrum</span> <span class='ocrx_word' id='word_1_344' title='bbox 1220 4018 1291 4071; x_wconf 87' lang='lat' dir='ltr'>Solis</span> <span class='ocrx_word' id='word_1_345' title='bbox 1314 4021 1498 4087; x_wconf 84' lang='lat' dir='ltr'>competebat,</span> 
     </span>
     <span class='ocr_line' id='line_1_37' title="bbox 141 4098 1499 4169; baseline 0 -18"><span class='ocrx_word' id='word_1_346' title='bbox 141 4099 259 4169; x_wconf 86' lang='lat' dir='ltr'>denique</span> <span class='ocrx_word' id='word_1_347' title='bbox 281 4098 423 4152; x_wconf 89' lang='lat' dir='ltr'>transibat</span> <span class='ocrx_word' id='word_1_348' title='bbox 443 4100 478 4151; x_wconf 88' lang='lat' dir='ltr'>ad</span> <span class='ocrx_word' id='word_1_349' title='bbox 500 4099 647 4153; x_wconf 88' lang='lat' dir='ltr'>sinistram.</span> <span class='ocrx_word' id='word_1_350' title='bbox 682 4099 755 4151; x_wconf 92' lang='lat' dir='ltr'>Idem</span> <span class='ocrx_word' id='word_1_351' title='bbox 777 4105 806 4151; x_wconf 91' lang='lat' dir='ltr'>et</span> <span class='ocrx_word' id='word_1_352' title='bbox 827 4099 860 4150; x_wconf 89' lang='lat' dir='ltr'>de</span> <span class='ocrx_word' id='word_1_353' title='bbox 881 4098 973 4168; x_wconf 89' lang='lat' dir='ltr'>specie</span> <span class='ocrx_word' id='word_1_354' title='bbox 994 4099 1121 4152; x_wconf 87' lang='lat' dir='ltr'>mutabili</span> <span class='ocrx_word' id='word_1_355' title='bbox 1143 4099 1215 4151; x_wconf 93' lang='lat' dir='ltr'>credi</span> <span class='ocrx_word' id='word_1_356' title='bbox 1238 4106 1348 4167; x_wconf 89' lang='lat' dir='ltr'>potest,</span> <span class='ocrx_word' id='word_1_357' title='bbox 1370 4100 1499 4167; x_wconf 87' lang='lat' dir='ltr'>ratioque</span> 
     </span>
     <span class='ocr_line' id='line_1_38' title="bbox 139 4177 1499 4249; baseline -0.001 -17"><span class='ocrx_word' id='word_1_358' title='bbox 139 4178 260 4249; x_wconf 89' lang='lat' dir='ltr'>patebit,</span> <span class='ocrx_word' id='word_1_359' title='bbox 283 4194 340 4248; x_wconf 90' lang='lat' dir='ltr'>qua</span> <span class='ocrx_word' id='word_1_360' title='bbox 353 4179 405 4231; x_wconf 90' lang='lat' dir='ltr'>sub</span> <span class='ocrx_word' id='word_1_361' title='bbox 419 4178 602 4231; x_wconf 83' lang='lat' dir='ltr'>Macedonicis</span> <span class='ocrx_word' id='word_1_362' title='bbox 623 4179 706 4231; x_wconf 90' lang='lat' dir='ltr'>armis</span> <span class='ocrx_word' id='word_1_363' title='bbox 727 4179 863 4247; x_wconf 92' lang='lat' dir='ltr'>quondam</span> <span class='ocrx_word' id='word_1_364' title='bbox 877 4178 944 4231; x_wconf 90' lang='lat' dir='ltr'>hirci</span> <span class='ocrx_word' id='word_1_365' title='bbox 960 4177 1067 4248; x_wconf 81' lang='lat' dir='ltr'>effigies</span> <span class='ocrx_word' id='word_1_366' title='bbox 1083 4178 1172 4231; x_wconf 92' lang='lat' dir='ltr'>Plinio</span> <span class='ocrx_word' id='word_1_367' title='bbox 1194 4178 1333 4231; x_wconf 84' lang='lat' dir='ltr'>referente</span> <span class='ocrx_word' id='word_1_368' title='bbox 1347 4178 1375 4231; x_wconf 91' lang='lat' dir='ltr'>in</span> <span class='ocrx_word' id='word_1_369' title='bbox 1389 4179 1499 4231; x_wconf 90' lang='lat' dir='ltr'>hastam</span> 
     </span>
     <span class='ocr_line' id='line_1_39' title="bbox 139 4257 1500 4329; baseline 0 -18"><span class='ocrx_word' id='word_1_370' title='bbox 139 4266 184 4311; x_wconf 88' lang='lat' dir='ltr'>est</span> <span class='ocrx_word' id='word_1_371' title='bbox 203 4263 325 4311; x_wconf 88' lang='lat' dir='ltr'>mutata.</span> <span class='ocrx_word' id='word_1_372' title='bbox 368 4258 464 4312; x_wconf 90' lang='lat' dir='ltr'>Solere</span> <span class='ocrx_word' id='word_1_373' title='bbox 485 4274 602 4328; x_wconf 90' lang='lat' dir='ltr'>namque</span> <span class='ocrx_word' id='word_1_374' title='bbox 622 4259 739 4329; x_wconf 87' lang='lat' dir='ltr'>figuram</span> <span class='ocrx_word' id='word_1_375' title='bbox 767 4257 866 4326; x_wconf 88' lang='lat' dir='ltr'>capitis</span> <span class='ocrx_word' id='word_1_376' title='bbox 887 4258 987 4311; x_wconf 91' lang='lat' dir='ltr'>mutari</span> <span class='ocrx_word' id='word_1_377' title='bbox 1015 4260 1143 4327; x_wconf 90' lang='lat' dir='ltr'>exemplo</span> <span class='ocrx_word' id='word_1_378' title='bbox 1169 4260 1316 4311; x_wconf 89' lang='lat' dir='ltr'>eorundem</span> <span class='ocrx_word' id='word_1_379' title='bbox 1345 4265 1500 4326; x_wconf 89' lang='lat' dir='ltr'>temporum</span> 
     </span>
     <span class='ocr_line' id='line_1_40' title="bbox 140 4335 1500 4409; baseline -0.001 -19"><span class='ocrx_word' id='word_1_380' title='bbox 140 4344 260 4399; x_wconf 85' lang='lat' dir='ltr'>constat,</span> <span class='ocrx_word' id='word_1_381' title='bbox 292 4353 353 4390; x_wconf 89' lang='lat' dir='ltr'>cum</span> <span class='ocrx_word' id='word_1_382' title='bbox 382 4337 514 4391; x_wconf 78' lang='lat' dir='ltr'>terribilis</span> <span class='ocrx_word' id='word_1_383' title='bbox 536 4338 585 4392; x_wconf 87' lang='lat' dir='ltr'>fax</span> <span class='ocrx_word' id='word_1_384' title='bbox 612 4338 691 4409; x_wconf 87' lang='lat' dir='ltr'>quasi</span> <span class='ocrx_word' id='word_1_385' title='bbox 720 4339 847 4391; x_wconf 85' lang='lat' dir='ltr'>flammea</span> <span class='ocrx_word' id='word_1_386' title='bbox 875 4339 962 4391; x_wconf 88' lang='lat' dir='ltr'>nubes</span> <span class='ocrx_word' id='word_1_387' title='bbox 987 4338 1015 4391; x_wconf 92' lang='lat' dir='ltr'>in</span> <span class='ocrx_word' id='word_1_388' title='bbox 1041 4340 1109 4390; x_wconf 90' lang='lat' dir='ltr'>duas</span> <span class='ocrx_word' id='word_1_389' title='bbox 1135 4344 1229 4407; x_wconf 89' lang='lat' dir='ltr'>partes</span> <span class='ocrx_word' id='word_1_390' title='bbox 1261 4338 1400 4391; x_wconf 89' lang='lat' dir='ltr'>discedere</span> <span class='ocrx_word' id='word_1_391' title='bbox 1422 4335 1500 4390; x_wconf 88' lang='lat' dir='ltr'>etin</span> 
     </span>
     <span class='ocr_line' id='line_1_41' title="bbox 140 4417 533 4472; baseline 0.003 -2"><span class='ocrx_word' id='word_1_392' title='bbox 140 4418 278 4472; x_wconf 76' lang='lat' dir='ltr'>diversum</span> <span class='ocrx_word' id='word_1_393' title='bbox 301 4417 379 4471; x_wconf 87' lang='lat' dir='ltr'>abiro</span> <span class='ocrx_word' id='word_1_394' title='bbox 398 4418 461 4471; x_wconf 78' lang='lat' dir='ltr'>visa</span> <span class='ocrx_word' id='word_1_395' title='bbox 480 4424 533 4471; x_wconf 89' lang='lat' dir='ltr'>est.</span> 
     </span>
    </p>

    <p class='ocr_par' dir='ltr' id='par_1_9' title="bbox 139 4496 1501 4792">
     <span class='ocr_line' id='line_1_42' title="bbox 230 4496 1498 4559; baseline -0.002 -9"><span class='ocrx_word' id='word_1_396' title='bbox 230 4496 303 4559; x_wconf 84' lang='lat' dir='ltr'>Quid</span> <span class='ocrx_word' id='word_1_397' title='bbox 317 4496 340 4550; x_wconf 91' lang='lat' dir='ltr'>si</span> <span class='ocrx_word' id='word_1_398' title='bbox 360 4513 427 4552; x_wconf 77' lang='lat' dir='ltr'>vero</span> <span class='ocrx_word' id='word_1_399' title='bbox 447 4498 609 4552; x_wconf 88' lang='lat' dir='ltr'>misceamus</span> <span class='ocrx_word' id='word_1_400' title='bbox 628 4497 834 4551; x_wconf 77' lang='lat' dir='ltr'>aristotelicam</span> <span class='ocrx_word' id='word_1_401' title='bbox 854 4500 887 4549; x_wconf 92' lang='lat' dir='ltr'>de</span> <span class='ocrx_word' id='word_1_402' title='bbox 904 4500 995 4551; x_wconf 88' lang='lat' dir='ltr'>cauda</span> <span class='ocrx_word' id='word_1_403' title='bbox 1015 4497 1181 4550; x_wconf 88' lang='lat' dir='ltr'>sententiam</span> <span class='ocrx_word' id='word_1_404' title='bbox 1202 4497 1356 4559; x_wconf 89' lang='lat' dir='ltr'>recentiori,</span> <span class='ocrx_word' id='word_1_405' title='bbox 1379 4504 1412 4549; x_wconf 89' lang='lat' dir='ltr'>ut</span> <span class='ocrx_word' id='word_1_406' title='bbox 1433 4512 1498 4548; x_wconf 83' lang='lat' dir='ltr'>vere</span> 
     </span>
     <span class='ocr_line' id='line_1_43' title="bbox 139 4576 1501 4648; baseline -0.002 -17"><span class='ocrx_word' id='word_1_407' title='bbox 139 4578 252 4648; x_wconf 86' lang='lat' dir='ltr'>expiret</span> <span class='ocrx_word' id='word_1_408' title='bbox 281 4576 377 4646; x_wconf 87' lang='lat' dir='ltr'>aliqua</span> <span class='ocrx_word' id='word_1_409' title='bbox 403 4577 496 4631; x_wconf 90' lang='lat' dir='ltr'>lucida</span> <span class='ocrx_word' id='word_1_410' title='bbox 523 4578 640 4630; x_wconf 87' lang='lat' dir='ltr'>materia</span> <span class='ocrx_word' id='word_1_411' title='bbox 663 4596 699 4630; x_wconf 88' lang='lat' dir='ltr'>ex</span> <span class='ocrx_word' id='word_1_412' title='bbox 726 4578 817 4646; x_wconf 89' lang='lat' dir='ltr'>capite</span> <span class='ocrx_word' id='word_1_413' title='bbox 844 4576 922 4630; x_wconf 90' lang='lat' dir='ltr'>etin</span> <span class='ocrx_word' id='word_1_414' title='bbox 949 4580 1066 4647; x_wconf 89' lang='lat' dir='ltr'>plagam</span> <span class='ocrx_word' id='word_1_415' title='bbox 1087 4577 1194 4646; x_wconf 88' lang='lat' dir='ltr'>quidem</span> <span class='ocrx_word' id='word_1_416' title='bbox 1218 4593 1294 4638; x_wconf 85' lang='lat' dir='ltr'>eam,</span> <span class='ocrx_word' id='word_1_417' title='bbox 1324 4576 1351 4628; x_wconf 90' lang='lat' dir='ltr'>in</span> <span class='ocrx_word' id='word_1_418' title='bbox 1379 4593 1459 4645; x_wconf 89' lang='lat' dir='ltr'>quam</span> <span class='ocrx_word' id='word_1_419' title='bbox 1483 4591 1501 4628; x_wconf 93' lang='lat' dir='ltr'>a</span> 
     </span>
     <span class='ocr_line' id='line_1_44' title="bbox 139 4655 1500 4728; baseline -0.003 -16"><span class='ocrx_word' id='word_1_420' title='bbox 139 4658 210 4712; x_wconf 88' lang='lat' dir='ltr'>Solis</span> <span class='ocrx_word' id='word_1_421' title='bbox 231 4656 317 4711; x_wconf 88' lang='lat' dir='ltr'>radiis</span> <span class='ocrx_word' id='word_1_422' title='bbox 341 4656 420 4727; x_wconf 85' lang='lat' dir='ltr'>quasi</span> <span class='ocrx_word' id='word_1_423' title='bbox 441 4657 615 4728; x_wconf 83' lang='lat' dir='ltr'>expellitur?</span> <span class='ocrx_word' id='word_1_424' title='bbox 646 4657 722 4710; x_wconf 90' lang='lat' dir='ltr'>Tunc</span> <span class='ocrx_word' id='word_1_425' title='bbox 747 4657 770 4709; x_wconf 89' lang='lat' dir='ltr'>si</span> <span class='ocrx_word' id='word_1_426' title='bbox 792 4659 881 4711; x_wconf 87' lang='lat' dir='ltr'>cauda</span> <span class='ocrx_word' id='word_1_427' title='bbox 901 4657 1015 4712; x_wconf 86' lang='lat' dir='ltr'>Terram</span> <span class='ocrx_word' id='word_1_428' title='bbox 1043 4657 1201 4727; x_wconf 88' lang='lat' dir='ltr'>contingat,</span> <span class='ocrx_word' id='word_1_429' title='bbox 1231 4656 1270 4709; x_wconf 88' lang='lat' dir='ltr'>nil</span> <span class='ocrx_word' id='word_1_430' title='bbox 1291 4655 1386 4708; x_wconf 88' lang='lat' dir='ltr'>mirum</span> <span class='ocrx_word' id='word_1_431' title='bbox 1408 4660 1500 4709; x_wconf 74' lang='lat' dir='ltr'>adrem</span> 
     </span>
     <span class='ocr_line' id='line_1_45' title="bbox 140 4736 349 4792; baseline 0.005 -4"><span class='ocrx_word' id='word_1_432' title='bbox 140 4755 247 4792; x_wconf 75' lang='lat' dir='ltr'>veneno</span> <span class='ocrx_word' id='word_1_433' title='bbox 267 4736 349 4790; x_wconf 82' lang='lat' dir='ltr'>infici.</span> 
     </span>
    </p>

    <p class='ocr_par' dir='ltr' id='par_1_10' title="bbox 140 4814 1500 5128">
     <span class='ocr_line' id='line_1_46' title="bbox 226 4814 1499 4885; baseline -0.003 -14"><span class='ocrx_word' id='word_1_434' title='bbox 226 4816 376 4872; x_wconf 87' lang='lat' dir='ltr'>Ludicrnm</span> <span class='ocrx_word' id='word_1_435' title='bbox 396 4817 449 4870; x_wconf 91' lang='lat' dir='ltr'>hoc</span> <span class='ocrx_word' id='word_1_436' title='bbox 469 4833 523 4869; x_wconf 91' lang='lat' dir='ltr'>non</span> <span class='ocrx_word' id='word_1_437' title='bbox 544 4822 572 4869; x_wconf 93' lang='lat' dir='ltr'>te</span> <span class='ocrx_word' id='word_1_438' title='bbox 595 4816 692 4869; x_wconf 91' lang='lat' dir='ltr'>celabo</span> <span class='ocrx_word' id='word_1_439' title='bbox 714 4817 815 4880; x_wconf 89' lang='lat' dir='ltr'>lector,</span> <span class='ocrx_word' id='word_1_440' title='bbox 837 4822 869 4870; x_wconf 91' lang='lat' dir='ltr'>ut</span> <span class='ocrx_word' id='word_1_441' title='bbox 889 4818 961 4871; x_wconf 90' lang='lat' dir='ltr'>scias</span> <span class='ocrx_word' id='word_1_442' title='bbox 984 4822 1108 4871; x_wconf 88' lang='lat' dir='ltr'>cometae</span> <span class='ocrx_word' id='word_1_443' title='bbox 1129 4814 1250 4885; x_wconf 83' lang='lat' dir='ltr'>effigiem</span> <span class='ocrx_word' id='word_1_444' title='bbox 1277 4821 1499 4885; x_wconf 85' lang='lat' dir='ltr'>repraesentare.</span> 
     </span>
     <span class='ocr_line' id='line_1_47' title="bbox 140 4893 1500 4970; baseline -0.004 -18"><span class='ocrx_word' id='word_1_445' title='bbox 140 4898 170 4951; x_wconf 89' lang='lat' dir='ltr'>lu</span> <span class='ocrx_word' id='word_1_446' title='bbox 190 4912 332 4951; x_wconf 67' lang='lat' dir='ltr'>amaram</span> <span class='ocrx_word' id='word_1_447' title='bbox 346 4912 408 4966; x_wconf 90' lang='lat' dir='ltr'>cap.</span> <span class='ocrx_word' id='word_1_448' title='bbox 427 4896 459 4950; x_wconf 90' lang='lat' dir='ltr'>ll.</span> <span class='ocrx_word' id='word_1_449' title='bbox 481 4914 523 4965; x_wconf 94' lang='lat' dir='ltr'>pr.</span> <span class='ocrx_word' id='word_1_450' title='bbox 542 4893 569 4951; x_wconf 79' lang='grc'>7.</span> <span class='ocrx_word' id='word_1_451' title='bbox 591 4895 758 4964; x_wconf 88' lang='lat' dir='ltr'>descriptam</span> <span class='ocrx_word' id='word_1_452' title='bbox 779 4895 953 4970; x_wconf 86' lang='lat' dir='ltr'>ingrediatur</span> <span class='ocrx_word' id='word_1_453' title='bbox 967 4897 1039 4952; x_wconf 92' lang='lat' dir='ltr'>Solis</span> <span class='ocrx_word' id='word_1_454' title='bbox 1060 4895 1162 4958; x_wconf 87' lang='lat' dir='ltr'>radius,</span> <span class='ocrx_word' id='word_1_455' title='bbox 1184 4895 1209 4948; x_wconf 90' lang='lat' dir='ltr'>ei</span> <span class='ocrx_word' id='word_1_456' title='bbox 1231 4914 1267 4949; x_wconf 84' lang='lat' dir='ltr'>ex</span> <span class='ocrx_word' id='word_1_457' title='bbox 1289 4894 1399 4949; x_wconf 88' lang='lat' dir='ltr'>dimidia</span> <span class='ocrx_word' id='word_1_458' title='bbox 1420 4899 1500 4963; x_wconf 86' lang='lat' dir='ltr'>parte</span> 
     </span>
     <span class='ocr_line' id='line_1_48' title="bbox 140 4965 1500 5049; baseline -0.001 -20"><span class='ocrx_word' id='word_1_459' title='bbox 140 4978 232 5046; x_wconf 81' lang='lat' dir='ltr'>objice</span> <span class='ocrx_word' id='word_1_460' title='bbox 252 4977 368 5049; x_wconf 88' lang='lat' dir='ltr'>globum</span> <span class='ocrx_word' id='word_1_461' title='bbox 394 4991 530 5047; x_wconf 89' lang='lat' dir='ltr'>aqueum:</span> <span class='ocrx_word' id='word_1_462' title='bbox 558 4974 597 5028; x_wconf 88' lang='lat' dir='ltr'>sic</span> <span class='ocrx_word' id='word_1_463' title='bbox 618 4982 650 5028; x_wconf 91' lang='lat' dir='ltr'>nt</span> <span class='ocrx_word' id='word_1_464' title='bbox 673 4975 766 5028; x_wconf 84' lang='lat' dir='ltr'>radius</span> <span class='ocrx_word' id='word_1_465' title='bbox 787 4975 858 5031; x_wconf 88' lang='lat' dir='ltr'>Solis</span> <span class='ocrx_word' id='word_1_466' title='bbox 886 4965 1037 5048; x_wconf 86' lang='lat' dir='ltr'>partimin</span> <span class='ocrx_word' id='word_1_467' title='bbox 1058 4975 1157 5030; x_wconf 79' lang='lat' dir='ltr'>vitrum</span> <span class='ocrx_word' id='word_1_468' title='bbox 1185 4974 1286 5044; x_wconf 91' lang='lat' dir='ltr'>partim</span> <span class='ocrx_word' id='word_1_469' title='bbox 1311 4975 1339 5029; x_wconf 93' lang='lat' dir='ltr'>in</span> <span class='ocrx_word' id='word_1_470' title='bbox 1366 4974 1500 5045; x_wconf 90' lang='lat' dir='ltr'>parietem</span> 
     </span>
     <span class='ocr_line' id='line_1_49' title="bbox 140 5051 838 5128; baseline -0.003 -18"><span class='ocrx_word' id='word_1_471' title='bbox 140 5056 288 5128; x_wconf 80' lang='lat' dir='ltr'>impingat</span> <span class='ocrx_word' id='word_1_472' title='bbox 332 5056 474 5121; x_wconf 80' lang='lat' dir='ltr'>cometam</span> <span class='ocrx_word' id='word_1_473' title='bbox 494 5055 522 5109; x_wconf 92' lang='lat' dir='ltr'>in</span> <span class='ocrx_word' id='word_1_474' title='bbox 543 5055 651 5125; x_wconf 89' lang='lat' dir='ltr'>pariete</span> <span class='ocrx_word' id='word_1_475' title='bbox 672 5054 786 5110; x_wconf 79' lang='lat' dir='ltr'>uidebis.</span> <span class='ocrx_word' id='word_1_476' title='bbox 800 5051 838 5125; x_wconf 72' lang='grc' dir='ltr'>υ)</span> 
     </span>
    </p>
   </div>
   <div class='ocr_carea' id='block_1_7' title="bbox 0 0 1854 5842">
    <p class='ocr_par' dir='ltr' id='par_1_11' title="bbox 0 0 1854 5842">
     <span class='ocr_line' id='line_1_50' title="bbox 0 0 1854 5842; baseline 0 0"><span class='ocrx_word' id='word_1_477' title='bbox 0 0 1854 5842; x_wconf 95' lang='lat' dir='ltr'> </span> 
     </span>
    </p>
   </div>
  </div>
 </body>
</html>
