3692 5842
812 488 984 555 oapamn
1006 488 1031 541 1.

608 700 637 766 1.
671 700 831 766 Occasio
856 704 1091 785 quaestionis
1114 705 1234 787 hujus.

326 843 406 910 com
428 844 694 908 animadvertisset
716 846 819 928 Tycho
842 846 980 908 Braheus
1004 847 1100 909 nostri
1123 849 1216 911 seculi
1238 848 1446 929 Hipparchus,
1471 851 1600 932 eclipses

242 934 331 1010 Solis,
353 954 409 998 seu
431 954 486 1016 per
509 936 645 997 canalem
668 935 770 997 radius
784 936 1036 998 intromitteretur
1059 956 1111 997 seu
1136 938 1230 999 oculis
1254 938 1458 1017 exciperetur,
1482 960 1601 1022 semper

240 1024 381 1089 exhibere
402 1025 582 1087 diametrum
596 1025 700 1090 Lunae
720 1027 815 1087 multo
838 1026 992 1095 minorem,
1016 1045 1104 1106 quarn
1123 1026 1177 1087 illa
1195 1028 1225 1088 in
1245 1027 1482 1109 oppositionibus
1502 1050 1600 1112 appa-

239 1123 329 1189 raret,
353 1113 555 1195 suspicionem
577 1114 673 1195 primo
697 1115 845 1194 concepit,
871 1134 960 1195 quam
984 1115 1109 1195 denique
1129 1117 1233 1195 justae
1257 1117 1427 1179 sententiae
1451 1118 1517 1180 loco
1542 1121 1598 1182 de-

238 1204 334 1267 fendit
366 1211 400 1266 et
430 1204 461 1266 in
483 1204 787 1286 Progymnasmatum
816 1212 897 1266 torno
931 1205 957 1265 I.
993 1213 1098 1284 aperte
1128 1207 1285 1285 professus
1318 1213 1386 1267 est:
1421 1207 1535 1270 Lunam
1566 1210 1597 1271 in

237 1292 498 1373 conjunctionibus
522 1311 579 1353 non
604 1293 733 1355 retinere
757 1294 883 1354 eandem
907 1293 1057 1355 visibilem
1081 1294 1274 1370 diametrum,
1305 1315 1395 1377 quam
1418 1295 1447 1357 in
1472 1298 1598 1378 opposi-

236 1382 369 1445 tionibus
392 1382 511 1457 habuit,
542 1383 597 1443 sed
620 1382 650 1444 vi
673 1383 791 1445 luminis
815 1381 932 1444 Solaris
957 1384 1107 1462 margines
1131 1384 1197 1463 ejus
1220 1386 1387 1458 extenuari,
1413 1387 1515 1464 optica
1538 1387 1597 1450 ali-

236 1491 294 1554 qua
317 1471 436 1533 ratione
460 1471 491 1533 id
514 1481 706 1551 suggerente.
755 1473 922 1550 Propterea
946 1473 1032 1551 quasi
1060 1473 1116 1534 hoc
1139 1474 1310 1535 universale
1334 1481 1431 1549 esset,
1462 1476 1599 1539 tabulam

235 1560 526 1623 semidiametrorum
554 1579 608 1640 pro
637 1561 796 1622 noviluniis
825 1562 1008 1641 peculiarem
1037 1562 1182 1623 exhibuit.
1229 1563 1271 1626 Et
1298 1582 1363 1625 cum
1395 1583 1473 1625 anno
1500 1562 1597 1630 1600.

235 1651 273 1711 ad
299 1647 440 1713 Cierium
464 1649 645 1730 scripsisset,
675 1650 775 1712 mirari
799 1670 831 1711 se
856 1650 968 1719 aiebat,
992 1650 1087 1712 visam
1113 1649 1220 1713 Clavio
1244 1672 1322 1713 anno
1349 1648 1443 1715 1560.
1469 1656 1596 1717 totalem

234 1739 360 1840 qclipsin
395 1739 424 1801 in
452 1738 613 1800 Lusitania
646 1740 845 1819 tenebrasque
879 1740 1010 1801 interdiu
1043 1749 1204 1801 nocturnas
1229 1746 1409 1811 (nunonis.
1430 1747 1505 1818 72),
1537 1764 1592 1807 nec

233 1829 313 1890 cuim
335 1828 403 1909 pati
425 1848 481 1890 sua
503 1829 679 1903 observata,
702 1837 737 1889 ut
760 1827 815 1890 Sol
838 1849 857 1889 a
880 1829 968 1889 Luna
993 1830 1184 1909 quantumvis
1207 1830 1374 1891 humillima
1397 1838 1479 1892 totus
1502 1840 1593 1911 tega-

233 1926 293 1980 tur.
342 1916 487 1979 Ceterum
513 1936 573 1979 non
604 1938 672 1979 csse
702 1919 842 1979 standum
870 1918 908 1978 ab
941 1918 998 1979 hac
1023 1918 1313 1981 semidiametrorum
1337 1919 1465 1990 tabella,
1490 1922 1593 1983 docuit

233 2006 359 2086 eclipsis
389 2006 486 2078 Solis,
519 2026 595 2086 quae
624 2026 702 2068 anno
736 2002 831 2069 1601.
859 2007 1021 2068 Decembri
1054 2007 1158 2068 statim
1190 2016 1262 2087 post
1290 2017 1418 2069 mortem
1442 2010 1597 2091 Tychonis

234 2104 341 2159 secuta
365 2103 429 2170 est,
459 2096 496 2157 de
525 2096 636 2175 quain
668 2096 833 2176 appendice
861 2097 901 2156 ad
923 2097 1198 2179 Progymnasmata
1230 2097 1393 2158 admonitio
1427 2098 1509 2159 facta
1537 2107 1596 2161 est.

236 2184 327 2256 Quod
359 2186 544 2247 sententiam
578 2185 690 2246 attinet
720 2185 833 2264 ipsam,
873 2186 1002 2265 primum
1040 2187 1095 2247 hoc
1128 2194 1177 2247 est
1209 2187 1327 2248 omnino
1363 2188 1595 2263 concedendurn,

233 2274 332 2336 rideri
355 2275 472 2336 Lunam
504 2274 623 2353 plenam
647 2275 733 2354 justo
762 2275 926 2353 majorem:
959 2274 1010 2335 alii
1043 2283 1144 2336 tamen
1173 2275 1285 2336 homini
1316 2276 1415 2336 aliter.
1463 2278 1494 2337 Is
1518 2278 1597 2340 enim

233 2363 416 2444 praecipuus
440 2362 549 2441 capitis
574 2363 614 2425 V.
639 2382 749 2442 scopus
773 2363 847 2436 fuit,
882 2364 1042 2425 ostendere
1070 2382 1179 2426 causas
1210 2384 1249 2425 ex
1276 2364 1344 2443 ipsa
1366 2363 1450 2425 visus
1474 2367 1597 2427 confor-

233 2452 387 2526 matione,
421 2472 474 2515 cur
497 2451 711 2531 ampliarentur
734 2453 886 2531 margines
909 2471 1007 2513 rernm
1031 2453 1214 2528 lucidamm,
1248 2454 1428 2532 praesertim
1452 2454 1482 2515 in
1507 2463 1596 2516 tenc-

234 2541 309 2605 bris.
356 2541 415 2602 ffic
439 2541 540 2621 itaque
564 2541 669 2603 Lunae
694 2542 844 2620 margines
869 2560 926 2602 non
952 2550 1152 2603 extenuantur
1175 2544 1205 2603 vi
1229 2543 1349 2603 luminis
1373 2540 1506 2617 Solaria,
1542 2543 1596 2605 sed

235 2630 422 2711 ampliantur
450 2630 481 2691 vi
515 2630 634 2692 luminis
659 2631 787 2692 Lunaris
817 2650 854 2691 ex
878 2630 949 2691 Sole
983 2632 1204 2693 communicati.
1251 2633 1317 2692 Hoc
1346 2632 1448 2711 itaque
1478 2651 1516 2693 ex
1539 2633 1595 2694 hcc

235 2722 302 2783 loco
327 2719 491 2799 diligenter
513 2721 677 2780 notandum
702 2730 749 2780 est
772 2728 963 2790 astronomc,
994 2720 1052 2782 nisi
1076 2720 1143 2781 visu
1168 2720 1342 2782 acutissimo
1372 2730 1404 2783 et
1432 2721 1595 2783 fortissimo

235 2809 466 2889 depraedicans,
491 2809 626 2889 ineptum
650 2829 717 2870 esse
741 2810 780 2870 ad
800 2809 903 2870 Lunae
929 2810 1107 2872 diametrum
1131 2810 1159 2871 in
1180 2809 1342 2890 plenilunio
1366 2810 1443 2872 citra
1466 2830 1597 2873 errorem

237 2900 335 2961 oculis
360 2899 584 2972 dimetiendam,
609 2898 743 2977 adeoque
767 2898 797 2958 id
820 2898 872 2959 vix
895 2899 948 2960 ulli
971 2899 1121 2960 hominum
1145 2901 1330 2979 contingere.

325 2987 444 3050 Deinde
469 2995 500 3048 et
523 2988 580 3049 hoc
608 2987 831 3049 concedendum
855 2996 918 3061 est,
953 2989 982 3048 in
1008 2988 1079 3050 Sole
1107 2988 1263 3050 deficiente
1292 2988 1436 3051 terminos
1461 2996 1493 3050 et
1516 2988 1597 3050 circa

235 3076 340 3141 Solem
365 3086 397 3139 ct
420 3096 525 3138 versus
549 3077 666 3138 Lunam
696 3076 921 3156 subingressam
951 3077 981 3137 in
1005 3077 1071 3138 risu
1096 3078 1237 3154 dilatari,
1269 3080 1347 3159 quod
1371 3097 1463 3158 supra
1485 3078 1514 3139 in
1538 3079 1595 3140 fine

235 3167 347 3248 capitis
372 3166 467 3247 quinti
491 3186 528 3228 ex
551 3166 629 3227 oculi
648 3166 752 3226 itidem
771 3166 1007 3227 conformatione
1033 3174 1064 3227 ct
1082 3167 1202 3228 videndi
1221 3168 1337 3228 ratione
1358 3168 1595 3230 demonstratum

234 3265 290 3318 ast
341 3254 485 3317 Ceterum
509 3256 557 3316 hic
581 3256 742 3335 diligenter
772 3265 893 3335 oportet
926 3256 1113 3335 distinguere
1137 3256 1216 3317 iuter
1239 3276 1294 3327 ea,
1327 3276 1403 3336 quae
1433 3256 1529 3329 visui,
1565 3263 1595 3317 et

236 3364 311 3427 quae
335 3354 456 3406 remota
478 3344 560 3405 visus
585 3345 826 3405 consideratione
851 3344 1000 3405 accidunt.
1048 3342 1134 3414 Quae
1158 3347 1235 3407 enirn
1260 3345 1336 3406 visui
1360 3345 1516 3418 accidunt,
1540 3362 1595 3423 per

235 3434 402 3515 singularia
424 3436 558 3496 variant:
584 3453 660 3514 quae
683 3452 754 3495 vero
778 3454 809 3495 re
828 3452 902 3494 vera
924 3435 1007 3506 fiunt,
1032 3433 1062 3494 in
1087 3434 1192 3495 eodem
1215 3434 1370 3495 horizonte
1395 3442 1465 3496 sunt
1489 3433 1593 3494 unius-

234 3524 326 3587 modi.
375 3523 421 3585 At
444 3542 511 3586 cum
535 3523 572 3584 de
596 3543 631 3584 eo
655 3532 772 3602 agatur,
798 3522 861 3583 dies
886 3543 924 3583 an
948 3541 1008 3583 nox
1030 3523 1072 3583 sit
1095 3522 1196 3583 futura
1218 3524 1274 3585 sub
1298 3522 1423 3602 eclipsin
1444 3520 1535 3596 Solis,
1562 3528 1593 3581 et

235 3613 354 3676 omuino
385 3621 478 3693 quota
500 3632 571 3693 pars
595 3612 669 3674 lucis
694 3613 815 3674 diurnae
840 3612 881 3673 sit
902 3611 1057 3692 peritura?
1090 3613 1203 3673 frustra
1226 3612 1265 3674 ad
1287 3612 1370 3673 visus
1393 3611 1469 3671 vitia
1492 3610 1592 3687 respi-

235 3703 327 3771 citur,
363 3703 413 3782 qui
437 3702 495 3763 etsi
517 3702 547 3763 in
570 3722 629 3763 uno
658 3702 758 3782 aliquo
786 3701 904 3763 homine
928 3702 1048 3783 penitus
1074 3702 1209 3775 deficiat,
1242 3721 1302 3762 non
1326 3710 1426 3763 tamen
1450 3718 1510 3761 uua
1533 3697 1593 3759 diei

233 3790 334 3854 lumen
359 3792 469 3854 ceteris
493 3790 661 3853 hominibus
684 3792 841 3872 extinguit.
879 3794 986 3871 Itaque
1011 3791 1066 3853 hoc
1086 3790 1150 3871 jam
1170 3792 1301 3853 secundo
1321 3790 1469 3852 notabunt
1488 3798 1590 3850 astro-

234 3881 332 3953 nomi,
360 3900 418 3942 non
442 3900 511 3943 esse
534 3880 610 3942 visui
629 3881 780 3942 fidendum
802 3900 896 3961 neque
921 3882 958 3942 de
982 3900 1104 3942 numero
1128 3881 1290 3960 digitorum
1312 3898 1407 3960 usque
1432 3878 1469 3939 de
1494 3895 1592 3955 augu-

233 3972 296 4033 stia
319 3970 474 4032 interioris
502 3977 534 4032 et
556 3970 623 4031 cavi
654 3970 756 4032 circuli
780 3968 883 4031 Solem
912 3971 1118 4044 terminantis,
1153 3970 1201 4052 qui
1232 3978 1280 4031 ast
1312 3969 1439 4031 circulus
1462 3964 1593 4028 Lunaris

233 4058 381 4139 corporis.
405 4056 529 4123 Etenim
551 4061 599 4122 hic
623 4078 747 4123 revera
769 4059 798 4120 in
822 4060 889 4121 visu
912 4068 1016 4121 nostro
1040 4059 1191 4140 margines
1214 4060 1327 4133 Lunae,
1353 4066 1387 4119 ut
1410 4056 1511 4138 Tycho
1537 4053 1591 4125 ait,

231 4156 437 4212 extenuantur
457 4150 487 4213 vi
511 4146 628 4213 Solaris
647 4148 776 4225 luminis,
802 4168 855 4211 seu
875 4149 977 4230 potius
996 4149 1147 4230 margines
1162 4148 1278 4212 Solaris
1299 4145 1465 4229 particulae
1487 4145 1591 4205 lucen-

230 4239 274 4302 tis
299 4238 493 4319 ampliantur.

323 4329 395 4391 Non
418 4337 466 4391 est
489 4328 591 4407 itaque
620 4325 658 4388 ab
682 4327 739 4389 hoc
762 4326 845 4388 visus
878 4326 1034 4389 accidente
1067 4326 1107 4388 ad
1136 4326 1165 4387 id
1199 4318 1482 4404 argumentandum,
1514 4312 1594 4394 quod

231 4417 315 4481 citra
344 4416 429 4479 visus
462 4416 733 4481 considerationem
765 4415 894 4490 accidit3
929 4435 1024 4496 nequa
1057 4416 1179 4477 tabulas
1203 4414 1232 4474 in
1256 4412 1339 4472 visus
1363 4406 1493 4486 gratiam
1517 4420 1592 4464 con-

229 4508 369 4583 dendae,
403 4526 479 4588 quae
502 4525 599 4587 neque
623 4525 686 4567 rem
709 4505 807 4585 ipsam
830 4526 926 4585 neque
956 4506 1085 4567 omnium
1113 4506 1231 4566 visuum
1253 4499 1329 4562 vitia
1352 4496 1590 4573 repraesentent

230 4595 303 4660 Non
329 4596 421 4658 debet
444 4598 522 4659 euim
546 4595 705 4677 quicquam
732 4604 889 4676 praestare
919 4603 1109 4657 astronomus
1137 4598 1258 4674 praeter
1282 4607 1331 4659 ca,
1365 4600 1440 4663 quae
1464 4599 1496 4642 re
1520 4594 1593 4637 vera

233 4686 388 4749 accidunt.
435 4687 543 4749 Visum
566 4703 638 4746 vero
662 4686 786 4748 medicis
809 4685 1003 4766 relinquimus
1027 4681 1255 4745 emendandum.

325 4774 415 4847 Quod
440 4795 510 4839 vero
534 4775 627 4837 etiam
649 4794 703 4854 per
727 4776 864 4837 canalem
888 4774 975 4854 (quia
997 4780 1029 4835 et
1050 4773 1108 4835 hoc
1131 4768 1233 4852 Tycha
1257 4780 1329 4823 usus
1353 4759 1415 4829 est)
1494 4767 1591 4827 8

236 4872 314 4928 stum
346 4865 483 4928 foramen
511 4872 655 4945 exceptus
687 4864 769 4928 Solis
802 4863 967 4926 deliciantis
999 4862 1103 4925 radius
1135 4855 1280 4920 terminos
1311 4850 1447 4910 lucentes
1477 4838 1592 4941 profert

237 4954 411 5037 Lunamque
435 4956 580 5018 minorem
603 4954 718 5034 arguit,
750 4954 782 5015 id
810 4962 929 5016 tautum
961 4953 1050 5014 abest
1080 4957 1114 5011 nt
1135 4961 1240 5007 veram
1262 4940 1369 5002 Lunae
1393 4933 1593 5015 quantitatem

238 5045 393 5123 ostendat,
425 5053 460 5109 ut
480 5046 583 5127 potius
605 5043 675 5108 hinc
697 5044 872 5109 occasiones
904 5041 1099 5124 apparuerint
1130 5052 1223 5114 supra
1245 5045 1315 5108 cap.
1338 5024 1380 5086 II.
1404 5018 1511 5103 quibus
1533 5014 1590 5076 de-
