3692 5842
250 451 316 524 Μ
743 461 917 509 utrumne
935 457 997 509 Pata
1014 458 1114 523 Optlca.

250 667 258 676 ·
342 632 444 703 Quare
477 647 532 693 err
540 633 589 693 bis
618 634 770 737 ‘aequitum
799 634 898 698 ΒΘΑ
934 636 1101 756 angulum
1121 625 1235 698 itidem
1266 635 1305 697 ab
1337 635 1523 698 astronomis
1552 636 1613 698 dici

246 722 461 804 parallaxin
486 721 606 786 ridetis
618 715 711 784 teo.
821 741 832 756 ··

249 831 254 864 r
337 812 436 889 Holus
460 823 539 889 ωηο
555 812 747 890 parallaxeos
772 812 890 874 divlnus
914 822 961 873 est
985 829 1057 873 usus
1081 813 1110 872 in
1135 812 1326 875 astronomia.
1361 811 1611 896 Quotiescunque

246 917 375 981 namque
398 900 488 975 DE,¹
504 915 592 962 arcus
624 900 789 961 distantiae
822 917 911 961 verae
943 901 1052 962 sideris
1081 902 1237 963 avertite
1257 902 1308 964 ad
1335 901 1453 963 eertum
1486 903 1610 982 aliquod

247 998 448 1061 momentum,
481 1005 519 1049 ex
543 989 747 1052 astronomica
774 991 913 1051 doctrina
937 990 1031 1069 (quod
1055 991 1089 1051 lit
1110 991 1203 1053 variis
1214 992 1341 1065 moilla)
1364 989 1470 1052 baberi
1494 1001 1607 1070 potest,

247 1089 280 1139 ct
302 1080 357 1140 DF
385 1097 473 1139 arcus
507 1078 670 1138 distantiae
699 1078 825 1139 visibilis
856 1100 875 1140 a
906 1078 1021 1140 vertice
1052 1079 1260 1141 instrumentis
1288 1080 1406 1141 idoneis
1438 1089 1473 1141 et
1505 1080 1610 1141 debita

247 1168 418 1238 subtilitate
442 1168 480 1228 ad
505 1167 535 1226 id
564 1176 746 1228 momentum
776 1169 909 1247 capitur,
937 1176 974 1228 nt
995 1168 1038 1227 ita
1060 1168 1116 1229 BF
1141 1169 1306 1247 parellaals
1335 1169 1502 1231 habeatnr:
1538 1177 1608 1230 tunc

243 1258 310 1337 jam
335 1256 464 1316 innotuit
487 1254 558 1328 AG,
584 1256 737 1335 proportio
762 1258 839 1318 situs
863 1258 911 1318 vel
934 1256 1110 1317 remotionis
1133 1249 1241 1319 sideris
1265 1257 1441 1319 verissimae
1466 1267 1606 1337 respecto

247 1346 387 1408 diametri
417 1344 516 1406 muudi
548 1346 586 1403 ad
619 1345 677 1405 AB
709 1346 963 1406 semidiametrum
996 1344 1135 1407 Telluris.
1179 1343 1223 1407 Bt
1254 1346 1361 1408 nititur
1392 1345 1515 1426 quidem
1552 1347 1607 1407 bac

243 1435 441 1514 parallaxeon
463 1432 543 1493 Solis
567 1444 598 1493 st
614 1434 718 1494 Lunae
742 1435 970 1495 doctrinarum
994 1434 1109 1513 reliqua
1132 1436 1327 1504 astronomia,
1352 1444 1416 1497 tum
1438 1435 1603 1516 praecipue

245 1522 382 1584 doctrina
406 1522 563 1600 eclipsium
587 1520 677 1583 Solis.
725 1523 833 1602 Itaque
855 1521 1023 1602 parallaxis
1046 1520 1113 1595 illa,
1148 1541 1224 1603 quae
1258 1524 1286 1585 in
1319 1523 1459 1586 verticall
1491 1525 1605 1586 circulo

246 1610 466 1683 consideratur,
501 1609 583 1671 varis
613 1608 815 1685 distabuitur,
851 1613 898 1671 vel
922 1611 953 1673 iu
977 1611 1097 1690 longum
1121 1619 1152 1673 et
1177 1612 1271 1673 latum
1299 1630 1354 1693 per
1376 1612 1551 1692 eclipticam
1575 1622 1605 1674 et

243 1699 371 1762 circulos
395 1697 573 1774 latitudinis,
599 1719 656 1778 qno
680 1701 796 1761 nomine
820 1701 887 1781 ipsa
910 1708 976 1761 tota
999 1703 1202 1777 ausoniaene,
1229 1711 1349 1763 ceteras
1373 1702 1523 1764 alterutro
1545 1721 1604 1764 no·

244 1789 322 1850 ruine
347 1787 502 1850 fficnutur:
528 1789 575 1848 vel
601 1789 790 1851 distribuitur
811 1805 866 1868 per
889 1799 1083 1868 aequatorem
1108 1800 1140 1850 et
1161 1791 1290 1852 circulos
1314 1789 1553 1852 declinationum
1576 1791 1604 1851 in

240 1878 411 1958 parallarin
437 1876 622 1939 ascensionis
645 1887 748 1939 rectae
772 1888 804 1940 et
827 1878 1046 1951 declinationis,
1071 1886 1161 1957 prout
1179 1887 1419 1942 astronomorum
1437 1897 1513 1941 usus
1533 1880 1602 1941 lert.

242 2015 273 2081 d.
310 2016 601 2080 Parallaxeon
639 2020 936 2099 quotidianarum
974 2021 1006 2081 in
1041 2021 1187 2098 longum
1220 2028 1258 2082 et
1288 2021 1402 2084 latum
1437 2019 1603 2084 diductio

308 2106 490 2170 facillima
519 2116 556 2168 st
582 2108 954 2188 compendiosissima
985 2128 1050 2194 per
1078 2128 1206 2172 novam
1236 2110 1539 2190 parallacticam.

328 2232 531 2294 Parallaxeon
556 2232 694 2293 doctrina
716 2233 909 2313 praecipuam
942 2234 971 2295 in
1003 2231 1164 2313 eclipsibus
1188 2232 1270 2295 Solis
1298 2239 1384 2295 creat
1418 2236 1602 2298 astronomis

240 2322 427 2395 molestiam,
463 2322 597 2400 adeoque
622 2323 670 2383 vel
695 2325 733 2383 ob
758 2324 833 2384 bunc
867 2325 964 2385 solum
998 2324 1130 2384 laborem
1155 2339 1213 2384 non
1236 2322 1357 2398 mirum,
1389 2324 1416 2386 si
1440 2324 1604 2405 negligitur

242 2411 437 2474 astronomia.
484 2409 551 2472 Hoc
584 2411 686 2492 itaque
719 2430 837 2491 semper
865 2411 923 2473 sibl
955 2412 1036 2473 laudi
1064 2413 1214 2473 duxerunt
1245 2411 1392 2487 artifices,
1422 2414 1601 2494 compendio

236 2501 344 2582 juvare
368 2500 535 2562 universos.
570 2499 762 2563 Ptolemaeus
782 2502 935 2581 egregiam
958 2519 1081 2581 operam
1104 2502 1261 2581 praestitit
1278 2500 1433 2581 descripta
1450 2502 1603 2566 luculenta

242 2585 431 2652 dumosae
453 2589 646 2665 varietatum,
670 2609 746 2671 quae
766 2591 884 2652 suntin
908 2590 1123 2671 parallaribus.
1155 2589 1353 2661 Reinboldns,
1376 2590 1492 2652 tabulis
1516 2592 1601 2653 labo·

242 2680 410 2743 riosiasims
434 2680 579 2741 conlectis
601 2681 641 2741 ad
665 2681 825 2760 plerasque
848 2680 910 2759 poli
934 2680 1129 2755 elevationes,
1155 2679 1343 2741 existimarit
1369 2698 1404 2741 ae
1432 2680 1601 2743 rudioribus

241 2768 410 2842 subvenire,
433 2787 537 2830 verum
561 2768 781 2848 ingeniosorum
805 2770 944 2831 ardorem
968 2769 1070 2830 taedio
1094 2768 1284 2849 quaerendae
1306 2768 1403 2849 partis
1426 2771 1601 2850 proportio·

241 2858 321 2921 nalis
353 2859 513 2938 oppressit.
562 2857 668 2940 ltaque
696 2858 798 2941 Tycbo
828 2857 928 2919 Brabe
960 2857 1116 2919 revocavit
1145 2866 1334 2919 astronomos
1365 2858 1405 2919 ad
1438 2857 1601 2939 triangula,

239 2947 421 3010 monstratis
445 2946 594 3008 nonnullis
618 2949 802 3027 compendiis
825 2947 879 3009 illa
902 2945 1049 3010 solvendi.
1096 2947 1198 3009 Labor
1222 2955 1323 3008 tannen
1348 2947 1442 3009 etiam
1471 2946 1522 3010 lric
1545 2949 1600 3010 im·

240 3038 338 3098 mania
362 3044 418 3099 est.
466 3035 618 3098 Existimo
648 3037 767 3117 itaque,
798 3035 825 3097 si
854 3038 959 3099 borum
988 3045 1143 3098 auctorum
1176 3038 1313 3116 exempla
1346 3035 1484 3098 imitatus
1510 3035 1598 3119 Sisy·

241 3125 345 3206 phium
368 3125 446 3185 bunc
470 3126 602 3204 lapidem
624 3127 746 3187 tandem
771 3134 855 3187 trans
884 3127 989 3205 jugum
1015 3126 1190 3205 persolvero
1214 3144 1250 3186 us
1273 3143 1361 3205 porro
1391 3125 1525 3201 recidat,
1556 3145 1599 3188 me

242 3215 415 3277 nonnullam
439 3215 478 3274 ab
502 3215 682 3277 astronomis
702 3215 833 3295 gratiam
858 3233 980 3295 sperare
1004 3215 1123 3277 debers.

334 3303 410 3365 Dico
426 3304 560 3382 primurn,
581 3323 702 3365 omnes
721 3304 936 3385 parallaxes
957 3302 1182 3378 latitudinis,
1202 3303 1235 3364 iu
1256 3320 1468 3383 quocunqne
1487 3305 1600 3384 gradu

242 3394 442 3473 eclipticas
459 3394 559 3454 Luna
578 3395 634 3454 vel
656 3392 741 3455 Sole
761 3402 951 3465 versante,
976 3411 1058 3453 esse
1078 3392 1273 3471 aequales:
1297 3393 1487 3455 dummodo
1509 3392 1600 3455 idem

241 3484 444 3564 eclipticas
467 3491 637 3561 punctum
661 3484 697 3544 in
722 3483 846 3544 eadem
870 3483 947 3562 poli
971 3482 1173 3543 altitudine
1197 3481 1250 3541 sit
1268 3480 1303 3541 in
1327 3491 1421 3554 ortu,
1448 3481 1600 3545 sthna

241 3574 456 3654 aequaliter
480 3593 499 3632 a
522 3571 604 3633 visu
629 3572 759 3634 distet.
799 3570 912 3633 Centro
930 3573 969 3641 A,
994 3572 1071 3650 qnod
1096 3578 1304 3650 repraesentet
1321 3579 1458 3632 centrum
1477 3571 1599 3644 Terrae,

242 3664 394 3726 scribatur
422 3662 548 3723 circulus
573 3661 685 3723 Terrae
713 3661 861 3722 maximus
885 3661 950 3733 BF,
980 3660 1009 3720 in
1037 3676 1094 3741 quo
1118 3659 1143 3720 B
1168 3661 1209 3720 ait
1238 3659 1320 3720 locus
1348 3660 1554 3738 spectatoris:
1578 3662 1600 3723 F

239 3769 314 3814 vero
338 3752 379 3813 sit
402 3751 568 3829 subjectum
595 3750 666 3830 polo
699 3748 869 3829 eclipticas:
904 3758 938 3810 ut
961 3749 1005 3811 ita
1028 3757 1060 3810 et
1084 3749 1130 3809 bic
1157 3748 1286 3820 circulus
1310 3757 1341 3809 st
1370 3767 1475 3811 omnes
1504 3752 1600 3813 lineas

240 3840 338 3921 ipsum
371 3848 511 3901 secantes
547 3840 609 3901 siut
636 3840 666 3901 in
697 3840 787 3919 plano
820 3838 923 3900 circuli
955 3837 1137 3910 latitudinis,
1172 3836 1221 3917 qui
1245 3837 1323 3897 idern
1350 3837 1392 3898 sit
1414 3847 1448 3899 et
1474 3839 1600 3903 circulus

240 3928 409 4002 verticalis,
434 3929 505 4008 qnia
527 3948 582 4010 per
605 3928 630 3990 B
655 3928 752 3989 locum
776 3927 959 4006 spectatoris
986 3926 1106 3988 transit.
1153 3926 1290 3986 Ducatur
1317 3934 1418 3987 auteur
1441 3928 1499 3989 AB
1526 3929 1601 3991 linea

240 4018 427 4080 contendens
451 4019 490 4079 ad
514 4017 659 4079 verticale
683 4026 827 4097 puuctum
850 4016 880 4077 in
906 4014 942 4090 L,
968 4017 1041 4076 item
1065 4016 1120 4076 AF
1144 4015 1232 4087 linea,
1256 4014 1296 4076 ad
1319 4016 1420 4094 polum
1443 4016 1601 4097 eclipticas

239 4108 444 4180 contendens,
480 4107 565 4186 eique
590 4106 629 4167 ad
653 4114 752 4169 rectos
777 4106 806 4167 in
831 4106 935 4168 eodem
959 4107 1050 4183 plano
1074 4102 1199 4164 insistat
1221 4100 1300 4176 AG,
1333 4122 1410 4184 quae
1439 4108 1602 4169 conoeodet

240 4197 279 4259 ad
310 4197 437 4277 gradum
472 4197 716 4275 nonagesimum,
751 4196 820 4274 quia
853 4193 939 4255 Gne*
972 4202 1072 4255 rectus
1103 4204 1135 4253 et
1158 4193 1214 4253 AF
1242 4194 1270 4252 iu
1304 4193 1403 4271 polum
1435 4197 1599 4258 contendit.

241 4284 322 4357 Quia
344 4304 416 4348 vero
441 4286 497 4345 AB
527 4285 681 4365 proportio
712 4282 895 4345 insensibilis
919 4291 968 4343 est
992 4283 1029 4344 ad
1058 4281 1217 4361 sphaeram
1251 4281 1389 4354 fixamm,
1421 4282 1525 4362 itaque
1550 4303 1600 4365 per

241 4375 267 4436 B
293 4376 389 4436 locum
414 4375 541 4435 ducatur
565 4374 620 4456 ipsi
646 4370 707 4436 AG
731 4374 895 4452 parallelos
918 4372 960 4432 Bl
984 4380 1016 4432 et
1039 4371 1230 4432 continuetur
1249 4368 1310 4430 ΘΑ
1333 4371 1361 4431 in
1387 4371 1425 4446 ll,
1451 4370 1492 4434 lB
1511 4373 1543 4436 in
1561 4374 1599 4435 tt.

240 4464 309 4527 Erit
332 4466 423 4544 igitur
442 4464 487 4525 ΙΚ
510 4464 570 4543 jam
595 4461 755 4524 visibiliter
777 4462 806 4522 in
831 4461 982 4540 ecliptica.
1030 4460 1079 4522 Sit
1103 4469 1203 4521 autem
1224 4458 1311 4519 Luna
1333 4460 1389 4519 snb
1413 4461 1481 4539 ipsu
1505 4462 1600 4542 eclip-

239 4553 302 4616 tica
325 4554 353 4613 in
380 4551 409 4614 G
434 4563 561 4635 puncto,
588 4552 666 4633 qnod
691 4560 738 4612 est
762 4550 897 4611 verticuli
922 4549 1100 4628 proximum.
1149 4548 1311 4609 Videbitur
1334 4548 1387 4609 illa
1410 4565 1448 4609 ex
1471 4551 1498 4611 B
1524 4552 1601 4612 linea

240 4640 312 4717 BG,
345 4654 507 4723 propterea
536 4640 609 4703 GBl
640 4642 697 4703 erit
727 4640 793 4719 ejus
822 4639 989 4718 parallaxis
1023 4639 1052 4699 in
1085 4636 1231 4699 verticali.
1279 4636 1359 4697 Nam
1387 4637 1443 4697 AB
1476 4639 1516 4700 ad
1544 4638 1600 4702 BG

241 4733 394 4794 sensibilis
425 4740 472 4793 est
503 4740 533 4791 et
566 4729 734 4809 parallarin
767 4739 920 4789 causatur.
976 4728 1066 4801 Dico,
1101 4734 1287 4808 quotcunque
1318 4725 1415 4786 lineae
1444 4745 1483 4789 ex
1513 4728 1540 4789 B
1573 4730 1600 4787 iu

241 4822 363 4901 planum
388 4820 546 4899 eclipticas
564 4839 618 4898 per
633 4818 691 4880 Gll
710 4818 820 4879 lineam
844 4826 1093 4895 repraesentatae
1117 4817 1273 4889 ducuntur,
1299 4815 1442 4894 aequales
1462 4816 1520 4897 ipsi
1536 4816 1600 4888 BG,

241 4912 368 4987 angulos
392 4911 533 4989 aequales
558 4928 623 4970 cnm
646 4909 738 4988 plano
761 4907 921 4986 eclipticas
947 4908 1057 4968 iacere.
1095 4906 1230 4966 Ducatur
1253 4903 1333 4964 eninr
1356 4923 1394 4965 err
1418 4905 1445 4965 B
1468 4923 1600 4987 perpen-

241 4999 384 5062 dicularis
408 5000 437 5059 in
463 4997 532 5070 Gll,
557 5016 634 5078 quae
658 4998 700 5059 sit
722 4995 788 5057 BD.
835 4993 915 5064 Quia
946 4995 1049 5076 itaque
1075 4993 1130 5056 BD
1153 5002 1203 5054 est
1225 4993 1255 5054 in
1278 4991 1368 5072 plano
1398 4991 1505 5057 circuli
1529 4994 1600 5057 tari·
