3692 5842
799 476 831 528 s·
847 475 921 528 asu·
937 476 1040 543 opens.
1560 475 1603 543 ῃ
1677 487 1681 493 ’

243 654 431 736 limpidiores
454 654 517 717 sint
540 672 634 736 usqne
657 653 686 717 in
710 654 808 736 ipsum
829 672 934 735 purum
949 656 1120 732 aetherem,
1146 656 1209 717 iore
1229 657 1356 720 eandem
1380 656 1472 719 etiam
1495 656 1603 719 condi-

243 746 362 807 tionem
390 744 619 807 illuminationis
642 744 761 819 Lunae,
796 763 891 824 neque
924 745 986 806 iore
1021 744 1195 806 distinctum
1226 745 1349 810 limitem
1381 746 1459 809 inter
1488 745 1603 809 clarum

244 853 339 895 cornu
362 840 396 894 et
416 841 535 913 partem
558 833 727 907 mbentem,
752 851 819 895 cum
842 840 945 895 tamen
961 834 1053 895 talem
1068 823 1194 895 viderim
1218 835 1247 896 in
1263 845 1368 899 nostra
1381 834 1495 915 eclipsi.
1525 834 1603 907 Hoc,

243 923 383 1003 inquam,
408 923 525 984 unicum
549 921 640 1000 objici
662 929 776 1000 potest.
822 922 902 984 Nam
925 923 1003 1003 qnod
1027 922 1097 983 addi
1121 931 1239 1003 posset,
1265 924 1411 986 calculum
1426 924 1600 998 reclamare,

243 1030 311 1073 cnm
334 1029 392 1072 nos
414 1028 605 1073 assumamus
629 1010 807 1072 diametrum
830 1010 952 1072 umbrae
974 1009 1022 1086 νξ,
1052 1010 1102 1072 ille
1117 1029 1188 1072 vero
1203 1012 1314 1073 Terrae
1333 1009 1378 1086 ιζ,
1401 1011 1433 1073 id
1452 1013 1518 1073 leve
1542 1017 1601 1087 est,

244 1098 360 1162 sufficit
392 1100 471 1161 enim
502 1098 763 1181 quantulacunque
793 1100 968 1178 magnitudo
1001 1118 1145 1179 vaporum
1169 1096 1216 1174 ζξ,
1249 1101 1340 1163 ctiam
1373 1100 1403 1162 in
1437 1104 1603 1180 apparente

244 1189 353 1250 Lunae
376 1186 526 1251 diametro
548 1185 743 1250 insensibilis.
789 1185 852 1250 Sed
875 1188 1031 1252 mittamus
1055 1188 1148 1251 etiam
1172 1188 1249 1251 huuc
1272 1189 1393 1252 modum
1417 1189 1454 1252 ob
1478 1205 1602 1252 cansam

243 1277 369 1339 dictam.

334 1366 450 1427 Restat
480 1363 582 1444 itaque
609 1363 718 1425 tertius
741 1364 862 1439 modus,
895 1372 929 1427 ut
959 1368 1085 1428 eandem
1115 1385 1237 1431 cansam
1268 1374 1436 1429 statuamus
1461 1372 1492 1427 et
1513 1364 1602 1445 hujus

244 1454 401 1518 mbedinis
424 1460 458 1515 et
479 1452 646 1531 crepusculi
669 1453 757 1515 modo
779 1455 994 1535 propemodum
1018 1457 1138 1531 eodem,
1162 1464 1196 1518 ut
1218 1455 1330 1518 dictum
1354 1462 1417 1518 cst:
1446 1473 1552 1535 nempe
1575 1452 1603 1515 si

246 1543 346 1605 Terra
364 1541 464 1623 jaciat
486 1540 621 1604 umbram
644 1540 765 1618 calculi,
790 1559 847 1603 non
872 1544 1033 1606 accensitis
1049 1546 1160 1607 Terrae
1180 1544 1355 1625 vaporibus,
1378 1560 1507 1624 vapores
1530 1560 1602 1604 vero

246 1630 332 1694 Solis
354 1629 472 1692 radium
494 1635 528 1690 et
548 1630 761 1691 transmissum
792 1632 955 1693 secundum
979 1633 1113 1695 umbram
1137 1640 1169 1695 et
1197 1633 1386 1714 undiquaque
1411 1630 1604 1694 combibitum

245 1738 368 1784 rursum
390 1726 538 1798 spargant
561 1719 647 1798 qnasi
665 1718 832 1798 proprium,
855 1719 1043 1784 circulariter
1065 1730 1098 1784 ut
1113 1723 1210 1795 Luna,
1233 1739 1292 1782 nou
1315 1740 1370 1802 per
1393 1719 1605 1783 refractionem

244 1809 296 1871 vel
318 1808 522 1870 reflexionem.
570 1808 653 1869 Tunc
676 1807 755 1870 enim
777 1809 955 1888 relinquitur
978 1810 1093 1872 calculo
1123 1811 1294 1873 crassitudo
1317 1810 1448 1890 genuina
1471 1808 1603 1884 umbrae,

244 1905 280 1959 et
301 1913 433 1976 vapores
456 1896 537 1957 circa
559 1896 684 1958 Terram
706 1903 859 1959 extremos
882 1897 1004 1960 umbrae
1034 1890 1185 1978 margines
1215 1899 1426 1971 illustrabunt,
1459 1896 1604 1977 prohibe-

245 1987 415 2065 bunturque
439 1984 560 2063 objectu
583 1985 677 2066 ipsius
701 1986 827 2060 Terrae,
853 1985 1009 2067 quominus
1032 1989 1072 2049 ad
1095 1988 1239 2050 interiora
1263 1987 1385 2049 umbrae
1409 1987 1507 2048 lumen
1530 2003 1604 2065 pro·

246 2081 359 2155 rogent
382 2080 463 2143 (biota
482 2083 648 2149 innuptus:
681 2074 723 2136 Et
759 2082 861 2137 tamen
901 2093 959 2155 quo
989 2095 1117 2156 vapores
1156 2076 1246 2138 vicini
1276 2076 1403 2150 Terrae,
1446 2082 1537 2155 atque
1567 2090 1606 2135 ex

247 2180 285 2225 eo
309 2164 477 2226 crassiores
499 2164 627 2244 indeque
651 2161 819 2241 lucidiores,
842 2164 959 2227 radium
974 2166 1091 2245 objecto
1107 2166 1217 2227 Terrae
1232 2164 1429 2243 prohibentor
1451 2179 1604 2243 sporgere,

248 2271 286 2314 eo
309 2269 441 2332 vapores
464 2252 628 2315 exteriores
652 2252 804 2316 tenuiores
826 2253 982 2335 minusque
1015 2254 1103 2316 lucidi
1138 2261 1280 2333 poterunt
1311 2252 1408 2314 adhuc
1430 2250 1549 2313 radiare
1573 2254 1606 2311 et

248 2342 296 2403 sic
319 2342 411 2403 datur
432 2340 481 2415 id,
506 2341 585 2422 quod
607 2342 637 2403 in
662 2341 865 2423 experimento
889 2349 954 2412 est,
978 2363 1021 2406 sc.
1046 2343 1219 2406 continuum
1244 2341 1360 2404 ruboris
1384 2340 1606 2403 decrementum

248 2446 345 2510 usque
377 2430 417 2490 ad
451 2448 563 2491 meram
595 2431 731 2494 umbram
760 2430 825 2492 sine
850 2431 1009 2511 interjecto
1042 2431 1168 2494 notabili
1200 2431 1323 2508 limite),
1357 2428 1606 2510 quemadmodum

248 2518 343 2580 etiam
365 2517 396 2581 in
420 2519 596 2598 crepusculo
620 2520 671 2595 fit,
704 2527 768 2582 tum
797 2519 927 2582 habetur
956 2521 1033 2583 ratio
1065 2522 1278 2600 qualiscunque
1310 2518 1418 2580 coloris
1441 2508 1545 2579 Lunae
1575 2516 1605 2578 in

250 2607 416 2687 eclipsibus
440 2614 473 2668 et
500 2614 570 2669 tuno
594 2608 686 2670 etiam
710 2610 749 2670 ad
772 2609 929 2670 chasmate
954 2610 1055 2689 aliqua
1077 2628 1115 2670 ex
1134 2610 1190 2670 hoc
1212 2607 1333 2687 negotio
1358 2606 1515 2668 transferri
1535 2604 1605 2685 quid

246 2702 363 2776 potest.
411 2693 542 2775 Oportet
574 2697 651 2759 enim
685 2695 860 2777 imaginari,
892 2696 918 2758 si
951 2699 1017 2777 quis
1055 2699 1085 2759 in
1115 2699 1204 2759 Luna
1235 2696 1395 2769 existeret,
1433 2693 1505 2756 Sole
1535 2697 1606 2774 post

247 2786 375 2847 Terram
399 2784 503 2846 abdito
527 2785 658 2847 visurum
689 2787 772 2848 illum
795 2786 919 2847 Terram
948 2785 1045 2848 instar
1068 2786 1126 2849 atri
1151 2793 1182 2847 et
1205 2784 1359 2847 circularis
1395 2783 1511 2857 hiatus,
1544 2781 1606 2845 cir-

247 2873 401 2949 cumiecta
423 2892 510 2934 coma
533 2874 642 2936 lucida.
689 2874 751 2937 Sed
776 2874 911 2936 oriuntur
942 2876 1032 2936 etiam
1055 2876 1105 2936 hic
1129 2875 1341 2947 difficultates,
1373 2893 1432 2935 nno
1455 2871 1606 2952 generalis

248 2962 344 3024 totius
368 2962 498 3040 negotii,
529 2962 627 3024 altera
649 2964 770 3043 propria
792 2964 881 3042 hujus
905 2964 1041 3026 rationis.
1077 2961 1238 3025 Generalis
1262 2962 1337 3023 haee
1360 2970 1422 3035 est,
1447 2962 1525 3042 quod
1549 2979 1606 3021 ne-

247 3070 322 3129 gare
347 3069 407 3111 non
430 3068 603 3129 possumus,
628 3053 699 3131 quin
718 3052 795 3114 radii
819 3051 901 3114 Solis
926 3053 955 3114 in
980 3053 1140 3133 vaporibus
1165 3052 1277 3113 Terrae
1300 3051 1512 3130 refringantur.
1559 3047 1607 3112 Ex

248 3157 307 3219 qno
330 3137 481 3218 sequitur,
516 3139 604 3219 longe
635 3142 800 3202 breviorem
825 3148 856 3202 et
879 3142 1082 3222 angustiorem
1110 3160 1177 3202 esse
1201 3140 1336 3202 umbram
1359 3141 1486 3214 Terrae,
1518 3156 1607 3219 quarn

249 3229 353 3288 futura
378 3225 489 3288 inisset
511 3229 588 3289 citra
608 3229 828 3291 refractionem.
866 3228 999 3293 Duorum
1013 3231 1106 3310 igitur
1128 3231 1256 3291 alterum
1279 3229 1428 3309 seqnitur:
1454 3235 1506 3288 aut
1529 3227 1607 3287 enim

247 3316 383 3378 calculus
407 3317 550 3396 majorem
569 3317 653 3396 justo
682 3318 757 3378 lacit
778 3318 928 3393 umbram,
955 3328 1007 3381 aut
1031 3320 1056 3380 si
1081 3319 1287 3398 experimenta
1310 3315 1553 3379 observationum
1576 3313 1607 3375 in

247 3424 283 3466 eo
306 3404 461 3484 sequitur,
485 3413 547 3467 tom
571 3424 609 3468 ex
632 3406 749 3468 calculo
772 3426 831 3468 non
855 3408 932 3469 satis
955 3426 1066 3487 magna
1089 3409 1200 3469 Terrae
1224 3407 1319 3468 moles
1343 3405 1504 3483 colligitur.
1538 3402 1606 3464 Re-

247 3494 416 3574 spondetnr
438 3501 474 3555 ut
496 3512 603 3573 snpra,
627 3495 658 3556 id
678 3496 755 3575 qnod
779 3496 902 3556 umbrae
927 3515 981 3576 per
1004 3497 1213 3558 refractionem
1239 3495 1372 3568 decedit,
1399 3494 1445 3554 hic
1460 3493 1490 3553 in
1505 3490 1607 3553 Terris

247 3582 426 3644 insensibile
450 3601 528 3644 esse.
575 3584 686 3645 Altera
709 3584 871 3646 difficultas
895 3594 943 3645 est
965 3584 995 3644 in
1020 3604 1074 3658 eo,
1099 3583 1177 3663 quod
1197 3586 1327 3645 fortasse
1351 3601 1409 3643 non
1433 3582 1473 3642 sit
1498 3580 1607 3641 verisi-

246 3671 336 3747 mile,
362 3678 426 3732 tam
451 3671 560 3733 sortem
584 3673 678 3751 lucem
703 3672 832 3734 transire
846 3691 900 3752 per
923 3691 1069 3753 vapores,
1093 3680 1127 3733 ut
1142 3692 1178 3733 ea
1197 3672 1367 3733 illustratus
1382 3671 1486 3732 Lunae
1502 3685 1606 3747 margo

247 3760 347 3821 adhuc
371 3778 428 3838 pro
451 3760 550 3822 lucido
573 3762 689 3822 censeri
714 3769 832 3839 posset.
877 3760 1105 3839 Respondetur,
1132 3760 1200 3822 huic
1224 3761 1281 3840 ipsi
1304 3760 1524 3822 transeuntium
1549 3758 1606 3820 ob-

247 3847 388 3910 scuritati
412 3848 562 3909 radiorum
587 3850 756 3910 consentire
780 3850 997 3928 experimenta.
1044 3849 1124 3911 Nam
1146 3850 1235 3910 Luna
1265 3849 1356 3911 etiarn
1388 3868 1455 3910 curn
1478 3848 1607 3910 nondum

246 3937 377 3998 delicere
400 3936 514 4016 incepit
537 3945 589 3998 aut
609 3939 674 4017 jam
698 3938 818 4017 penitus
842 3939 948 4014 desiit,
982 3945 1083 3999 tamen
1118 3957 1156 4001 ex
1179 3939 1232 4000 illa
1264 3946 1368 4018 parte,
1401 3957 1460 4017 qna
1483 3935 1609 3998 vicinior

246 4033 295 4087 est
318 4025 460 4097 umbrae,
492 4025 603 4105 pallide
628 4027 726 4088 locere
750 4027 896 4102 cernitnr;
928 4036 959 4088 et
983 4036 1071 4102 nota,
1104 4035 1231 4108 quatuor
1259 4027 1403 4107 gradibus
1434 4027 1608 4087 decrescere

247 4116 350 4176 lumen
374 4114 480 4175 Lunae
503 4114 533 4175 in
557 4114 678 4194 eclipsi:
707 4115 803 4195 primo
827 4116 905 4177 enim
926 4136 964 4177 ex
987 4136 1022 4178 eo
1047 4118 1126 4191 loco,
1161 4135 1218 4195 quo
1242 4123 1306 4177 toto
1331 4115 1403 4178 Sole
1427 4114 1549 4189 fruitur,
1578 4112 1608 4172 in

246 4221 313 4264 enm
338 4202 596 4281 ingreditur,·nbi
619 4202 702 4266 Solis
725 4223 796 4284 pars
821 4205 952 4283 tegitur,
982 4205 1128 4286 paulatim
1151 4204 1249 4283 major
1273 4212 1364 4285 atque
1387 4204 1500 4282 major,
1531 4199 1609 4282 quod

245 4292 354 4371 incipit
377 4291 454 4353 satis
474 4291 559 4370 justo
583 4301 718 4372 tempore
742 4300 813 4355 ante
837 4294 1006 4367 defectum,
1031 4312 1125 4374 neque
1148 4294 1179 4355 in
1202 4293 1290 4355 Luna
1313 4292 1438 4355 multum
1462 4290 1607 4364 sancitum

245 4381 328 4443 alter
351 4380 481 4459 medus,
505 4399 572 4441 cum
595 4390 683 4461 parte
707 4381 753 4443 sui
777 4401 843 4442 eum
867 4383 964 4443 locum
987 4382 1166 4461 ingreditur,
1202 4381 1253 4443 ubi
1276 4382 1353 4445 radii
1374 4379 1456 4443 Solis
1480 4378 1609 4458 objectis

243 4470 360 4532 Terrae
383 4469 546 4548 vaporibus
570 4471 791 4551 quodammodo
814 4471 997 4533 hebetantur
1024 4480 1056 4532 et
1079 4478 1143 4533 tum
1166 4471 1299 4534 cernitur
1320 4469 1444 4550 pallere.
1493 4466 1555 4529 Sed
1577 4466 1608 4528 in

243 4558 293 4621 bis
318 4557 436 4619 dnobus
460 4558 556 4620 modis
580 4559 678 4621 adhuc
702 4560 800 4620 lucere
815 4560 903 4621 Luna
921 4568 1069 4622 censetur.
1105 4561 1207 4621 Tertio
1224 4561 1316 4639 igitur
1329 4557 1496 4637 ingreditur
1519 4557 1607 4618 umb-

242 4667 310 4710 ram
329 4648 448 4727 jactam
472 4667 491 4708 a
514 4646 602 4722 Sole,
626 4649 680 4709 sed
704 4655 808 4709 manet
831 4650 929 4709 adhuc
954 4650 981 4709 in
1007 4649 1071 4710 loce
1096 4668 1249 4728 vaporum.
1295 4648 1338 4719 Et
1361 4656 1430 4708 tunc
1460 4645 1548 4706 rubet
1578 4650 1610 4704 et

242 4746 350 4799 tamen
375 4735 469 4797 nihilo
499 4736 597 4798 secius
629 4738 755 4799 deficere
780 4736 889 4798 dicitur
912 4737 951 4798 ab
982 4737 1159 4799 hominibus.
1208 4735 1323 4806 Quarto
1348 4735 1469 4795 taudem
1492 4733 1608 4796 utrius·

244 4844 303 4908 que
318 4833 352 4887 et
366 4822 450 4887 Solis
473 4832 506 4886 et
529 4826 608 4887 aeris
631 4826 733 4888 radios
759 4826 865 4905 effugit
888 4827 917 4886 in
942 4825 1049 4887 intima
1072 4826 1192 4893 umbra,
1217 4825 1266 4885 nbi
1290 4830 1376 4886 caret
1394 4824 1473 4885 omni
1496 4841 1608 4904 propc-

243 4914 368 4978 modum
391 4913 510 4988 colore,
534 4913 654 4977 cinerea
677 4933 837 4995 apparens.
875 4913 970 4977 Hisce
994 4914 1038 4975 sio
1062 4911 1235 4976 constitutis
1259 4912 1363 4991 procul
1387 4911 1476 4974 dnbio
1500 4913 1608 4978 video-

244 5022 326 5079 mus,
352 5023 393 5065 an
421 5001 515 5066 etiam
547 5005 584 5067 de
614 5003 765 5087 inaequali
795 5003 914 5066 mboris
944 5004 1026 5068 eirca
1054 5021 1146 5066 cornu
1176 5000 1418 5084 circumjectione
1448 5002 1508 5066 dici
1537 5000 1610 5084 quid
