3692 5842
242 470 307 539 740
716 474 757 526 Dc
775 473 854 526 Stella
870 472 943 526 Nora
960 471 1111 539 Serpeutarii

241 650 411 734 superiores
443 651 602 732 conjuncti.
655 652 849 715 Fabricius
882 653 921 717 ad
954 651 1144 716 Germaniam
1175 650 1382 714 accommodat
1414 650 1597 731 specialiter

240 744 298 806 hoc
332 753 527 824 argumento,
560 742 638 823 quod
671 760 728 823 quo
763 751 896 823 tempore
932 735 1023 804 stella
1054 742 1178 822 primum
1210 740 1303 802 videri
1326 737 1400 802 Sole
1431 740 1596 802 occidente

240 832 356 915 potuit,
388 832 478 894 Aries
512 832 628 911 siguum
658 829 839 894 Germaniae
870 840 903 892 et
934 830 1152 913 aequinoctiale
1182 829 1322 892 fueritin
1354 836 1435 891 0111.
1483 830 1597 908 Itaque

240 929 338 984 totam
371 921 490 983 stellam
517 920 546 982 in
576 920 770 981 mutationem
804 921 918 1001 imperii
951 920 1045 981 trahit
1077 917 1161 1000 01010
1192 938 1297 981 nomen
1330 918 1386 979 dat
1414 918 1453 978 ah
1478 918 1598 998 Aquila

242 1010 357 1089 imperii
375 1007 508 1088 insigni,
534 1011 641 1089 quain
662 1030 692 1071 10
713 1010 785 1070 mihi
809 1010 930 1070 nimium
953 1010 1071 1070 ridetur
1094 1009 1229 1069 subtilis:
1253 1015 1382 1087 possunt
1404 1008 1487 1069 enirn
1511 1008 1600 1069 varia

242 1108 394 1161 momenta
424 1098 494 1176 eligi
517 1098 574 1159 hoo
596 1108 687 1177 pacto
720 1099 863 1179 variaque
888 1099 993 1177 signa,
1026 1105 1060 1158 nt
1083 1096 1301 1176 Capricornus,
1333 1095 1407 1174 quia
1434 1096 1598 1158 occidente

243 1187 316 1251 Sole
339 1187 369 1248 in
392 1187 490 1248 medio
514 1188 588 1248 coeli
618 1188 690 1249 luit:
725 1165 796 1248 iteui
820 1187 939 1260 Pisces,
973 1186 1043 1268 quia
1069 1186 1248 1248 culminante
1277 1203 1356 1247 nova
1379 1183 1491 1246 Pisces
1516 1187 1597 1247 orti:

242 1277 314 1339 item
334 1274 463 1350 Gemini,
488 1277 558 1356 quia
581 1277 734 1338 occidente
758 1295 837 1337 nova
859 1277 916 1339 orti
937 1274 1067 1338 Gemini.
1103 1276 1148 1338 At
1170 1275 1261 1336 multo
1284 1273 1386 1354 potius
1404 1271 1601 1353 Sagittarius

244 1366 319 1446 ipse,
344 1385 403 1426 non
428 1373 543 1426 tantum
567 1366 637 1444 quia
659 1365 756 1426 trihus
780 1366 981 1445 superioribus
1005 1373 1035 1425 et
1059 1365 1167 1425 stellae
1191 1382 1285 1425 novae
1309 1362 1396 1424 dedit
1418 1362 1601 1445 hospitium,

241 1456 296 1516 sed
329 1454 421 1515 etiam
454 1455 523 1533 quia
546 1453 618 1515 Sole
642 1454 689 1516 die
716 1452 764 1517 10.
789 1453 930 1517 Octobris
967 1455 996 1515 in
1022 1453 1123 1516 medio
1159 1453 1235 1515 coeli
1266 1452 1366 1532 posito
1410 1452 1513 1514 oritur
1545 1453 1601 1514 sub

242 1542 402 1605 altitudine
425 1542 487 1621 poli
510 1538 579 1616 48⁰,
614 1543 783 1622 ipsissimus
809 1545 891 1605 locus
915 1563 1010 1604 novae
1041 1536 1145 1625 1811,ο
1166 1549 1213 1616 ,2¹3
1243 1541 1322 1622 quod
1353 1540 1451 1601 multo
1480 1541 1600 1603 meliori

238 1632 307 1713 jure
331 1641 364 1692 ut
378 1640 485 1692 notatu
504 1631 625 1711 dignum
648 1633 830 1695 inculcasset
843 1632 1008 1694 Fabricius.
1045 1630 1087 1693 Et
1105 1632 1174 1713 qnid
1189 1631 1214 1691 si
1229 1629 1362 1702 Libram,
1388 1628 1463 1708 quia
1482 1630 1600 1692 oriente

242 1721 337 1783 stella
355 1719 547 1796 culminabat,
563 1730 595 1782 et
608 1720 710 1783 Solem
729 1722 814 1783 initio
833 1722 987 1783 vehebat?
1012 1720 1107 1782 Vides
1130 1720 1229 1799 igitur,
1253 1718 1362 1799 potiori
1381 1718 1454 1797 jure
1475 1739 1600 1781 manare

244 1829 299 1872 nos
324 1809 353 1870 in
378 1808 562 1888 Sagittario,
591 1830 628 1871 ne
651 1810 796 1872 incertum
829 1810 945 1888 siguum
969 1811 1030 1873 1101.
1076 1810 1118 1871 Et
1141 1809 1210 1889 qnia
1233 1809 1324 1870 stella
1355 1807 1447 1869 simul
1485 1828 1600 1871 oceano

242 1898 368 1960 australi
391 1898 563 1973 verticalis,
587 1908 691 1978 posset
714 1899 822 1980 aliquis
846 1918 884 1961 ex
906 1899 1043 1960 omnibns
1066 1899 1231 1978 conjunctis
1259 1896 1438 1978 praedicere
1468 1899 1598 1978 copula·

243 1988 354 2050 tionem
377 1988 496 2049 illarum
518 1987 599 2049 orbis
621 1988 751 2067 partium
775 1989 904 2051 omnium
928 1989 983 2051 sub
1006 1987 1207 2067 Hispanorum
1230 1998 1282 2050 aut
1304 1988 1335 2050 in
1362 2003 1479 2065 genere
1505 1986 1598 2050 Chii·

243 2077 407 2139 stianorum
430 2077 594 2156 imperium.

330 2165 464 2227 Fuerunt
486 2165 515 2226 iu
540 2166 596 2228 1100
620 2165 767 2228 01101111
791 2166 955 2245 splendidi,
989 2166 1037 2244 qni
1061 2184 1126 2226 cum
1155 2157 1313 2242 legissent
1332 2166 1595 2246 comparationem

242 2272 340 2316 meam
363 2254 451 2333 hujus
465 2255 572 2318 Novae
596 2255 703 2317 stellae
727 2274 792 2316 cum
812 2256 865 2317 illa
884 2252 1236 2335 anni1572,·qnomodo
1255 2253 1362 2314 illaad
1386 2255 1471 2318 latus
1497 2256 1596 2317 mundi

242 2344 406 2406 secesserit
427 2343 457 2404 in
482 2344 622 2423 angulum
646 2344 721 2404 coeli
750 2345 906 2406 obscurum
930 2353 959 2405 et
985 2344 1152 2423 abjectum,
1180 2342 1256 2404 haec
1280 2360 1350 2404 vero
1375 2343 1459 2422 apud
1484 2345 1596 2422 regium

242 2434 300 2495 iter
314 2431 444 2494 omnium
458 2434 646 2511 planetarum
661 2432 794 2510 proxime
814 2433 968 2494 adstiterit
985 2436 1053 2500 (vol.
1073 2440 1094 2498 1,
1113 2456 1138 2503 0.
1157 2437 1241 2506 411);
1265 2434 1493 2511 perpenderent
1516 2452 1594 2506 cero,

243 2522 321 2604 quod
354 2540 432 2582 anno
464 2519 557 2584 1572.
582 2521 724 2599 Belgicae
756 2522 928 2602 provinciae
961 2523 998 2582 de
1030 2540 1107 2582 novo
1131 2542 1150 2582 0
1171 2520 1256 2599 Rege
1290 2540 1344 2582 sno
1375 2522 1595 2583 recessissent:

156 2667 158 2673 .
243 2610 309 2672 ausi
332 2619 403 2671 sunt
425 2610 561 2690 Hispano
586 2612 661 2671 bene
685 2630 723 2672 ex
745 2611 801 2672 hac
831 2611 976 2672 moderna
1007 2611 1098 2672 stella
1130 2609 1273 2683 ominari,
1306 2610 1444 2672 nimirum
1470 2610 1596 2689 Belgas,

244 2700 294 2780 qui
318 2696 507 2762 01101572.
533 2721 551 2761 0
574 2719 645 2777 rege
668 2710 867 2773 secesserant,
888 2700 954 2779 jam
978 2701 1016 2761 ad
1040 2700 1120 2760 viam
1143 2699 1266 2778 regiam,
1291 2699 1410 2760 scilicet
1432 2699 1475 2760 ad
1499 2700 1595 2779 impe·

165 2847 172 2860 ,
242 2789 318 2851 rium
341 2788 422 2867 regis
446 2789 492 2851 sui
516 2789 675 2851 redituros.
721 2790 786 2851 Hos
816 2789 935 2870 quidem
965 2789 1146 2868 aliquamdiu
1179 2787 1317 2849 aluerunt
1339 2787 1434 2849 fausti
1459 2807 1595 2850 rumores

244 2878 283 2940 de
314 2896 389 2956 pace
422 2878 501 2939 inter
530 2879 683 2957 Hispanos
715 2886 748 2939 et
777 2879 889 2957 Belgas
921 2885 1099 2956 procurante
1129 2877 1285 2939 Britanno.
1331 2876 1486 2939 Destituti
1519 2878 1596 2940 enim

245 2966 367 3030 auxiliis
391 2966 506 3028 vicinae
529 2967 719 3042 Britanniae,
752 2968 897 3045 portubus
929 2967 990 3027 illis
1013 2968 1148 3046 Hispano
1172 2967 1379 3045 inposterum
1407 2968 1593 3045 patentibus,

244 3055 423 3116 videbantur
446 3063 513 3116 tuta
535 3056 661 3116 consilia
683 3056 845 3133 amplexuri
871 3055 983 3116 viribus
1007 3057 1069 3117 suis
1089 3056 1188 3117 diffisi.
1231 3054 1347 3116 Eadem
1370 3057 1595 3134 argumentatio

246 3144 390 3224 prolicnit
413 3153 443 3204 et
467 3144 676 3205 Ilelisaenm
699 3144 926 3218 Roeslinum,
952 3153 985 3206 ut
1003 3146 1130 3225 jamjam
1153 3145 1306 3205 imminere
1331 3145 1501 3206 inculcaret
1514 3144 1596 3206 illam

243 3241 292 3294 101
318 3233 381 3311 jam
416 3234 501 3294 annis
531 3254 639 3294 asese
677 3235 868 3295 decantatam
905 3253 1001 3295 rernm
1034 3235 1161 3296 omnium
1190 3234 1328 3312 Europae
1365 3236 1595 3314 catastrophen.

245 3321 339 3383 Nulla
361 3340 491 3400 unquam
516 3323 735 3402 argumentatio
759 3323 830 3384 mihi
855 3323 930 3382 adeo
950 3323 1024 3383 mira
1047 3333 1095 3385 est
1114 3323 1199 3384 visa:
1224 3332 1371 3384 cometam
1396 3322 1494 3385 fuisse
1519 3343 1596 3384 anno

247 3405 341 3483 1556,
365 3421 436 3489 post
459 3409 501 3473 24
525 3432 634 3483 annos,
665 3432 741 3473 anno
771 3432 812 3473 sc.
840 3408 934 3473 1580.
960 3412 1049 3473 alium
1082 3416 1235 3473 cometam'
1259 3411 1426 3472 durationis
1460 3421 1596 3493 tempore

243 3519 360 3561 cursum
384 3509 516 3561 mutasse
540 3502 628 3580 inque
653 3500 820 3580 Sagittario
849 3501 1048 3580 disparuisse,
1071 3502 1121 3563 uhi
1144 3510 1216 3580 post
1243 3502 1321 3561 alios
1345 3497 1389 3563 24
1413 3521 1528 3574 annos,
1554 3521 1596 3564 sc.

244 3607 321 3649 anno
358 3586 451 3651 1604.
483 3591 639 3668 contingat
670 3610 779 3667 magna
810 3591 998 3669 planetarum
1030 3591 1208 3671 conjunctio.
1257 3590 1352 3668 Igitur
1385 3610 1466 3651 auno
1503 3586 1595 3653 160-1.

245 3696 342 3737 rerum
375 3678 504 3739 omnium
535 3679 573 3739 ab
607 3699 683 3740 anno
720 3675 814 3742 1556.
849 3688 1020 3758 coeptarum
1054 3677 1181 3742 futuram
1221 3678 1449 3760 catastrophen.
1508 3682 1597 3752 hlira,

244 3765 379 3845 inquam,
405 3769 636 3844 argumentatio,
663 3786 731 3828 nam
755 3779 786 3829 et
809 3777 879 3829 ante
910 3788 1018 3830 annum
1048 3766 1140 3832 1556.
1166 3769 1250 3829 multi
1280 3769 1362 3831 11010
1391 3781 1542 3843 cometae,
1568 3782 1599 3830 et

246 3853 323 3915 inter
353 3873 448 3916 annos
483 3852 576 3917 1556.
601 3866 633 3916 01
660 3856 751 3921 1580.
783 3867 846 3918 tres
879 3858 927 3918 vel
960 3867 1085 3936 quatuor
1117 3858 1178 3918 alii.
1227 3855 1328 3927 Quare
1361 3859 1523 3921 imbecillis
1551 3871 1600 3919 est

245 3943 388 4002 connexio
412 3943 592 4005 1111100110
619 3943 713 4009 1556.
739 3947 880 4026 fulgentis
904 3966 970 4007 cum
994 3947 1049 4008 1100
1073 3947 1143 4008 0111
1170 3944 1265 4009 1580.
1290 3947 1417 4008 exsulo
1442 3949 1598 4010 contrario

245 4029 330 4107 signo
355 4039 387 4090 et
415 4033 565 4093 contrario
597 4044 679 4094 motu
710 4035 848 4096 deducta.
896 4034 1011 4105 Quodsi
1045 4036 1163 4096 0111110
1191 4036 1245 4097 illa
1275 4036 1490 4115 providentia,
1523 4058 1598 4119 quae

245 4118 410 4179 hominihus
434 4129 618 4181 cometarum
648 4123 769 4184 exhibet
798 4125 987 4203 spectacula,
1019 4124 1075 4185 huc
1100 4126 1242 4204 respexit,
1275 4134 1310 4187 ut
1333 4127 1361 4187 111
1387 4127 1445 4187 dno
1471 4129 1598 4207 copula·

128 4223 131 4232 ·
247 4215 369 4268 rentur:
394 4228 445 4268 cur
460 4229 517 4269 non
533 4211 633 4288 potius
658 4231 713 4290 ego
733 4214 838 4287 dicam,
864 4224 981 4292 tempus
1001 4216 1212 4293 catastrophes
1235 4234 1332 4276 rernm
1348 4215 1386 4275 ab
1402 4235 1485 4277 auno
1507 4212 1597 4280 1556.

245 4303 398 4371 gestarum
428 4298 466 4357 ab
500 4318 576 4359 anno
615 4298 706 4363 1580.
741 4302 872 4363 inchoari
904 4313 936 4364 et
963 4304 991 4363 11
1026 4324 1133 4364 annum
1171 4299 1265 4366 1604.
1296 4305 1386 4384 01010
1417 4307 1599 4367 terminari?

245 4384 396 4461 Analogia
420 4386 528 4465 qnippe
552 4389 655 4450 melior
680 4392 779 4462 fuerit,
803 4412 878 4471 qnae
903 4413 921 4453 a
944 4402 1061 4453 cometa
1084 4393 1215 4466 directo,
1240 4393 1290 4472 qui
1314 4393 1371 4454 luit
1395 4413 1477 4455 anno
1506 4393 1597 4459 1556.

245 4471 498 4548 significabantur,
526 4496 561 4536 ea
585 4478 731 4539 hactenus
755 4482 898 4542 inoffenso
923 4481 1043 4542 tramite
1067 4490 1156 4558 gesta
1180 4503 1256 4556 esse,
1282 4484 1377 4543 donec
1402 4484 1599 4548 01101580.

245 4570 364 4620 cometa
387 4564 528 4624 contrarii
559 4577 657 4626 motus
691 4568 813 4631 obortus
836 4573 892 4630 1110
922 4589 993 4630 suae
1023 4571 1187 4631 durationis
1222 4591 1339 4632 cursum
1373 4576 1543 4635 mutaverit
1565 4594 1600 4635 ex

245 4651 422 4725 retrogrado
457 4653 552 4712 factus
587 4656 727 4716 directus.
775 4660 871 4736 Igitur
904 4679 952 4719 res
982 4659 1051 4719 illas
1080 4661 1117 4720 ab
1151 4680 1228 4721 nuno
1261 4657 1354 4723 1580.
1388 4662 1545 4725 recisurae
1573 4665 1600 4725 in

246 4738 436 4808 eontrarium,
462 4742 579 4818 quaudo
598 4744 661 4819 jain
687 4746 876 4823 exspiratura
899 4750 961 4808 sint
978 4758 1111 4809 cometae
1136 4749 1304 4824 significata
1321 4747 1405 4830 (esto
1427 4762 1463 4813 ut
1483 4754 1540 4813 hoc
1564 4754 1601 4814 sit

246 4842 321 4921 anno
350 4823 465 4900 1601),
498 4831 624 4890 01101011
658 4853 772 4912 quilque
803 4838 997 4897 mutationem
1031 4852 1226 4918 experturas;
1259 4859 1438 4920 rursumque
1471 4843 1601 4905 futurum

248 4911 284 4982 id,
311 4916 389 4991 qnod
412 4916 450 4975 ab
474 4938 549 4978 0010
579 4917 670 4980 1556.
696 4936 844 5000 coeperat.

332 5000 415 5062 Nihil
446 5003 542 5066 dicam
566 5009 602 5065 de
627 5029 677 5080 00,
713 5014 789 5089 qnod
823 5025 958 5074 cometae
985 5024 1097 5086 motus,
1131 5016 1178 5094 qui
1209 5034 1288 5075 0110
1317 5014 1415 5082 1580.
1441 5020 1547 5095 fulsit,
1571 5040 1602 5081 00
