3692 5842
363 466 427 534 770
647 517 650 525 .
883 466 1001 520 Nmeuu
1019 468 1189 521 &munemita

363 654 454 720 esset,
469 647 647 726 sculpturas,
672 644 850 710 id·subiude
870 668 937 711 cum
955 648 1038 711 coelo
1062 647 1265 722 conferretur3
1289 649 1367 729 quod
1390 649 1712 735 diligenteraByrgio

363 737 551 819 praestitum.
600 732 717 797 Globus
739 736 791 799 ille
813 738 979 818 perfectus,
1004 738 1118 816 regium
1141 756 1214 797 sane
1237 756 1356 811 munus,
1381 760 1401 799 a
1423 741 1624 822 Landgrsrio
1648 742 1712 805 Ga·

363 828 463 891 lielmo
493 824 689 889 transmissus
718 835 766 906 est
794 828 833 889 ad
857 825 1020 890 Caesarem
1042 826 1233 905 Rudolpbum
1255 835 1416 907 exstatque
1438 829 1545 891 adbuc
1572 832 1710 895 bodiein

364 916 539 996 blajestatis
572 934 644 975 suaa
677 914 838 978 thesauris.
886 916 963 996 Ejus
995 916 1103 977 similis
1135 916 1213 976 alter
1244 922 1315 978 tunc
1342 917 1456 998 Byrgio
1490 918 1551 980 sub
1582 921 1712 984 maus

364 1005 540 1066 versabatur
582 1004 769 1084 donatusque
810 1006 867 1067 fuit
902 1004 992 1084 paulu
1028 1014 1099 1084 post
1130 1003 1334 1066 Maximiliauo
1371 1006 1541 1069 Archiduci
1571 1008 1712 1072 cassellis

365 1093 534 1157 transeunti
558 1113 578 1154 a
600 1086 793 1171 Landgralio
816 1095 973 1156 Mauricio.
996 1126 1037 1136 -
1078 1093 1174 1172 Igitur
1196 1093 1340 1174 Byrgius,
1364 1096 1414 1176 qui
1438 1095 1567 1157 stellam
1589 1099 1714 1162 baucio

367 1182 459 1247 Olore
482 1202 537 1265 pro
560 1182 650 1244 Nova
673 1183 856 1245 celebratam
878 1184 908 1245 in
932 1183 1075 1245 memoria
1098 1203 1153 1244 sua
1175 1202 1232 1245 non
1257 1183 1438 1257 inveniebat,
1464 1184 1507 1245 ad
1533 1186 1614 1247 huuc
1636 1209 1714 1251 suurn

367 1273 486 1353 globum
509 1271 696 1352 provocabat
719 1273 926 1335 securissime:
956 1292 1014 1334 non
1038 1290 1107 1333 uero
1135 1271 1288 1334 inventam
1313 1273 1342 1333 iu
1365 1274 1527 1352 sculptura
1548 1276 1661 1348 veteri,
1683 1280 1715 1337 de

367 1364 449 1442 cujus
472 1362 633 1439 diligentia
655 1369 718 1423 tarn
751 1371 850 1425 certus
878 1370 958 1437 erat,
992 1368 1159 1424 atramento
1191 1361 1308 1423 notavit
1330 1381 1384 1423 suu
1408 1362 1487 1424 loco.
1536 1364 1717 1447 Factumque

357 1452 562 1534 paulopost,
587 1456 621 1512 ut
644 1451 878 1531 aLandgravio
909 1451 1069 1513 vacatione
1103 1450 1276 1531 impetrata,
1310 1450 1454 1512 transiret
1479 1452 1522 1514 ad
1546 1450 1717 1529 Caesarem,

368 1548 457 1622 atque
490 1538 539 1602 hic
571 1541 730 1602 multorum
763 1541 1004 1606 admirandorum
1036 1558 1157 1619 operum
1181 1546 1213 1601 et
1240 1540 1269 1601 iu
1300 1540 1348 1601 his
1371 1540 1479 1630 etiam·
1499 1540 1615 1621 prioris
1644 1543 1718 1606 illins

367 1629 449 1711 globi
473 1650 492 1702 a
515 1648 547 1689 se
572 1628 644 1691 facti
667 1629 849 1710 reparationi
873 1648 974 1692 curam
997 1628 1198 1707 impenderet:
1224 1629 1334 1691 nullam
1358 1629 1524 1709 igituruec
1542 1629 1595 1693 hic
1618 1632 1718 1712 globus

367 1728 491 1801 praeter
512 1718 729 1781 Ptolemaicam
753 1719 916 1799 antiquam·
931 1720 1124 1798 spectandam
1148 1718 1232 1779 dedit
1253 1718 1282 1780 in
1307 1727 1428 1800 pectore
1451 1716 1570 1783 Oloris.
1620 1722 1718 1805 ltaque

371 1808 502 1891 Byrgius
527 1808 563 1868 de
587 1806 696 1869 stellae
718 1808 808 1887 hujus
832 1808 967 1871 novitate
991 1805 1241 1870 confidentissime
1264 1808 1450 1888 pronunciat.

460 1896 619 1960 Addamus
643 1903 675 1957 et
696 1898 818 1960 tertium
841 1906 951 1959 testem
969 1895 990 1958 J
996 1915 1144 1959 oannem
1167 1897 1368 1978 Bayerum?
1391 1898 1426 1957 Id
1441 1898 1584 1977 profecto
1605 1899 1717 1965 faciam.

373 1986 453 2051 Nam
477 1986 555 2067 quod
580 2004 670 2066 supra
693 1988 770 2049 hunc
794 1988 872 2049 inter
895 2006 947 2048 eos
970 1985 1073 2055 retuli,
1106 1985 1154 2066 qui
1181 1982 1314 2067 inexsui,
1344 2005 1467 2048 causam
1494 1986 1562 2067 ipse
1587 1988 1718 2068 praebuit

369 2078 399 2137 in
431 2096 487 2138 sua
508 2076 731 2138 Uranometria.
777 2077 921 2155 Apertior
951 2077 1043 2137 multo
1075 2077 1130 2137 fuit
1161 2074 1189 2136 iu
1223 2075 1316 2137 literis
1346 2076 1386 2137 ad
1418 2094 1562 2156 maguum
1596 2078 1717 2159 aliquem

369 2166 464 2226 virum
488 2165 620 2245 scriptis,
645 2185 768 2247 quarum
792 2166 879 2246 copia
902 2166 972 2227 mihi
989 2167 1070 2227 facta
1090 2173 1136 2226 est
1150 2165 1231 2226 nulla
1245 2184 1311 2226 cnm
1326 2164 1520 2226 conditione:
1546 2186 1607 2247 qnu
1629 2169 1716 2230 minus

369 2273 477 2316 vereor
499 2258 537 2315 ne
559 2253 632 2316 mihi
654 2254 804 2316 irascatur
828 2263 940 2317 auctor.
986 2255 1069 2318 Nihil
1098 2254 1175 2316 enim
1205 2254 1304 2316 arcani
1335 2254 1511 2330 continent,
1546 2256 1624 2317 nihil
1646 2258 1717 2339 quod

373 2342 628 2406 existimationem
651 2343 744 2424 ipsius
768 2344 885 2419 laedat,
919 2344 991 2406 nihil
1015 2345 1093 2425 quod
1116 2362 1173 2404 non
1197 2342 1313 2423 publice
1347 2343 1467 2404 intersit
1492 2345 1576 2406 sciri.
1626 2347 1715 2419 Adde,

369 2433 448 2513 quod
464 2432 535 2494 mihi
549 2431 619 2495 illas
638 2433 856 2515 quodammodo
875 2432 1027 2495 vindicare
1041 2452 1179 2513 possum,
1203 2432 1354 2512 atquibus
1374 2432 1568 2495 occasionem
1588 2437 1715 2515 praebui.

369 2523 507 2585 Venerat
538 2523 578 2583 ad
607 2523 750 2605 Byrgium
780 2521 936 2585 Cassellas
972 2521 1057 2584 initio
1094 2521 1163 2582 anni
1196 2518 1289 2584 1602.
1327 2521 1436 2584 nobilis
1464 2521 1507 2586 D.
1541 2525 1717 2587 Franciscus

373 2610 517 2675 Gansueb
551 2613 649 2673 dictus
673 2612 856 2693 Tengnag'el,
881 2611 1031 2695 Tycbouis
1053 2611 1152 2673 Brahe
1177 2629 1283 2688 gener,
1316 2611 1404 2673 modo
1429 2609 1522 2675 Caes.
1548 2614 1717 2694 Majestatis

370 2699 615 2783 Appellationum
641 2699 856 2775 consiliarius,
887 2702 1017 2762 adducto
1040 2699 1156 2762 Joauue
1179 2699 1327 2773 Eriksen,
1351 2699 1400 2782 qni
1424 2700 1551 2764 Brahee
1574 2705 1717 2783 quondam

317 2780 324 2795 ’
371 2792 410 2854 ab
434 2790 644 2853 astronomicis
667 2790 841 2852 ministeriis
865 2799 945 2864 erat3
969 2790 990 2851 ii
1014 2789 1111 2851 edocti
1135 2810 1154 2850 a
1176 2789 1287 2870 Byrgiu
1311 2790 1347 2850 de
1371 2789 1471 2863 stella,
1497 2810 1566 2852 cum
1593 2793 1623 2854 in
1647 2791 1716 2855 Ost·

373 2880 488 2943 frisiam
511 2879 598 2956 irent,
623 2899 685 2942 rem
709 2881 747 2941 ad
771 2879 919 2942 Davidem
942 2879 1110 2940 Fabricium
1139 2878 1288 2953 deferunt,
1312 2879 1468 2941 Fabricius
1495 2880 1547 2940 ria
1569 2881 1716 2945 liumbur·

370 2969 456 3049 gensi
465 2969 643 3051 perscripsit
653 2971 757 3031 eadem
768 2970 806 3031 ad
816 2968 996 3031 Joestelium
1005 2968 1201 3047 Witebergae
1217 2968 1432 3029 anathematum
1446 2968 1716 3049 professorem;⁸'t

369 3058 534 3121 Joestelius
559 3060 666 3119 adme
691 3061 830 3138 Pragam,
855 3076 910 3137 ego
934 3058 962 3118 in
977 3057 1156 3130 Bavariam;
1181 3058 1223 3118 sic
1247 3076 1361 3119 rumore
1385 3058 1594 3128 Monachum,
1619 3063 1715 3122 deiude

370 3149 540 3227 Angustam
564 3142 795 3224 communicato,
830 3155 953 3227 rugatur
977 3158 1007 3208 et
1030 3147 1165 3227 Rayerus
1195 3148 1389 3217 sententiam,
1414 3158 1447 3208 ut
1471 3169 1563 3227 quem
1588 3152 1717 3212 sciebant

369 3237 629 3311 Uranometriam,
664 3238 898 3299 oculatissimanr
928 3257 1000 3297 sane
1033 3236 1113 3298 illam
1138 3237 1167 3295 in
1190 3237 1287 3298 stellis
1315 3237 1525 3311 recensendis,
1562 3241 1636 3301 tuuc
1670 3245 1713 3301 sul

373 3325 509 3388 manibus
534 3326 663 3388 habere:
689 3347 764 3407 quae
789 3339 819 3388 et
843 3347 919 3387 auno
944 3327 1049 3388 statim
1078 3334 1220 3405 sequente
1248 3321 1338 3388 1603.
1365 3327 1393 3386 in
1418 3326 1572 3405 publicum
1605 3332 1714 3410 prodiit.

371 3415 543 3494 Respondit
567 3415 656 3495 igitur
679 3418 709 3478 in
734 3418 809 3477 hunc
834 3417 969 3477 modurn:
1002 3428 1044 3479 Dc
1080 3444 1149 3478 noro
1185 3426 1313 3480 Gallinae
1349 3444 1398 3480 seu
1434 3427 1526 3498 Cygni
1563 3439 1643 3485 astro
1678 3433 1716 3485 te.

372 3524 480 3571 mature
502 3517 739 3580 commonefactus,
763 3524 819 3570 tam
834 3519 868 3570 ob
888 3516 1018 3569 novitatis
1039 3515 1166 3569 iuvidiam
1187 3533 1268 3585 quarn
1288 3534 1434 3570 mearum
1456 3510 1562 3580 (nota)
1578 3523 1717 3591 descrip.

370 3598 502 3650 tionum
530 3598 700 3661 absentiam,
722 3615 779 3650 rem
800 3598 972 3651 cunctantius
1001 3613 1200 3666 aggressurus,
1228 3597 1308 3651 Plinii
1334 3614 1442 3668 quoque
1470 3602 1659 3662 recordabar,
1681 3623 1718 3672 qu.

371 3678 508 3731 hominem
529 3677 557 3730 ln
578 3678 674 3731 studiis
704 3689 860 3731 versantem
890 3678 977 3730 minus
1008 3679 1137 3729 audacem
1164 3678 1252 3747 magis
1280 3679 1401 3731 timidum
1431 3680 1559 3749 requirit.
1604 3683 1718 3752 sepem

370 3766 446 3820 Junii
468 3774 497 3819 et
519 3766 626 3836 aliquot
653 3767 748 3820 diebus
774 3784 849 3838 seqq.
873 3768 1097 3839 σχεδιογραφιαν
1117 3767 1199 3834 hujus
1231 3756 1380 3826 (nimirum
1414 3767 1557 3836 paratam
1596 3763 1719 3822 habetat

369 3845 571 3924 jampridem,
597 3855 626 3904 et
653 3855 685 3905 ut
701 3846 727 3906 in
745 3847 974 3926 Uranugraphia
998 3847 1050 3918 ait,
1074 3856 1177 3909 diutino
1199 3853 1308 3924 labore)
1334 3859 1557 3927 contemplatus,
1586 3864 1624 3915 ab
1652 3867 1720 3916 inico

373 3935 467 3989 statim
495 3936 672 4006 peregrinam
697 3939 831 4006 quandam
857 3938 976 4007 mihique
1006 3946 1161 4005 suspectam
1188 3939 1281 3991 notari
1309 3938 1462 4001 stellulam,
1490 3941 1567 3994 circa
1590 3962 1671 4013 quarn
1692 3959 1721 3997 ss

373 4016 521 4069 solstitium
542 4017 676 4069 aestivum
697 4034 783 4087 usque
804 4019 901 4071 dubins
923 4017 1104 4071 haesitabam.
1149 4018 1237 4072 Oloris
1260 4019 1345 4089 igitur
1366 4037 1414 4072 scu
1430 4018 1498 4072 Avis
1521 4022 1608 4078 situm
1631 4028 1719 4079 steila·

370 4124 482 4176 rumque
503 4106 577 4159 illius
605 4107 722 4175 positum
749 4111 895 4161 secundum
923 4107 1050 4161 classicos
1071 4109 1255 4162 astronomiae
1277 4112 1416 4171 doctores,
1444 4126 1508 4162 mea
1531 4114 1620 4169 etiam
1641 4115 1720 4184 (put-1·

371 4187 508 4263 antiqua)
529 4196 707 4264 superaddita
728 4197 936 4260 observatione,
959 4205 1063 4267 quanta
1089 4199 1167 4266 potui
1195 4198 1350 4252 attentione
1372 4201 1406 4252 ad
1427 4216 1553 4272 unguem
1580 4205 1720 4258 delineari.

371 4284 465 4337 Inveni
490 4277 592 4352 (puta,
618 4276 701 4335 facta
724 4277 884 4336 collatione
908 4278 981 4336 coeli
1007 4296 1072 4336 curn
1097 4277 1151 4336 has
1176 4278 1391 4349 delineatione)
1414 4292 1567 4345 secundum
1597 4295 1721 4364 vulgara

375 4364 411 4417 17
432 4365 529 4416 stellas
556 4382 615 4417 cum
645 4368 750 4419 duabus
782 4367 955 4428 informibus,
986 4374 1098 4437 praeter
1124 4369 1175 4420 has
1206 4370 1280 4421 aliud
1301 4369 1329 4421 iu
1354 4369 1406 4421 line
1438 4370 1503 4422 culli
1537 4374 1720 4445 principioque·

373 4444 503 4512 pectoris(
522 4445 587 4497 mihi
604 4445 664 4512 jam
689 4448 806 4516 amplius
829 4467 881 4501 non
904 4457 1072 4517 suspectum,
1101 4451 1149 4500 sed
1170 4465 1199 4502 re
1221 4466 1287 4502 vera
1313 4466 1450 4519 nunquam
1477 4451 1619 4508 hacteuus
1642 4459 1720 4508 risum

373 4541 476 4585 astrum
498 4535 663 4601 deprehendi
684 4538 879 4606 magnitudinis
902 4540 979 4609 quasi
1001 4538 1101 4591 tertiae
1122 4538 1168 4593 dc.
1220 4528 1375 4590 Hactenus
1408 4530 1551 4608 epistula.
1570 4528 1615 4598 ⁸⁸)
1672 4534 1720 4595 (ἐι

373 4630 444 4670 vero
468 4612 662 4685 credendum,
696 4617 753 4676 nisi
784 4617 889 4678 artifici
915 4619 951 4677 de
975 4637 1030 4677 sua
1053 4625 1116 4678 arte
1142 4626 1172 4677 et
1196 4618 1329 4679 studioso
1354 4619 1470 4680 desua
1499 4626 1718 4704 occupatione?

372 4699 477 4759 Fuisse
502 4700 579 4760 euim
602 4702 677 4762 banc
701 4714 770 4764 tunc
794 4707 873 4766 illius
897 4708 952 4768 viri
982 4709 1208 4786 occupationem
1236 4726 1359 4787 eamque
1385 4728 1443 4769 nou
1469 4710 1559 4772 unius
1585 4717 1669 4774 anni.
1693 4730 1717 4772 ur

374 4788 601 4849 schematismos
633 4794 780 4854 coelestes
805 4795 832 4854 in
858 4794 979 4857 chartas
1012 4798 1190 4858 transferret
1221 4816 1315 4878 neque
1348 4799 1478 4859 omissas
1503 4821 1524 4860 a
1549 4802 1717 4863 Pisum-2.

373 4878 550 4951 praeteriret
582 4879 681 4959 sicque
705 4883 954 4945 Piscolhonriuaei
988 4886 1107 4946 chartas
1138 4888 1326 4960 emendaret,
1362 4907 1409 4948 res
1436 4889 1503 4967 ipsa
1540 4892 1669 4973 loquitur
1691 4907 1715 4948 rt

374 4964 483 5024 multus
508 4965 556 5026 illo
581 4968 807 5031 Uranornetriae
832 4985 993 5051 apparatus
1017 4985 1048 5035 et
1072 4977 1133 5058 typi
1157 4978 1241 5037 aenei
1266 4978 1420 5037 surrrtuosi.

462 5050 523 5114 Cur
546 5064 644 5117 autern
669 5059 696 5119 in
723 5062 932 5123 Uranometria
964 5065 1078 5126 cautior
1111 5067 1208 5127 factus
1237 5067 1285 5126 ad·
1305 5066 1429 5128 tacitruu
1463 5069 1568 5149 potius
1599 5071 1714 5132 aliumru
