3692 5842
251 443 256 454 '
344 447 413 516 000
818 454 1009 519 eminam·
1026 456 1052 506 n
1072 456 1237 507 0000000.

349 645 505 769 03180ᾚῖ
518 642 770 820 :pfflpzssgffisml
792 645 1022 777 Additameutum?
1050 722 1114 770 Tota
1134 720 1232 769 domon-
1265 643 1269 688 ¹
1321 680 1458 733 mmuh
1513 707 1516 726 '

366 792 457 839 mm
475 805 501 838 m
542 818 547 827 ι
593 815 598 827 .
647 815 653 827 ρ
690 816 695 827 .
767 827 769 836 Ι
1312 760 1465 837 exponentia
1512 750 1692 801 rundenario

405 862 411 873 ,
519 815 769 886 10001000000000,
1313 825 1400 876 mma
1464 859 1470 871 ,
1512 809 1516 862 l

347 861 428 910 medio
449 874 522 943 000οῚ
593 893 629 933 Gr.
667 895 697 935 u.
767 893 769 902 .
1109 909 1127 938 r·
1188 922 1194 936 ι
1401 831 1462 891 μ’

415 1052 449 1101 20
519 1047 522 1087 T
615 1089 621 1101 .
703 1089 708 1100 .
766 1099 770 1118 ,
865 1090 871 1102 .
954 1093 960 1104 .

415 1121 450 1172 30
520 1157 523 1177 .
616 1161 622 1172 .
704 1162 709 1173 .
767 1136 769 1145 ·

415 1193 450 1244 to
520 1199 524 1254 ζ
616 1232 622 1244 .
706 1234 709 1242 .
865 1232 871 1243 .
955 1234 960 1246 .

417 1264 451 1314 50
520 1279 524 1292 ·
616 1303 623 1316 .
705 1304 710 1314 .
768 1269 770 1278 “
866 1304 871 1313 .
935 1275 960 1317 ·.

418 1334 452 1384 00
521 1347 524 1391 r
617 1373 624 1386 .
705 1374 711 1387 .
768 1366 770 1392 ³
867 1375 872 1386 .
955 1378 960 1386 .

418 1405 453 1455 70
521 1410 525 1472 ζ
618 1444 623 1454 .
706 1445 711 1455 .
768 1448 771 1455 .
867 1445 871 1454 .
955 1448 960 1458 .
1019 1439 1022 1457 ι

418 1477 453 1527 80
522 1482 525 1526 Ξ
618 1516 624 1527 .
707 1516 711 1525 .

419 1547 454 1598 90
769 1557 772 1585 ¹

443 1694 549 1772 Neque
573 1702 602 1752 te
628 1702 748 1753 rnoreat
772 1694 892 1754 tantilla
916 1695 1131 1775 discrepantia,
1156 1695 1262 1756 credas
1286 1692 1367 1764 milri,
1392 1690 1469 1752 10100
1493 1698 1615 1753 tantam
1638 1689 1712 1750 sub-

355 1782 498 1842 tilitatem
522 1780 738 1860 experientiam
763 1782 792 1842 in
816 1781 873 1843 bac
902 1783 997 1845 miuus
1022 1794 1095 1865 apta
1126 1783 1256 1844 rnateria
1283 1802 1340 1842 000
1372 1781 1567 1842 descendere.
1617 1777 1715 1839 Vides

355 1869 604 1950 inaequalitatem
629 1870 728 1930 inesse
753 1889 892 1949 magnam
916 1873 1093 1934 differentiis
1125 1891 1255 1933 rnearum
1279 1881 1311 1931 et
1335 1868 1576 1930 Vitellianarum.
1624 1867 1715 1928 Meae

355 1978 427 2020 0000
451 1958 649 2019 0010000100οε
674 1978 710 2019 ex
741 1960 924 2039 aequalitate
950 1970 981 2022 et
1006 1963 1108 2023 ordine
1138 1962 1291 2041 profectae
1320 1967 1400 2019 sunt.
1447 1958 1529 2036 Ergo
1554 1956 1584 2017 in
1610 1953 1715 2016 Vitel-

356 2046 444 2109 lionis
467 2047 700 2109 retractionibus
724 2048 813 2127 culpa
837 2049 952 2110 haeret.
1001 2052 1035 2112 ld
1062 2059 1147 2112 tauto
1171 2048 1268 2128 magis
1292 2047 1407 2118 credes,
1431 2046 1455 2106 si
1481 2046 1519 2106 ad
1545 2045 1716 2105 incremen-

356 2148 457 2197 torum
480 2137 663 2197 incremeuta
686 2137 714 2197 in
741 2136 904 2199 Vitelliano
929 2141 1107 2219 respexeris.
1145 2137 1280 2217 Surgunt
1303 2137 1381 2197 enirn
1405 2154 1458 2214 000
1481 2133 1544 2198 30’.
1591 2133 1718 2195 Certum

357 2225 449 2301 igitur
482 2235 549 2295 est,
583 2224 778 2286 Vitellionern
812 2228 874 2288 suis
907 2228 946 2288 ab
985 2228 1170 2308 experientia
1202 2224 1301 2305 captis
1334 2224 1566 2286 retractionibus
1597 2240 1719 2283 manum

357 2314 540 2387 admovisse,
566 2321 599 2374 ut
624 2313 653 2374 10
678 2314 813 2375 ordinem
838 2315 906 2378 illas
929 2336 984 2397 por
1007 2318 1202 2379 secundomm
1226 2315 1474 2377 incrementorum
1498 2311 1719 2392 aequalitatem

356 2402 518 2482 redigeret.
575 2400 660 2472 Quae
705 2403 784 2464 eninr
822 2423 860 2464 ex
899 2405 1009 2467 circulo
1052 2406 1247 2467 desumuntur
1279 2410 1381 2465 rectae
1420 2409 1474 2463 aut
1517 2399 1719 2482 qualicunque

357 2490 493 2554 circulari
522 2499 650 2563 natura,
684 2492 780 2571 qualis
809 2500 858 2554 est
890 2494 1121 2567 refractionurn,
1155 2512 1256 2554 earnm
1290 2492 1474 2552 incrementa
1503 2490 1532 2551 iu
1564 2489 1715 2551 inlinitum

357 2581 521 2649 variantur,
547 2600 696 2659 nunquam
720 2582 858 2661 aequalia
883 2584 965 2645 liunt.

447 2670 662 2750 Propositio
698 2671 752 2731 lX.
810 2670 969 2733 Problema
1002 2674 1039 2733 ll.
1097 2669 1209 2731 Datis
1243 2669 1383 2731 duabus
1422 2666 1721 2729 rel'ractionibus

357 2760 519 2823 siderum
544 2778 586 2819 ex
610 2766 694 2819 0000
722 2758 816 2822 00010
841 2759 873 2820 10
898 2771 1004 2823 certa
1030 2779 1140 2839 00000
1164 2759 1315 2821 Terram
1345 2755 1565 2830 altitudine,
1596 2753 1721 2836 inqui·

357 2869 436 2912 rere
462 2847 751 2910 inclinationum
779 2859 986 2911 ceterarum
1010 2847 1269 2911 retractiones.
1309 2853 1406 2918 (eomp.
1426 2854 1485 2905 Not.
1506 2849 1615 2918 0180.)
1653 2843 1721 2907 Ne-

358 2939 472 3018 gotium
504 2935 606 2997 multis
630 2945 678 2997 est
706 2937 870 2998 involutum
901 2937 1164 3017 perplexitatibus.
1211 2936 1260 2999 Sit
1283 2936 1312 2997 A
1336 2942 1470 2997 centrum
1500 2933 1584 2995 orbis
1607 2933 1723 2994 Terrae

526 3038 642 3105 00071.
815 3026 867 3088 BC
898 3028 1034 3105 idemque
1066 3033 1202 3086 centrum
1234 3023 1382 3103 sphaerae
1411 3023 1492 3085 00010
1516 3021 1583 3083 ΒΕ.
1632 3019 1725 3092 Quod

813 3116 838 3176 si
863 3127 924 3175 tam
949 3114 1002 3178 BG
1027 3133 1116 3194 quarn
1139 3113 1196 3173 ΒΕ
1224 3112 1396 3192 superficies
1421 3118 1527 3173 000000
1554 3110 1668 3190 010000
1692 3119 1726 3171 et

517 3215 568 3288 ‘pn
631 3210 651 3262 ,0
812 3205 978 3284 0000110100
1008 3204 1081 3263 dato
1111 3202 1221 3279 angulo
1250 3200 1334 3263 DBE
1368 3209 1400 3261 et
1430 3202 1505 3261 data
1537 3198 1726 3261 001000οἱ000

544 3282 579 3300 “
624 3287 772 3373 Ὓ-ΰῑ-
813 3293 892 3371 apud
917 3292 1000 3354 illum
1025 3293 1166 3370 angulum
1190 3292 1219 3352 in
1245 3289 1401 3369 superlicio
1425 3290 1552 3362 Terrae,
1578 3307 1660 3368 quae
1682 3287 1726 3348 sit

532 3451 533 3456 ἵ
591 3391 607 3437 0
653 3371 779 3502 RN
815 3380 912 3456 ΒΕΓ,
948 3381 1070 3441 daretur
1098 3379 1190 3441 etiarn
1218 3378 1374 3440 inclinatio
1398 3378 1451 3440 EF
1481 3376 1557 3439 radii
1582 3375 1673 3438 liberi
1695 3376 1727 3437 in

543 3509 552 3536 ,
666 3505 668 3510 ·
739 3486 782 3535 κ0
815 3470 938 3530 aethere
962 3488 1053 3549 super
1077 3468 1262 3548 superficiem
1287 3466 1376 3528 00010.
1422 3466 1492 3527 Jam
1517 3465 1590 3545 quia
1612 3462 1670 3526 ΒΟ
1693 3473 1728 3523 00

815 3558 871 3619 ΒΕ
904 3558 1051 3638 sphaerae
1082 3564 1169 3617 sunt:
1204 3555 1362 3633 contingat
1390 3573 1462 3632 ergo
1486 3552 1573 3614 ΒΕΘ
1597 3553 1728 3615 Terram

817 3648 844 3708 in
874 3648 899 3707 B
934 3656 965 3708 et
999 3646 1070 3708 ΙΕΗ
1107 3652 1207 3706 aerem
1240 3645 1269 3705 10
1298 3643 1336 3705 Ε.
1390 3643 1474 3704 Data
1509 3642 1605 3721 igitur
1640 3640 1728 3703 DBE

817 3737 1009 3797 inclinatione
1033 3735 1087 3797 ΒΕ
1111 3753 1201 3814 00000
1224 3731 1277 3795 BC
1303 3731 1504 3811 superficiem,
1530 3749 1589 3792 000
1620 3728 1728 3791 statim

817 3824 907 3882 datur
931 3824 978 3882 vel
1003 3822 1091 3884 GEH
1114 3824 1161 3884 vel
1185 3821 1269 3884 FEH
1292 3820 1448 3900 inclinatio
1474 3819 1611 3899 ejusdem
1627 3817 1728 3888 GBB,

364 3911 412 3972 rel
443 3911 593 3973 1000100001
616 3911 668 3970 FE
697 3929 786 3989 00000
816 3910 1002 3988 superficiem
1033 3911 1122 3971 aeris.
1175 3909 1262 3981 Quod
1291 3910 1316 3970 si
1345 3917 1464 3971 tautum
1492 3908 1623 3969 sciretur
1653 3924 1728 3987 pro·

364 3998 462 4080 portio
486 3999 543 4059 ΑΕ
567 3998 606 4059 ad
629 3995 704 4072 AC,
739 4019 792 4058 sen
821 3999 951 4061 altitudo
985 4000 1084 4061 atriae
1118 3999 1282 4076 superficiei
1305 3997 1376 4070 EG,
1411 4017 1488 4078 quae
1512 3995 1730 4059 refractionem

365 4089 468 4164 affert,
497 4087 601 4149 statim
625 4096 657 4148 et
685 4087 812 4165 angulus
836 4097 1076 4167 cognosceretur.
1125 4086 1199 4147 Cum
1224 4087 1303 4147 00100
1330 4086 1384 4146 ΕΒ
1414 4093 1526 4165 tangat
1551 4082 1608 4147 BC
1632 4083 1663 4145 in
1688 4084 1726 4156 B,

368 4197 444 4259 quac
468 4197 505 4238 ex
531 4177 559 4239 Α
584 4185 687 4239 000000
712 4176 741 4238 10
765 4175 790 4235 Β
815 4185 986 4237 contactum
1011 4176 1136 4249 ducitur,
1161 4175 1217 4236 AB
1241 4174 1498 4254 perpendicularis
1522 4175 1582 4236 erit
1605 4174 1644 4235 ad
1664 4172 1730 4240 BF.

365 4266 410 4327 sic
434 4274 465 4327 et
488 4265 545 4329 ΑΕ
571 4266 598 4326 10
624 4265 690 4326 ΕΗ.
738 4265 853 4326 Rectus
886 4265 977 4344 igitnr
999 4265 1101 4330 ΕΒΑ,
1136 4270 1235 4324 rectus
1264 4271 1296 4323 et
1319 4261 1401 4323 ΙΕΑ.
1449 4263 1490 4323 Et
1513 4262 1618 4335 ΒΕΔ,
1642 4261 1728 4324 ΒΑΕ

364 4354 461 4432 ju'ncti
485 4363 616 4434 aequant
640 4364 763 4423 rectum,
789 4372 860 4432 orgo
885 4353 1030 4414 communi
1054 4352 1138 4414 ΒΕΑ
1162 4352 1279 4424 ablato,
1306 4350 1374 4412 lEB
1399 4352 1446 4412 rel
1472 4350 1562 4412 GEll
1586 4363 1619 4413 et
1642 4349 1729 4413 ΒΑΕ

366 4449 455 4503 00000
477 4444 629 4520 aequales.
677 4444 760 4504 Data
784 4462 855 4504 reru
879 4440 933 4503 cl:
957 4442 1115 4502 altitudine
1140 4442 1268 4502 0001010
1292 4440 1484 4518 proportione
1510 4440 1578 4513 ΒΑ,
1605 4440 1729 4500 daretur

367 4530 425 4592 EA
449 4538 481 4590 et
498 4530 554 4590 BA
579 4538 610 4591 00
624 4531 718 4603 ΕΒΑ,
745 4551 838 4609 qnare
863 4540 895 4589 00
908 4530 993 4591 ΕΑΒ
1019 4530 1143 4608 ideoque
1168 4538 1199 4590 et
1215 4528 1302 4592 GEIl
1326 4527 1392 4589 lruic
1417 4529 1564 4609 aequalis,
1589 4536 1621 4589 et
1644 4525 1730 4589 Gur

368 4618 548 4680 retractione
572 4618 706 4691 sublata,
732 4626 863 4679 restaret
886 4618 968 4677 l‘llll
991 4617 1146 4679 inclinatio
1170 4619 1222 4679 FE
1254 4617 1402 4678 irrefracti
1433 4636 1526 4698 00000
1552 4623 1728 4696 tangente·

368 4706 435 4768 ΕΗ.
483 4704 576 4785 Atqui
601 4707 736 4767 uescitur
758 4706 811 4768 EC
837 4705 965 4766 altitudo
995 4706 1075 4767 airis
1105 4707 1317 4768 refractionem
1346 4706 1498 4768 facientis.
1545 4708 1626 4770 Nam
1649 4703 1727 4785 quod

369 4794 461 4873 optici
484 4795 703 4868 demonstrant,
724 4794 912 4855 altitudinem
933 4796 1172 4874 crepusculornm
1193 4795 1338 4857 materiae
1363 4815 1493 4874 aequare
1517 4793 1728 4864 120011110οἰ0,

344 4905 346 4912 ·
370 4901 428 4943 nou
452 4883 557 4945 statim
581 4884 726 4963 sequitur,
750 4883 876 4944 eandem
901 4884 1057 4946 materiam
1082 4903 1164 4958 esse,
1189 4904 1266 4964 qnae
1294 4884 1474 4962 crepuscula
1496 4882 1573 4944 lacit
1595 4891 1628 4943 et
1650 4899 1728 4962 quae
