3692 5842
344 454 411 523 240
803 454 1010 519 grummo„
1027 455 1054 504 u
1073 452 1239 505 rasum.

344 633 485 696 exterior.
527 634 603 696 Cum
626 642 728 695 autem
750 631 814 706 CB,
833 633 891 694 ΒΚ
909 633 974 712 jam
999 632 1146 695 desierint
1167 649 1342 695 concurrere
1363 631 1394 695 in
1418 632 1487 695 illas
1509 637 1618 712 partas
1640 648 1703 690 can

343 722 439 797 FAD,
464 724 558 784 multo
583 724 680 784 minus
704 722 796 801 igitur
820 720 861 783 lG
886 722 1003 783 duabus
1027 721 1259 783 retractionibus
1282 720 1373 783 sactis
1396 730 1566 784 concurret.

432 813 681 875 Demonstratum
702 812 794 889 igitur
814 820 870 883 est,
896 810 1008 871 nnllam
1032 809 1231 873 radiatinnom
1245 809 1314 871 abl
1336 812 1507 891 prolectam
1528 825 1704 871 concurrere

342 921 409 965 eum
425 902 509 962 lAD.
533 902 596 963 Sed
611 920 706 979 neque
721 901 760 959 ab
777 899 837 960 ullo
852 907 962 977 puncto
978 901 1022 960 cis
1038 900 1051 960 1
1066 917 1246 962 concurrens
1259 896 1390 961 ramatio
1404 898 1624 979 proficiscetur.
1648 905 1704 973 (cu

342 1010 373 1055 at
393 1003 470 1055 ultra
483 1002 600 1055 voculae
624 1000 776 1069 respiciunt
796 996 932 1069 globum.)
969 987 1098 1050 Rursum
1122 988 1210 1060 enim,
1233 1006 1311 1067 qnae
1333 997 1383 1049 est
1406 987 1533 1050 interior
1555 1004 1647 1067 qum
1662 983 1703 1047 IC

344 1094 399 1141 ant
421 1098 616 1159 quaecunque
641 1097 678 1137 ea
704 1079 726 1146 l,
750 1078 884 1137 sectione
908 1077 937 1138 in
962 1075 987 1138 C
1012 1077 1097 1138 sacta
1124 1077 1217 1137 latius
1244 1076 1424 1155 evagsbitnr
1451 1095 1543 1157 quarn
1566 1072 1619 1137 lC.
1664 1073 1706 1135 Et

343 1187 411 1230 cum
434 1168 510 1228 baec
535 1186 592 1228 non
618 1177 787 1239 concurrat,
812 1165 907 1226 multo
931 1166 1028 1226 minus
1051 1165 1105 1227 illa
1127 1173 1292 1227 concurret.

433 1256 577 1317 Sumatur
596 1257 663 1336 jam
685 1266 830 1334 punctum
854 1255 1049 1334 quodcunque
1072 1254 1165 1316 altius
1188 1272 1277 1335 qnam
1295 1263 1344 1315 cst
1363 1253 1389 1314 1.
1425 1251 1536 1333 Sitque
1549 1250 1592 1315 Ο.
1630 1251 1705 1313 Dico

343 1346 461 1426 aliquas
484 1344 604 1406 omnino
630 1344 813 1405 radiationes
833 1342 914 1404 exO
939 1362 1115 1404 concurrere
1133 1363 1200 1404 cum
1219 1362 1287 1403 axe.
1324 1342 1458 1404 Rursum
1478 1342 1560 1404 enim
1579 1342 1705 1404 dueatur

344 1432 402 1497 ΟΗ
427 1434 530 1495 radius
554 1435 583 1493 iu
607 1434 637 1493 Η
670 1442 828 1513 puuctum,
863 1433 943 1510 quod
976 1432 1120 1493 terminat
1151 1451 1328 1493 concursum
1361 1430 1543 1493 radiationis
1566 1450 1607 1492 ex
1630 1448 1704 1510 qno-

343 1543 457 1603 cunque
481 1531 592 1600 puncto
617 1542 650 1583 se
674 1520 816 1581 citeriori.
863 1519 947 1598 Ergo
971 1520 999 1579 iu
1024 1521 1051 1580 Il
1080 1521 1114 1580 lit
1142 1519 1328 1582 intersectio.
1376 1518 1511 1598 Cumque
1535 1517 1645 1581 IHGL
1666 1518 1705 1578 ait

343 1612 490 1673 terminus
522 1629 686 1671 concursus
714 1628 751 1669 ex
780 1610 808 1681 1,
842 1618 874 1670 ot
898 1608 956 1669 GL
986 1608 1151 1687 parallelos
1182 1610 1221 1669 ad
1249 1608 1325 1681 AD,
1355 1605 1413 1670 013
1446 1607 1576 1669 interior
1608 1607 1704 1668 iactu

343 1700 536 1761 inclinabitur
558 1699 686 1772 omnino,
712 1717 803 1778 quare
827 1709 994 1759 concurret.
1042 1698 1075 1757 ld
1100 1698 1151 1758 fiet
1174 1697 1311 1759 omnibus
1335 1694 1417 1758 exO
1441 1696 1666 1758 radiationibus
1686 1716 1704 1755 a

344 1789 539 1867 contingente
570 1785 730 1866 sphaeram
762 1805 856 1865 usque
889 1788 927 1847 ad
961 1806 1028 1847 eam
1061 1786 1278 1860 radiatiouem,
1312 1804 1388 1866 qnae
1419 1804 1458 1847 ex
1480 1782 1511 1846 Ο
1540 1784 1705 1846 secundnm

344 1878 428 1957 leges
453 1875 638 1956 praemissae
666 1873 715 1937 ¹0.
741 1875 868 1935 ducitur.
916 1873 1001 1944 Quae
1027 1894 1096 1935 vern
1125 1876 1212 1936 err
1240 1885 1353 1954 puncto
1387 1874 1501 1935 cadunt
1533 1875 1619 1936 intra
1641 1870 1706 1944 cr,

343 1986 401 2027 non
424 1974 606 2027 concurrunt
628 1973 699 2044 post
722 1963 854 2041 globum.
892 1963 953 2024 Seu
978 1964 1056 2044 quod
1080 1963 1159 2025 idem
1178 1973 1237 2033 est,
1259 1964 1343 2026 nulla
1364 1963 1530 2043 parallelos
1555 1961 1705 2024 interKB

343 2063 376 2115 et
398 2055 458 2115 DA
481 2072 658 2115 concurrere
691 2061 795 2133 potest
817 2051 862 2112 cis
884 2053 911 2113 F
932 2072 999 2114 enm
1022 2054 1089 2113 Ar.
1135 2052 1215 2114 Hinc
1238 2061 1383 2131 apparet,
1418 2071 1476 2113 non
1501 2051 1706 2114 universalem

342 2162 411 2204 esse
434 2143 473 2215 Χ,
498 2139 550 2204 43.
576 2141 762 2202 Vitellionis.
810 2138 900 2209 Quod
924 2142 1042 2219 quidem
1065 2161 1123 2202 non
1156 2141 1327 2203 dissimulat
1349 2142 1394 2202 sic
1417 2141 1625 2201 concludens:
1654 2151 1706 2205 Sed

344 2248 376 2297 et
395 2242 425 2296 in
444 2242 488 2296 lais
508 2242 598 2295 multa
617 2248 663 2294 est
681 2239 844 2301 diversitas,
871 2256 952 2310 quam
976 2241 1155 2311 relinquimus
1181 2241 1272 2294 studio
1298 2239 1493 2311 perquirentis.
1544 2228 1707 2307 Languent

343 2338 415 2382 sero
439 2329 511 2400 post
533 2329 617 2380 tuam
640 2328 784 2391 aetatem,
810 2318 945 2391 vitellio,
970 2319 1045 2378 haec
1067 2321 1184 2393 studia,
1209 2331 1241 2380 et
1264 2321 1327 2379 iere
1351 2322 1465 2381 bostra
1487 2328 1612 2397 tenipus
1635 2337 1705 2397 per-

342 2410 431 2484 dunt,
462 2409 512 2488 qui
543 2408 618 2468 haec
651 2408 785 2468 excitare
818 2417 974 2467 conantur.
1021 2407 1126 2469 ldetnn
1151 2426 1295 2487 namque,
1319 2416 1354 2469 ut
1375 2418 1408 2467 tn
1432 2407 1571 2486 adeoque
1594 2417 1628 2469 et
1651 2425 1705 2486 ego

342 2517 420 2560 nnnc
441 2498 511 2577 plus
534 2515 645 2575 operae
665 2506 696 2557 et
719 2496 863 2574 temporis
887 2496 1112 2558 insumaerimus
1131 2496 1161 2558 in
1184 2496 1357 2569 exarandis,
1383 2495 1545 2575 gignendis
1564 2505 1599 2557 et
1616 2495 1705 2575 plane

342 2586 516 2667 sculpendis
540 2586 623 2646 hisce
645 2584 912 2664 propositionibus,
938 2604 1025 2665 quam
1049 2587 1180 2647 universi
1196 2586 1225 2647 in
1251 2586 1386 2665 legendis
1410 2584 1573 2647 insnmtnri
1587 2583 1705 2656 sint*)

431 2752 458 2817 ⁸)
478 2754 690 2823 Perspicuitatis
711 2770 797 2807 cansa
811 2771 911 2823 ponam
927 2757 962 2807 ob
983 2756 1076 2808 oeulos
1091 2756 1182 2809 omnia
1202 2756 1286 2823 hujus
1307 2756 1413 2827 negotii
1427 2758 1553 2811 membra
1569 2756 1705 2828 (quanvis

341 2835 496 2909 propositio
518 2842 625 2886 tantum
647 2836 680 2886 de
702 2835 840 2904 aliquibus
865 2835 1011 2905 loquatur:
1043 2852 1161 2905 sequens
1182 2852 1247 2889 sero
1272 2836 1316 2891 16.
1337 2840 1371 2890 dc
1397 2835 1537 2902 residuo),
1569 2838 1652 2908 idque
1673 2854 1705 2890 en

342 2915 441 2987 magis.
465 2916 536 2984 quod
557 2915 757 2968 demonstratio
778 2915 841 2983 ipse
861 2915 946 2969 etism
967 2914 1076 2984 longius
1098 2924 1246 2986 evagatur.

431 2996 503 3048 Sunt
523 2996 577 3046 duo
597 3003 701 3063 puncta
724 2995 750 3046 in
771 3010 826 3047 axe
846 2995 898 3047 AN
924 2994 1101 3055 continuato,
1123 2996 1242 3048 alterum
1264 2997 1289 3057 l,
1312 2995 1431 3049 alterum
1456 2996 1545 3066 paulo
1566 3014 1656 3067 supra
1678 2998 1704 3059 F.

341 3092 414 3147 quae
445 3074 620 3143 distinguunt
651 3075 819 3127 radiationcs
847 3074 874 3126 in
901 3075 956 3126 tria
981 3091 1096 3143 genera.
1141 3076 1258 3129 Primum
1286 3086 1331 3127 est
1360 3086 1524 3144 punctorum
1555 3077 1632 3131 inter
1660 3078 1704 3136 tx,

342 3156 490 3207 seeundum
512 3162 674 3222 punctorum
696 3155 769 3206 inter
791 3154 801 3206 l
823 3162 852 3205 et
873 3165 1002 3222 punctum
1024 3156 1143 3208 alterum
1164 3156 1288 3224 proxime
1310 3172 1396 3224 supra
1417 3157 1447 3209 Γ.
1491 3158 1619 3212 Tertium
1641 3158 1703 3212 reli·

343 3252 457 3305 quorum
481 3243 641 3302 punctorum
665 3236 782 3286 omnium
804 3250 888 3302 supra
909 3235 976 3286 illud
998 3242 1127 3302 punctum
1149 3237 1184 3287 ad
1206 3237 1227 3289 F
1247 3254 1298 3305 per
1318 3235 1451 3289 infinitam
1474 3238 1590 3290 lineam.

430 3315 513 3366 Primi
536 3322 564 3364 et
591 3315 665 3366 tertii
695 3315 850 3365 contrariae
879 3326 943 3366 sunt
971 3315 1102 3368 rationes.
1144 3317 1215 3369 Nam
1243 3317 1411 3370 radiationes
1433 3335 1469 3370 ex
1493 3318 1569 3369 linea
1593 3319 1631 3371 lli
1653 3337 1704 3372 non

341 3405 449 3449 tantum
465 3411 519 3446 non
540 3405 705 3446 concurrunt
721 3411 780 3445 cum
796 3395 856 3452 AD.
880 3396 926 3444 sed
942 3394 1025 3445 etiam
1047 3395 1237 3464 digrediuntur
1251 3398 1288 3449 ab
1302 3415 1338 3447 ea
1352 3414 1453 3455 omnes.
1476 3397 1557 3451 nulla
1572 3411 1703 3468 excepta

340 3480 379 3528 At
401 3474 570 3527 radiationes
593 3490 677 3542 supra
698 3474 806 3542 signum
828 3476 862 3524 nd
886 3474 906 3524 f
927 3474 954 3525 in
980 3474 1113 3527 inlinitum
1140 3484 1304 3529 concurrunt
1324 3493 1417 3529 omncs
1445 3477 1538 3532 tnulla
1567 3475 1706 3548 excepta)

340 3572 401 3608 cnm
423 3571 478 3606 axe
501 3554 561 3606 AD.

430 3635 475 3687 lta
499 3633 674 3686 terminorum
695 3630 773 3699 primi
796 3643 824 3682 et
847 3631 922 3683 tertii
944 3633 1055 3701 genens
1077 3634 1200 3685 rationes
1222 3634 1321 3689 iterum
1342 3646 1406 3688 sunt
1428 3637 1599 3692 contrariae.
1636 3640 1707 3693 Nur

341 3714 511 3769 radiatioues
533 3731 569 3764 cx
594 3713 605 3765 1
626 3730 679 3764 nou
701 3711 787 3761 minus·
810 3729 890 3779 quarn
912 3730 948 3763 cx
971 3711 1045 3763 lines
1061 3712 1096 3764 ln·
1119 3729 1211 3765 omues
1227 3716 1263 3766 ab
1278 3732 1334 3769 axe
1355 3716 1559 3786 digrediuntur,
1583 3729 1707 3790 excepta

341 3796 424 3864 plane
447 3792 545 3843 ultima
565 3793 603 3844 lli
627 3792 653 3842 in
675 3791 804 3842 circulum
827 3792 903 3859 globi
926 3790 1055 3843 minorum
1077 3793 1228 3855 desinente,
1251 3811 1305 3864 quo
1327 3795 1354 3849 iu
1375 3795 1478 3849 simulo
1499 3797 1620 3867 globum
1643 3817 1707 3853 ωπ-

345 3874 458 3942 tingunt
479 3872 546 3922 illae
568 3871 746 3923 radiationes.
791 3872 848 3922 liae
874 3886 990 3938 namque
1017 3870 1120 3938 prisone
1141 3883 1204 3925 sunt
1225 3892 1260 3926 ex
1284 3876 1323 3928 m·
1343 3876 1487 3937 stanles,
1514 3895 1589 3947 quae
1616 3897 1707 3951 neque

342 3952 537 4022 digrediuntur
558 3967 647 4018 neque
676 3959 855 4007 concurrunt.
879 3952 927 3999 sed
949 3952 1014 4001 fiunt
1038 3950 1084 4001 axi
1106 3953 1158 4003 AD
1180 3956 1355 4021 parallelae,
1378 3964 1409 4008 nt
1431 3956 1480 4008 GL
1501 3975 1538 4010 cx
1562 3959 1575 4012 l
1596 3961 1706 4015 exiens.

430 4035 468 4083 At
491 4030 661 4081 radiationea
682 4047 717 4081 ex
740 4030 820 4097 siguo
842 4031 876 4079 ad
900 4030 920 4080 l'
941 4045 1033 4079 ornnes
1055 4042 1221 4086 concurrunt
1241 4052 1300 4087 cum
1322 4052 1387 4096 axe.
1410 4052 1497 4106 usqne
1519 4040 1557 4091 ad
1580 4039 1707 4094 intim

341 4111 397 4172 FN,
420 4126 491 4180 quae
512 4109 639 4161 coincidit
660 4126 721 4160 cnm
742 4125 814 4160 axo:
843 4110 913 4176 qued
943 4108 1012 4159 idcnr
1033 4119 1060 4160 et
1088 4112 1211 4181 reliquae
1237 4131 1331 4166 omnes
1354 4132 1440 4185 supra
1462 4117 1484 4169 l'
1504 4116 1631 4184 faciunt,
1659 4122 1708 4174 sad

341 4192 410 4245 baec
432 4190 521 4259 prima
543 4206 578 4241 ex
602 4188 656 4240 illis
677 4196 729 4247 est,
752 4188 831 4255 cnjus
853 4187 1021 4239 radiationca
1042 4206 1134 4242 omnes·
1156 4204 1321 4247 concurrunt
1343 4213 1404 4248 aas·
1426 4211 1492 4248 axe.

430 4269 546 4322 Secundi
570 4285 635 4320 rere
655 4266 765 4336 generis
797 4283 894 4334 nempe
923 4279 1084 4335 punctorum
1112 4271 1184 4324 inter
1208 4273 1240 4324 tl*
1271 4276 1393 4328 rationes
1420 4289 1484 4329 sunt
1512 4278 1707 4333 intermediae.

340 4352 411 4405 Nam
432 4349 602 4401 radiationes
624 4346 714 4413 (vorbi
736 4345 843 4414 gratini
865 4347 959 4413 puncti
982 4349 1017 4406 0.
1041 4366 1111 4417 quae
1135 4363 1199 4404 snut
1221 4354 1326 4406 sicinae
1348 4356 1397 4408 axi
1420 4356 1486 4417 ΟΔ,
1508 4360 1707 4429 digrediuntur

340 4432 377 4485 ab
405 4445 460 4481 axe
491 4444 578 4496 usque
609 4429 643 4479 ad
673 4439 804 4493 punctum
834 4427 946 4494 aliquod
976 4430 1145 4496 superficiei,
1177 4432 1204 4482 in
1231 4450 1285 4501 quo
1315 4436 1395 4505 leges
1426 4438 1629 4506 propositionis
1660 4443 1705 4495 lo.

340 4508 542 4578 exprimuntur.
586 4507 657 4559 Nam
687 4506 712 4555 in
741 4522 774 4555 eo
805 4517 906 4572 puncto
937 4523 984 4557 seu
1015 4510 1106 4575 potius
1136 4510 1239 4563 circulo
1270 4514 1410 4582 sphaerae
1439 4518 1514 4570 cirea
1543 4518 1567 4572 N
1601 4520 1706 4590 polum

340 4588 511 4643 missiones
533 4587 600 4637 fiunt
623 4584 778 4653 parallelae
799 4584 847 4636 axi
900 4585 934 4636 Et
956 4586 992 4637 ab
1015 4604 1048 4639 eo
1070 4601 1171 4657 puncto
1204 4609 1289 4662 usque
1313 4596 1347 4647 ad
1371 4596 1413 4656 id,
1445 4596 1472 4648 in
1495 4614 1550 4667 quo
1580 4601 1705 4668 sphaera

340 4668 512 4738 confingitur
540 4682 557 4717 a
584 4664 680 4733 puncti
702 4663 725 4714 0
755 4663 921 4718 radiatione.
948 4681 1041 4717 omnes
1062 4670 1228 4722 radiatiouoa
1260 4674 1427 4741 interjectae
1457 4696 1493 4730 ex
1517 4678 1541 4730 0
1568 4696 1705 4750 egressae

340 4755 505 4800 wmrrtmt
526 4760 587 4797 mm
607 4760 671 4796 axe.
706 4742 803 4811 ltaque
825 4743 897 4793 latus
919 4744 1028 4812 quidam
1043 4746 1069 4797 in
1091 4749 1176 4817 globo
1198 4752 1296 4806 limbum
1311 4773 1361 4808 seu
1384 4772 1456 4809 aona
1477 4767 1521 4812 est
1544 4762 1706 4833 aequaliter

341 4826 390 4879 axi
411 4824 600 4893 eirenmjeeta,
632 4824 659 4875 in
680 4821 759 4885 cirins
781 4833 884 4889 puncta
913 4822 1063 4876 incidentes
1089 4845 1125 4879 ex
1149 4830 1171 4881 0
1193 4833 1362 4887 radiationes
1393 4853 1488 4889 omnes
1514 4851 1702 4896 concurrant:

341 4902 417 4958 im
437 4904 515 4957 rusa
545 4902 656 4956 limbum
687 4899 845 4969 supernates
866 4912 909 4953 eat
940 4903 1030 4956 instar
1059 4906 1153 4974 pileoli
1175 4923 1224 4961 aut
1258 4930 1345 4965 zonae
1377 4916 1497 4986 frigidae
1526 4938 1577 4973 sen
1609 4932 1703 4976 tenu

340 4978 1504 5053 pffiahffllfflfljsspmmndittiomnnnnnmmt„
