3692 5842
367 485 432 553 694
847 484 887 536 Da
906 484 986 536 Stella
1005 485 1077 537 Nora
1094 483 1246 551 Serpentarii

364 664 530 727 rationibus
555 663 644 725 facile
668 662 862 724 revelluntur.
909 659 1011 731 Quare
1041 663 1085 725 sic
1108 662 1206 725 sensit
1226 660 1413 725 Aristoteles
1437 665 1557 728 eoelum
1580 665 1721 728 inaltera-

364 754 447 817 bile?
493 750 573 821 Quia
597 752 723 832 (inqnit)
755 771 774 811 a
802 758 849 811 tot
878 751 989 812 seculis
1017 752 1089 813 nihil
1121 759 1168 813 est
1191 751 1443 814 animaduersum.
1487 752 1574 833 Ergo
1605 755 1633 816 si
1663 757 1723 836 quis

364 842 565 905 Aristotelem
589 842 706 917 doceat,
731 840 960 901 succedentibus
984 840 1094 901 seculis
1118 841 1322 921 compluscula
1343 860 1423 903 nova
1436 841 1467 904 in
1487 843 1577 904 coelo
1591 843 1723 905 animad-

364 951 463 1005 versa,
488 930 687 992 libentissime
712 929 839 990 decedet
862 928 899 988 de
924 929 1086 992 sententia.
1130 931 1175 991 At
1198 929 1285 991 hodio
1309 930 1450 1011 discipuli
1465 932 1651 995 Aristotelis
1671 952 1722 994 non

363 1022 402 1083 ad
426 1020 583 1093 rationem,
607 1020 660 1080 sed
684 1019 723 1079 ad
747 1018 857 1079 nudam
882 1018 1063 1080 sententiam
1086 1018 1292 1099 respicientes,
1318 1037 1356 1079 ex
1379 1020 1528 1101 dogmate
1547 1020 1722 1101 philosophi,

362 1110 441 1191 quod
464 1109 490 1170 is
515 1109 552 1170 ab
577 1107 762 1190 experientia
789 1106 929 1186 petebat,
962 1108 1074 1169 audent
1102 1108 1223 1190 obloqui
1246 1108 1450 1188 experientiae
1472 1117 1645 1192 contraque
1666 1129 1723 1172 eam

363 1198 502 1279 excipere
517 1198 609 1259 variis
624 1196 810 1259 diverticulis
826 1195 982 1276 quaesitis.
1021 1195 1083 1259 Sed
1109 1217 1140 1259 ro
1161 1216 1311 1278 perpensa
1324 1197 1516 1279 diligentins,
1542 1200 1723 1261 Aristoteles

361 1288 533 1350 inductione
553 1307 625 1349 usus
647 1306 714 1348 esse
735 1285 865 1346 videtur.
902 1286 949 1346 De
973 1285 1104 1348 motibus
1129 1286 1285 1349 stellarum
1306 1295 1438 1364 constat,
1462 1287 1554 1369 leges
1569 1288 1610 1350 ab
1624 1288 1721 1350 ultima

362 1378 506 1439 memoria
536 1376 687 1437 hominum
721 1375 867 1435 mansisse
892 1374 1030 1437 easdem:
1064 1383 1095 1436 et
1126 1374 1217 1437 iidem
1250 1374 1337 1437 hodie
1361 1376 1553 1439 circumeunt
1575 1377 1723 1457 planetae,

362 1467 411 1547 qui
436 1467 506 1527 olim
532 1467 659 1538 inerunt,
684 1464 864 1543 eaedemque
888 1464 1013 1525 fixarum
1037 1464 1296 1526 constellationes:
1319 1483 1374 1527 neo
1398 1467 1436 1528 de
1453 1466 1527 1547 ipso
1546 1466 1721 1528 intermedie

362 1555 457 1635 (qnod
481 1556 575 1617 oculis
598 1574 657 1616 non
681 1562 730 1615 est
753 1553 882 1624 obvium,
906 1554 976 1633 quia
998 1554 1194 1633 pellucidum)
1218 1554 1368 1616 diversum
1386 1555 1598 1618 demonstrari
1615 1565 1720 1636 potest

361 1645 443 1725 Ergo
468 1645 568 1708 omnia
590 1644 618 1705 in
644 1644 726 1705 coelo
752 1649 823 1703 sunt
844 1650 1005 1722 perpetua,
1035 1642 1101 1723 ipsa
1124 1642 1216 1705 etiam
1240 1631 1354 1704 orbium
1377 1644 1522 1707 materia.
1570 1643 1658 1707 Haec
1678 1644 1719 1706 iu-

361 1735 462 1796 ductio
487 1734 576 1795 fallit.
622 1732 722 1812 Leges
745 1741 878 1793 motuum
902 1732 1025 1792 easdem
1048 1732 1194 1813 hodieque
1218 1732 1480 1811 deprehendimus,
1507 1752 1588 1814 quae
1603 1742 1655 1796 est
1670 1753 1722 1794 uua

361 1823 428 1884 sola
456 1830 487 1883 et
518 1823 683 1884 decumana
712 1831 950 1883 astronomorum
978 1820 1164 1903 hypothesis.
1210 1821 1256 1883 At
1287 1821 1324 1882 de
1352 1823 1451 1884 medio
1482 1841 1541 1885 seu
1569 1823 1609 1884 de
1633 1823 1720 1884 blesis

361 1910 482 1991 raquia,
516 1911 552 1973 de
586 1910 724 1972 tentoriis
755 1910 831 1972 coeli
860 1909 1010 1972 diversum
1040 1929 1098 1971 nou
1127 1911 1253 1972 obscure
1280 1917 1386 1973 nostra
1418 1931 1474 1974 nos
1510 1912 1606 1974 docet
1631 1921 1719 1973 aetas.

359 2000 403 2061 Et
427 2000 581 2062 docuisset
606 2000 710 2061 eadem
734 2000 815 2078 prior
839 2007 936 2070 aetas,
961 1998 987 2059 si
1011 1999 1172 2080 majoribus
1197 2000 1307 2062 nostris
1331 1999 1360 2062 in
1379 2009 1513 2063 mentem
1536 2001 1720 2063 venissetad

359 2089 435 2150 haec
459 2090 627 2150 attendere.
664 2088 850 2168 ‚Proponam
873 2106 944 2149 vero
969 2087 1083 2170 aliquot
1106 2089 1153 2151 hic
1177 2089 1370 2163 documenta,
1393 2109 1432 2152 ex
1455 2090 1568 2172 quibus
1592 2090 1625 2152 id
1648 2090 1718 2172 quod

359 2180 507 2240 contendo
532 2178 750 2258 quodammodo
773 2177 905 2257 perspici
928 2177 1043 2257 possit:
1069 2188 1103 2240 ut
1125 2196 1222 2240 novae
1246 2178 1332 2255 lixae,
1356 2198 1432 2261 quas
1450 2198 1489 2240 ex
1505 2179 1717 2243 materiame-

359 2268 429 2329 lesti
453 2266 605 2328 alterabili
628 2265 728 2346 gigno,
754 2266 900 2346 exemplis
924 2267 992 2328 aliis
1009 2267 1157 2329 alteratae
1173 2267 1320 2329 materiae
1335 2269 1479 2339 coelestia
1499 2271 1718 2331 confirmentur.

446 2357 469 2418 I.
508 2356 642 2418 Primum
664 2356 782 2435 periero
807 2355 862 2416 tibi
886 2374 923 2416 ex
947 2354 1067 2435 Opticis
1091 2355 1164 2417 meis
1189 2357 1239 2418 sol.
1261 2352 1326 2419 292
1349 2357 1523 2438 exemplum
1549 2358 1624 2420 illud
1648 2359 1716 2420 cali-

357 2443 435 2525 ginis
459 2445 650 2525 prodigiosae
674 2446 743 2506 anni
768 2440 868 2517 1547,
895 2445 931 2506 de
950 2464 1010 2524 qua
1029 2445 1162 2507 referunt
1186 2443 1315 2506 Gemma
1336 2454 1424 2525 pater
1448 2454 1481 2508 et
1504 2446 1599 2517 filius.
1625 2446 1718 2510 Solem

356 2553 410 2614 per
433 2543 496 2595 tres
521 2535 585 2597 dies
610 2533 833 2614 consanguine
861 2534 1014 2613 perfusum
1038 2534 1256 2613 comparuisse,
1287 2542 1321 2595 ut
1350 2536 1442 2596 etiam
1465 2536 1581 2598 stellae
1605 2536 1717 2617 plerae-

357 2643 413 2706 que
438 2623 467 2684 in
491 2624 615 2685 meridie
639 2623 894 2704 conspicerentur.
941 2623 976 2685 Id
1001 2624 1113 2685 iactum
1136 2641 1195 2685 uon
1215 2631 1331 2684 tanturn
1345 2624 1375 2686 in
1391 2625 1512 2705 Belgio,
1538 2625 1595 2687 sed
1611 2626 1718 2706 passim

355 2732 410 2792 per
434 2721 531 2775 totam
555 2711 700 2788 Galliam,
727 2711 935 2787 Germaniam,
960 2712 1164 2788 Britanniam,
1188 2712 1336 2774 referente
1360 2712 1520 2793 Scaligero
1546 2714 1584 2776 de
1610 2713 1717 2777 Emen-

357 2802 478 2863 datione
502 2804 681 2883 Temporum
711 2801 762 2862 lib.
787 2801 828 2863 V.
852 2808 883 2861 et
915 2809 986 2862 ante
1010 2801 1102 2872 illum,
1125 2801 1286 2881 Buntingo.
1332 2802 1490 2864 Historiae
1520 2821 1597 2865 veru
1626 2805 1716 2866 multa

357 2891 501 2959 exhibent
523 2892 663 2971 exempla
686 2891 822 2970 interque
841 2899 944 2952 cetera
963 2889 1232 2953 celebratissimum
1252 2890 1334 2967 illud,
1359 2910 1437 2953 anno
1456 2892 1565 2954 caedis
1581 2889 1718 2955 Caesaris

356 3001 432 3061 pene
457 2989 538 3057 toto,
570 2981 701 3060 itemque
730 2988 762 3041 et
792 2998 869 3040 anno
893 2998 950 3060 quo
974 2980 1131 3059 Augustus
1155 2978 1296 3042 decessit.
1343 2978 1404 3042 Sed
1430 2980 1716 3043 demonstrationem

356 3079 547 3132 exstruamus
571 3088 660 3147 snper·
675 3078 810 3130 nostrum
830 3069 1007 3148 exemplum.
1055 3068 1090 3131 Si
1113 3089 1205 3130 causa
1228 3069 1379 3131 obscurati
1395 3067 1476 3131 Solis
1503 3070 1534 3131 in
1560 3079 1635 3132 aere
1659 3071 1716 3134 init.

357 3179 428 3238 ergo
454 3179 521 3219 cum
544 3157 599 3219 Sol
623 3157 661 3218 ab
686 3166 752 3218 ortu
776 3157 804 3218 in
830 3178 968 3220 occasum
1001 3166 1105 3238 utpote
1139 3166 1203 3219 toto
1228 3159 1325 3220 triduo
1349 3168 1402 3220 aut
1431 3168 1465 3220 ut
1489 3158 1637 3240 Scaliger
1659 3162 1715 3221 uult

355 3248 514 3329 quatriduo
537 3248 685 3326 pallorem
708 3247 786 3307 huno
811 3248 984 3309 retinuerit:
1015 3257 1135 3327 oportet
1165 3248 1255 3327 igitur
1285 3256 1380 3310 totum
1405 3254 1508 3310 adrem
1535 3250 1574 3311 ab
1600 3258 1667 3312 ortu
1690 3250 1714 3310 in

356 3356 496 3400 occasum
522 3337 614 3398 fuisse
639 3337 808 3398 obscurum.
856 3337 888 3397 Si
912 3338 978 3411 hoc,
1005 3337 1152 3416 quomodo
1175 3337 1267 3417 igitur
1291 3338 1397 3399 stellae
1422 3357 1475 3417 per
1500 3345 1608 3400 aerem
1628 3339 1715 3405 visae.

355 3447 409 3507 per
434 3447 519 3507 quern
535 3427 588 3488 Sol
612 3425 708 3487 videri
732 3426 784 3486 rix
806 3426 926 3505 potuit?
963 3427 1041 3488 Nam
1066 3446 1123 3487 non
1147 3437 1195 3488 est
1218 3434 1252 3488 ut
1274 3427 1368 3500 dicas,
1393 3434 1464 3488 aire
1480 3427 1614 3489 dilutum
1632 3428 1715 3490 luisse

359 3516 442 3579 Sulis
474 3517 587 3588 lumen,
611 3516 656 3577 sic
689 3525 722 3577 ut
746 3516 865 3576 ademto
890 3516 1049 3594 splendore
1084 3515 1196 3577 lumina
1227 3518 1382 3577 stellarum
1414 3516 1509 3578 etiam
1535 3537 1608 3579 sese
1631 3518 1715 3579 oculo

361 3606 512 3667 insinuare
535 3605 697 3685 potuerint.
746 3603 873 3673 Quando
898 3605 976 3665 enim
1001 3611 1053 3666 a'er
1077 3615 1179 3667 noster
1203 3606 1278 3666 adeo
1309 3605 1522 3680 incrasseseit‚
1559 3615 1593 3669 ut
1626 3607 1714 3669 lumen

359 3695 440 3757 Solis
464 3715 518 3774 per
542 3714 607 3755 cum
631 3695 723 3754 hebes
745 3702 777 3754 et
799 3693 941 3771 pallidum
966 3704 1111 3769 transeat,
1138 3704 1207 3755 tunc
1227 3696 1345 3775 quidem
1362 3694 1465 3756 eadem
1481 3714 1579 3776 opera
1594 3696 1713 3759 immen-

246 3814 250 3824 ·
359 3804 424 3845 sum
449 3785 528 3845 solet
551 3784 717 3844 clarescere
742 3782 835 3842 radiis
854 3780 935 3842 Solis
959 3782 989 3842 in
1013 3803 1080 3843 sese
1104 3784 1243 3863 receptis,
1268 3785 1362 3845 instar
1377 3784 1509 3860 nubium,
1536 3794 1568 3847 et
1583 3806 1713 3867 quaqua·

358 3893 478 3934 versum
512 3872 705 3951 repercussis.
759 3871 866 3950 Itaque
897 3878 950 3933 a‘cr
980 3873 1107 3952 undique
1142 3893 1226 3934 suam
1254 3872 1422 3933 claritatem
1453 3875 1553 3936 oculis
1582 3876 1713 3955 ingerens

360 3981 469 4042 eosque
494 3969 574 4022 totos
600 3979 749 4040 occupans
773 3980 830 4021 non
855 3960 996 4040 relinquit
1021 3962 1116 4022 locum
1139 3963 1227 4041 longe
1243 3961 1433 4023 debilioribus
1454 3963 1617 4026 stellarum
1632 3965 1712 4026 lumi-

357 4051 454 4113 nibus.
502 4049 694 4129 Quapropter
718 4050 915 4110 certissimum
941 4058 1002 4123 est,
1036 4071 1095 4130 qua
1126 4063 1211 4131 parte
1241 4052 1396 4112 stellarum
1425 4052 1541 4114 lumina
1572 4052 1712 4122 ridentur,

356 4142 419 4221 ejus
444 4139 500 4201 loci
524 4147 625 4200 aerem
649 4140 745 4199 atinus
769 4139 913 4200 illustrari
938 4160 957 4199 a
981 4138 1062 4214 Sole,
1087 4141 1211 4220 proinde
1236 4148 1353 4201 tenuem
1377 4160 1445 4202 esse
1468 4161 1526 4204 nec
1553 4157 1658 4224 aptum
1680 4143 1712 4202 ad

356 4230 558 4291 hebetandum
582 4228 663 4289 Solis
688 4229 786 4289 lumen
811 4227 914 4289 diurno
940 4236 1022 4289 motu
1046 4229 1085 4289 ad
1107 4249 1171 4290 eum
1189 4231 1284 4290 locum
1299 4229 1449 4291 devoluti:
1476 4231 1581 4311 itaque
1597 4250 1712 4294 causam

356 4319 486 4398 aliquam
507 4318 596 4378 aliam
616 4326 736 4395 praeter
756 4323 855 4378 aerem
874 4336 942 4378 esse
962 4317 1080 4389 debere,
1099 4330 1181 4396 'quae
1196 4318 1278 4381 Sulis
1298 4319 1393 4379 lumen
1408 4329 1571 4400 tantopere
1588 4324 1712 4384 hebetet.

355 4409 526 4487 priusquam
552 4407 625 4467 illud
650 4407 687 4466 ad
712 4413 811 4467 adrem
836 4417 969 4467 nostrum
992 4407 1163 4485 perveniat,
1189 4427 1321 4488 quaeque
1346 4406 1447 4470 Solem
1472 4410 1501 4469 in
1528 4412 1637 4474 diurno
1658 4413 1711 4472 cir·

357 4497 578 4557 cumvolntione
611 4496 780 4556 comitetur.
836 4495 898 4557 Sed
931 4497 1032 4557 dicent
1064 4497 1207 4570 fortasse,
1242 4516 1363 4557 causam
1396 4498 1529 4578 aliquam
1564 4503 1711 4563 sublimem

357 4586 491 4666 quidem,
525 4592 557 4644 at
587 4586 721 4664 proxime
745 4585 800 4645 snb
824 4585 911 4646 Luna
936 4586 1045 4646 luisse:
1079 4606 1133 4648 nec
1167 4587 1234 4647 hinc
1258 4586 1370 4666 aliquid
1395 4589 1481 4666 sequi
1504 4589 1537 4649 iu
1563 4592 1710 4652 materian

258 4714 260 4717 <
357 4675 454 4736 coeli?
499 4674 630 4735 Primum
654 4674 682 4733 in
708 4672 826 4752 Opticis
851 4683 898 4735 est
922 4676 1174 4749 demonstratum,
1200 4682 1299 4736 adrem
1324 4683 1459 4737 nostrum
1484 4677 1630 4742 humilem
1652 4699 1711 4740 esse

358 4764 517 4823 admodum
542 4763 636 4841 (quod
659 4765 769 4841 partim
794 4772 825 4823 et
847 4763 1031 4825 Aristoteles
1057 4765 1197 4837 latetur),
1223 4765 1302 4844 qnod
1325 4765 1351 4825 ei
1375 4765 1531 4841 succedit,
1562 4770 1628 4847 jam
1651 4787 1710 4828 esse

358 4853 520 4912 aetherem.
568 4853 633 4913 Hoc
652 4861 737 4912 tanto
761 4853 856 4912 minus
880 4853 1050 4930 repudiabit
1074 4854 1116 4928 is,
1142 4855 1190 4934 qui
1214 4853 1357 4914 memoria
1380 4855 1531 4931 tenuerit,
1559 4880 1579 4920 a
1602 4858 1711 4919 Braheo

359 4942 593 5001 demonstratum
617 4960 695 5013 esse,
721 4942 797 5020 quod
823 4942 937 5002 coelum
962 4942 1050 5003 nullis
1075 4952 1193 5004 constet
1216 4942 1322 5004 solidis
1345 4943 1477 5005 orbibus.
1526 4948 1645 5009 Aether
1660 4948 1710 5014 iai·

360 5035 407 5090 tur
431 5039 478 5090 est
500 5030 591 5090 etiarn
616 5029 670 5090 sub
686 5030 771 5091 Luna
785 5031 934 5110 proxime:
958 5050 1016 5111 quo
1033 5033 1097 5094 loco
1122 5034 1147 5095 si
1172 5032 1271 5095 haesit
1293 5032 1420 5095 materia
1438 5035 1595 5115 caliginis,
1621 5036 1709 5100 usai:
