3692 5842
346 454 412 523 330
837 459 1010 510 amomon
1027 458 1208 525 ramosa

436 632 628 694 Manentibus
657 632 735 694 enirn
764 637 874 697 ceteris
903 644 936 695 et
967 634 1232 714 GHeoliptieam
1255 637 1371 696 'uersru
1392 634 1646 713 repraesentant·
1670 651 1708 694 es

346 724 377 784 A
400 723 504 784 centro
529 718 651 790 Terrae,
676 724 719 782 IK
743 742 816 784 vero
840 724 989 785 visibilem
1014 743 1052 786 ex
1073 726 1103 798 Β
1125 725 1190 785 loon
1214 724 1244 784 in
1267 722 1440 803 superficie,
1465 723 1507 794 sit
1531 722 1622 784 Luns
1643 721 1708 782 iul

347 811 395 871 vel
420 810 458 883 K,
484 811 533 872 sic.
552 819 586 872 ut
609 821 765 889 spectetur
788 832 825 872 ex
850 814 875 873 B
901 812 1057 885 lineisBl,
1079 812 1201 874 Blitio·
1216 811 1357 892 ecliptioa
1374 810 1522 891 siquidm
1538 811 1706 874 visibiliter.

349 898 425 963 Cum
449 918 520 979 ergo
544 900 597 974 At,
624 901 683 960 ΑΚ
706 911 858 980 ponantur
891 901 1051 981 aequales,
1067 901 1211 962 sturm
1234 901 1277 964 sit
1297 919 1359 961 uns
1382 903 1483 973 muts,
1511 899 1709 973 eruntddss,

347 988 423 1051 AKI
457 996 489 1050 et
520 1008 623 1050 omnes
647 990 678 1050 hi
702 991 819 1069 anguli,
854 1011 920 1052 curn
953 990 1060 1069 plano
1076 1010 1150 1069 peu·
1158 990 1204 1051 ΙΙ(
1234 999 1339 1052 erecto
1371 989 1549 1064 constituti,
1585 988 1711 1050 inricers

349 1078 503 1158 aequales.
550 1078 594 1139 At
618 1078 647 1139 hi
672 1089 905 1158 repraesentant
937 1079 1109 1196 parallauin
1139 1079 1325 1153 latitudinis,
1356 1079 1429 1158 quis
1450 1079 1477 1142 Β
1498 1078 1588 1198 locus
1610 1078 1710 1139 estin

348 1168 439 1247 plano
463 1167 566 1229 circuli
591 1168 770 1230 latitudinis.
1221 1201 1224 1208 ·
1517 1197 1520 1202 ·

439 1272 567 1347 Quarto,
593 1274 685 1352 quod
709 1271 956 1354 longitudinis
979 1213 1219 1351 patellaxiu
1215 1273 1340 1346 attinet,
1364 1270 1649 1344 connectenturO,
1672 1271 1707 1334 Ε.

349 1362 391 1424 Εί
414 1362 486 1423 sit
473 1382 537 1442 Jam
562 1360 644 1423 CBL
668 1372 778 1438 rectus,
804 1364 862 1425 erit
884 1370 916 1422 et
940 1359 1011 1423 GBi
1034 1370 1145 1436 rectus,
1170 1381 1241 1441 qma
1256 1360 1312 1423 ΟΒ
1333 1370 1381 1421 est
1405 1361 1437 1421 in
1459 1361 1550 1440 plsuo
1572 1361 1710 1422 annun

349 1451 473 1532 planum
503 1461 595 1514 recto.
642 1451 710 1514 Erit
741 1452 831 1531 igitur
860 1448 944 1513 ΑΟΒ
977 1450 1144 1529 parallaxis
1177 1458 1290 1531 quanta
1323 1458 1372 1511 est
1403 1450 1534 1511 omnium
1566 1450 1707 1522 maxima,

351 1541 507 1602 occidente
531 1540 617 1601 Luna
649 1541 688 1601 ad
721 1542 834 1612 visum,
867 1559 961 1620 eaque
986 1540 1015 1599 in
1047 1540 1157 1601 circulo
1185 1539 1322 1601 verticuli
1346 1557 1399 1600 seu
1422 1540 1623 1618 ρητοττλατης.
1668 1538 1708 1600 Et

352 1630 422 1710 quia
446 1626 531 1691 CEA
556 1638 656 1690 rectus
690 1633 754 1701 (est
783 1630 860 1690 enim
888 1630 954 1709 jam
979 1626 1004 1689 Ο
1028 1627 1058 1689 in
1081 1629 1172 1707 plano
1196 1627 1270 1690 IGK
1295 1628 1333 1689 ad
1356 1627 1478 1707 planum
1502 1628 1591 1690 ΑΒΕ
1611 1630 1709 1703 recto)

351 1728 384 1782 et
406 1715 491 1780 ΑΟΕ
514 1717 680 1797 parallaxis
703 1718 883 1793 latitudinis,
909 1715 1062 1779 eritECB
1078 1716 1272 1797 longitudinis
1297 1717 1326 1777 in
1350 1717 1515 1793 horizonte,
1538 1715 1708 1797 quisBEA

351 1817 462 1869 rectus.
501 1806 545 1869 Ut
568 1816 669 1868 autem
692 1809 774 1869 sinus
799 1816 882 1868 totus
906 1807 944 1866 ad
969 1807 1065 1867 sinum
1088 1806 1253 1868 distantiae
1277 1806 1380 1867 zenith
1403 1828 1422 1868 s
1443 1806 1516 1886 polo
1539 1806 1708 1886 eclipticas,

351 1897 395 1957 its
418 1896 474 1957 AB
498 1895 581 1957 sinus
605 1896 771 1976 parallaxis
796 1896 901 1957 totalis
924 1896 955 1955 in
979 1895 1133 1955 horizonte
1158 1894 1196 1955 ad
1220 1894 1274 1957 BE
1298 1894 1395 1955 sinum
1418 1895 1586 1975 parallaxis
1612 1895 1708 1973 longi·

351 1985 464 2047 tudinis
488 1984 519 2046 in
542 1984 707 2046 horizonte.
755 1984 817 2046 Sed
842 1986 934 2045 etiam
958 1992 991 2044 ut
1015 1982 1069 2045 ΟΕ
1099 1984 1137 2044 ad
1169 1985 1266 2046 sinum
1298 1984 1401 2063 anguli
1424 1981 1523 2055 ΟΒΕ,
1557 1984 1607 2045 sel
1632 1981 1708 2056 cut

351 2073 528 2136 distantiam
543 2073 648 2134 Lunae
673 2096 692 2135 a
716 2077 909 2153 nonagesimo
934 2072 1083 2134 risibilem
1107 2082 1386 2152 quantamcumque,
1412 2072 1456 2135 sic
1480 2070 1535 2134 ΒΕ
1560 2072 1601 2134 sd
1616 2073 1709 2134 sinum

351 2163 453 2242 auguli
468 2160 549 2224 ΒΟΕ
569 2182 621 2222 seu
640 2163 808 2242 parallnuin
829 2161 1024 2241 longitudinis
1046 2163 1265 2241 respondentis,
1286 2162 1373 2241 idque
1393 2181 1431 2223 eu
1451 2160 1592 2223 doctriua
1613 2162 1709 2223 trian-

352 2253 497 2331 gulorum.
545 2249 656 2330 Igitur,
692 2252 788 2331 quoad
817 2269 1006 2331 processum,
1032 2269 1069 2311 ex
1092 2251 1252 2334 hypothesi
1280 2260 1412 2312 motuum
1437 2250 1602 2313 bunarium
1626 2251 1711 2312 dstnr

351 2340 506 2420 proportio
531 2337 588 2401 ΔΟ
613 2341 651 2403 ad
675 2341 742 2402 AB.
789 2340 837 2401 Ex
861 2341 1022 2403 altitudine
1047 2357 1118 2402 vero
1143 2338 1330 2419 nonagesimi
1353 2358 1407 2419 ρετ
1430 2340 1601 2402 doctrinam
1624 2339 1709 2421 primi

351 2429 471 2491 mobilis
502 2447 555 2490 seu
583 2428 719 2490 tabulam
744 2427 904 2508 Copernici
939 2429 988 2492 fol.
1013 2424 1082 2503 tt,
1109 2431 1199 2492 datur
1222 2428 1279 2490 ΑΕ
1303 2436 1335 2489 et
1357 2428 1450 2499 ΑΙΕ,
1484 2429 1643 2509 operando
1666 2428 1709 2489 rel

350 2537 405 2599 per
429 2518 511 2579 sinus
528 2518 574 2578 vel
596 2535 650 2597 ρετ
669 2518 804 2580 tabulam
819 2519 970 2599 Tychonis
985 2519 1214 2598 parallacticam
1236 2519 1287 2580 iol.
1305 2517 1379 2582 120.
1394 2518 1709 2600 Progymnssmstuur.

351 2607 393 2669 Et
417 2608 486 2686 quia
509 2605 593 2669 ΑΕΟ
618 2617 719 2668 rectus
743 2608 948 2682 utendus,
973 2617 1005 2669 et
1027 2606 1122 2682 ACE,
1149 2608 1221 2671 ΑΙΕ
1245 2608 1406 2687 aequales,
1431 2607 1500 2668 ideo
1524 2607 1640 2670 dantur
1660 2604 1709 2670 ΕΟ

352 2704 384 2756 et
399 2696 462 2759 ΕΒ.
492 2696 534 2757 Et
557 2696 627 2776 qnia
651 2694 732 2759 ΟΒΕ
756 2706 868 2772 rectus,
894 2698 984 2758 datur
1006 2696 1074 2758 hinc
1098 2706 1130 2758 et
1152 2715 1206 2778 per
1230 2695 1300 2759 GBI
1322 2695 1491 2777 parallaxis
1515 2695 1710 2778 longitudinis

351 2782 434 2847 ΒΟΕ
467 2786 507 2847 ad
538 2804 745 2866 quamcunque
778 2778 1035 2859 altitudinem.⁸')
1082 2785 1163 2857 Quia
1194 2804 1265 2846 vero
1290 2784 1346 2848 ΑΟ
1378 2793 1427 2846 est
1456 2784 1568 2864 exiguo
1597 2785 1710 2867 longior

354 2892 442 2953 quarn
456 2871 522 2947 ΕΟ,
547 2874 805 2953 operaepretium
828 2893 945 2935 rursum
969 2883 1019 2934 est
1041 2874 1158 2950 videre,
1183 2882 1313 2954 quantus
1336 2893 1421 2937 error
1443 2872 1710 2944 committetur,si

352 2959 409 3023 ΑΟ
442 2980 496 3041 ρτο
519 2960 573 3023 ΕΟ
608 2972 776 3041 usurpetur.
822 2964 953 3025 Rursum
986 2970 1104 3037 autem,
1139 2964 1257 3043 quando
1280 2964 1334 3025 ΒΕ
1361 2971 1411 3025 est
1432 2957 1512 3037 45⁰,
1547 2981 1636 3026 error
1666 2970 1710 3024 est

353 3052 511 3112 maximus.
558 3052 638 3112 Nam
662 3053 688 3112 si
711 3053 737 3111 B
762 3053 802 3113 sit
827 3054 855 3113 in
881 3054 929 3126 M,
964 3061 1035 3113 tnnc
1058 3051 1113 3114 ΕΟ
1146 3062 1177 3114 et
1206 3050 1261 3115 ΑΟ
1292 3052 1474 3114 coincidunt.
1523 3049 1580 3113 Sin
1612 3059 1708 3115 sutem

354 3139 442 3212 qu,
468 3147 539 3199 tuuc
563 3140 646 3201 nulla
670 3149 718 3200 est
741 3142 906 3219 parallaxis
932 3140 1136 3219 longitudinis.
1185 3140 1234 3203 Sit
1257 3141 1302 3203 Al
1326 3138 1369 3204 54
1393 3141 1628 3212 semidiametri,
1658 3139 1710 3203 erit

352 3227 425 3289 ΑΙΕ
449 3224 503 3291 45‘
532 3227 582 3289 l“.
618 3227 719 3299 Quare
743 3228 786 3291 El
810 3232 856 3291 uel
880 3229 933 3292 ΕΟ
960 3225 1124 3293 5399532.
1157 3229 1242 3301 Quae
1267 3230 1346 3292 linea
1369 3248 1436 3291 cum
1459 3228 1514 3291 ΕΒ
1539 3250 1599 3292 non
1626 3229 1708 3293 dimi·

352 3318 433 3378 dium
457 3318 619 3379 secundum
644 3321 817 3380 foeneratur
841 3322 951 3399 angulo
974 3316 1066 3395 ΕΟΒ,
1092 3339 1179 3399 qnam
1204 3320 1230 3380 si
1253 3318 1320 3393 AC,
1346 3327 1378 3379 et
1400 3337 1455 3399 pro
1470 3316 1554 3381 ΕΟΒ
1570 3319 1709 3402 sugnlutu

351 3404 439 3469 ACD
463 3406 712 3470 adhibuissemus.
728 3400 773 3480 ⁸⁰)

440 3495 483 3557 Et
506 3496 577 3576 quia
599 3496 751 3577 Tycbonis
775 3496 880 3558 tabula
902 3515 1065 3575 paucamm
1089 3504 1138 3557 est
1165 3496 1382 3568 columnarum,
1411 3515 1465 3557 nec
1489 3514 1544 3575 ρετ
1572 3495 1710 3559 absoluta

351 3585 448 3665 prima
463 3586 603 3664 scrupula
621 3586 743 3660 incedit,
758 3586 812 3647 sed
834 3585 1015 3665 appendices
1036 3584 1230 3646 secundorum
1251 3587 1345 3647 habet
1359 3585 1450 3647 etiam
1464 3586 1495 3647 in
1512 3587 1629 3660 fronte3
1654 3595 1710 3648 tum

351 3674 454 3748 etiam,
478 3674 549 3754 quia
570 3675 601 3736 in
620 3694 687 3736 eam
710 3677 744 3737 fit
763 3675 917 3755 ingressus
935 3673 1054 3755 proprie
1076 3692 1131 3754 per
1148 3694 1237 3736 veras
1258 3675 1444 3748 altitudines,
1467 3693 1523 3736 uos
1542 3694 1618 3738 vero
1637 3675 1708 3737 risis

351 3761 534 3842 indigemus:
570 3763 696 3843 denique
724 3765 793 3845 quia
823 3764 853 3824 in
885 3765 1022 3844 margine
1050 3763 1143 3824 habet
1172 3782 1229 3825 uon
1261 3764 1426 3825 distantias
1449 3786 1468 3826 s
1492 3764 1624 3841 vertice,
1660 3764 1708 3826 ssd

351 3851 540 3925 altitudines,
576 3871 651 3932 quae
676 3872 725 3915 res
749 3852 953 3914 confusionem
987 3851 1073 3913 nobis
1104 3860 1241 3933 pareret,
1275 3853 1322 3915 his
1346 3854 1383 3914 de
1407 3851 1509 3915 causis
1532 3854 1640 3917 addidi
1662 3853 1707 3916 hic

350 3940 487 4003 tshuiam
510 3942 705 4020 pnrallaxeou
730 3940 983 4004 universaliorem.
998 3934 1043 4011 ⁸⁹)

439 4030 517 4092 Hinc
532 4040 725 4111 praeceptum
741 4031 812 4091 tale.
837 4041 903 4095 Per
918 4040 1114 4095 doctrinam
1128 4040 1229 4112 primi
1244 4041 1386 4095 mobilis
1400 4048 1567 4112 computa
1580 4042 1710 4097 distas·

349 4121 439 4175 tism
459 4122 680 4193 nonagesimi
701 4123 835 4193 gradus
850 4121 1054 4175 etrerticis
1076 4120 1224 4192 ejusque
1245 4122 1550 4191 complementum,
1572 4122 1640 4176 boe
1659 4130 1711 4176 sst

350 4201 1710 4274 sltitudinemnonagesimi,seuengulumintereoliptioamsthorisoutera

350 4282 430 4337 Hunc
451 4283 558 4354 quidem
579 4283 664 4337 etiam
685 4283 785 4336 tabula
799 4282 944 4352 Copemici
966 4284 1013 4337 iol.
1030 4282 1078 4337 42.
1101 4282 1218 4336 exhibet
1238 4281 1367 4336 crassiori
1382 4282 1527 4343 hliusrrsa
1549 4282 1628 4338 illsm
1648 4298 1710 4338 reso

349 4362 497 4418 Beinholdi
518 4363 726 4432 perallactieae,
747 4363 959 4418 Prutenicsrum
981 4363 1028 4416 sol.
1051 4363 1098 4417 99.
1121 4370 1152 4415 et
1172 4379 1247 4433 seqq.
1274 4364 1311 4415 ad
1340 4361 1420 4416 initis
1447 4362 1591 4433 signorum
1612 4371 1646 4417 st
1663 4361 1710 4418 sll-

350 4451 417 4513 quot
438 4444 494 4511 poli
517 4442 685 4497 altitudines.
729 4442 812 4495 lude
834 4460 893 4512 per
921 4444 1136 4497 distantiam
1163 4442 1385 4513 nonagesimi
1406 4458 1425 4495 α
1444 4442 1586 4498 rertiee
1612 4444 1710 4498 tsbu·

350 4522 415 4576 lam
436 4531 597 4576 nostram
618 4522 894 4592 parallaotioem
915 4524 1104 4595 ingredere
1120 4521 1328 4593 emargine;
1351 4521 1614 4592 permaximam
1634 4537 1711 4577 rsro

350 4602 476 4657 sideris
497 4602 724 4673 parallaxin,
751 4619 852 4672 quem
874 4603 906 4657 in
927 4602 1115 4657 horizonte
1146 4602 1296 4655 obtinet
1326 4602 1492 4669 (collocatur
1513 4608 1610 4657 sutem
1631 4618 1667 4658 ss
1685 4601 1711 4655 is

350 4682 441 4735 fronte
463 4684 558 4736 statim
580 4685 630 4736 sub
652 4683 786 4736 distantia
807 4681 903 4735 sideris
926 4699 943 4736 a
963 4690 1058 4736 centro
1080 4681 1210 4748 Terrae),
1233 4682 1424 4753 ingredere
1446 4699 1464 4736 s
1484 4681 1619 4748 fronte,
1647 4680 1709 4753 pri·

349 4778 432 4816 mum
454 4781 516 4834 per
537 4764 682 4834 integra
702 4763 817 4832 prima
837 4764 1025 4832 scrupula,
1049 4763 1170 4816 deiude
1191 4778 1251 4832 per
1274 4763 1446 4825 secunda,
1468 4761 1497 4815 si
1515 4762 1659 4828 adsint,
1679 4771 1710 4814 et

350 4859 434 4896 sroe
464 4843 657 4897 exhibebit
686 4842 902 4913 parallaxin
934 4843 1154 4905 latitudinis,
1185 4841 1259 4895 illie
1281 4841 1312 4895 in
1333 4841 1456 4912 primis
1476 4849 1512 4896 et
1533 4841 1709 4901 sseuudis.

349 4922 406 4975 bic
427 4923 462 4976 in
483 4924 645 4976 secundis
667 4931 705 4975 et
726 4921 862 4984 tertiis,
895 4923 944 4975 uti
974 4923 1056 4976 fieri
1087 4922 1239 4977 soletin
1260 4921 1325 4975 bis.
1369 4926 1461 4993 Atque
1481 4922 1708 4978 husmuos-

349 5003 509 5067 rectissime,
532 5018 593 5055 eum
613 5002 687 5055 sidus
708 5002 856 5056 visibiliter
876 5013 921 5057 est
942 5003 970 5056 in
990 5002 1135 5073 ecliptica,
1158 5010 1190 5059 ut
1208 5001 1289 5057 Luae
1307 5000 1336 5057 in
1357 5000 1455 5072 eclipsi
1471 5000 1556 5059 Solis.
1591 5000 1708 5074 Longi·
