3692 5842
714 436 846 509 346
1706 454 2053 511 mosomus
2088 458 2215 513 Ρα-
2253 460 2450 528 opem.

1002 620 1113 688 1²53.
1157 618 1275 671 ¹¹⁰·
1577 656 1720 718 ergo
1749 637 1868 700 KL
1913 636 2162 701 visionis
2207 638 2490 702 circulum
2535 642 2794 708 circulus
2838 643 3305 709 illuminationis
3332 643 3440 709 PG

1056 763 1087 803 Ε
1578 728 1637 791 in
1684 734 1909 808 puncto
1974 728 2135 789 ultra
2180 727 2249 789 M
2293 747 2505 791 versus
2552 731 2639 808 L,
2704 731 2768 795 id
2812 733 2898 797 sit
2942 734 2994 797 1.
3087 734 3248 798 Axis
3306 754 3443 799 vero

1577 816 1827 880 visionis
1875 817 1994 878 HA
2041 825 2210 880 secet
2251 814 2365 879 FG
2413 819 2474 881 in
2519 820 2611 896 N,
2680 830 2746 884 et
2789 822 2923 886 axis
2987 823 3445 888 illuminationis

1578 906 1696 969 EA
1753 906 2009 968 eandem
2080 914 2251 969 secet
2311 907 2372 969 in
2436 907 2515 971 R.
2620 910 2816 990 Igitur
2880 912 2937 975 si
3006 930 3196 976 corun
3270 915 3443 994 plane

1579 1013 1765 1075 usque
1812 995 1874 1055 in
1918 995 1978 1057 N
2025 994 2393 1075 pertigisset,
2444 1016 2598 1078 quae
2644 1018 2754 1080 per
2795 1000 2858 1064 N
2903 1001 3129 1065 transit
3170 1001 3296 1083 ipsi
3336 1003 3446 1064 KL

1580 1083 1993 1163 aequidistans
2031 1090 2097 1145 et
2139 1084 2429 1147 visionem
2475 1098 2962 1172 repraesentans,
3010 1090 3212 1154 minor
3250 1092 3448 1155 futura

1580 1174 1692 1236 fuit
1739 1190 1918 1253 quam
1963 1170 2078 1234 FG
2123 1173 2498 1238 illuminatio.
2575 1177 2734 1241 Nam
2772 1173 2896 1242 AN
2938 1179 3238 1243 subtensa
3283 1190 3446 1243 recto

1569 1261 1761 1330 ARN
1832 1261 2068 1341 longior
2122 1271 2219 1324 est
2277 1281 2456 1344 quam
2515 1265 2665 1341 AB,
2726 1266 2984 1331 circulus
3044 1287 3193 1350 ergo
3239 1287 3350 1350 per
3393 1270 3445 1331 N

1580 1352 1716 1431 plus
1781 1350 1861 1412 ab
1919 1350 1981 1411 A
2040 1358 2247 1413 centro
2312 1353 2679 1429 distitisset,
2742 1374 2918 1437 quam
2977 1357 3241 1421 circulus
3318 1357 3445 1425 FG.

1582 1459 1765 1522 quare
1814 1439 2006 1502 minor
2034 1439 2297 1541 fuisset,
2345 1462 2480 1507 cum
2527 1444 2627 1525 qui
2672 1464 2783 1526 per
2836 1454 3109 1509 centrum
3154 1447 3326 1510 solus
3370 1448 3451 1509 sit

1582 1548 1842 1591 omnium
1890 1548 2207 1593 maximus.

1755 1617 1901 1680 Jam
1946 1636 2090 1680 vero
2136 1618 2443 1682 dimidium
2489 1638 2674 1683 cornu
2711 1641 2830 1684 uon
2877 1640 3067 1702 usque
3103 1623 3168 1687 iu
3198 1624 3261 1688 N
3304 1643 3447 1706 per-

1581 1707 1887 1788 tingebat,
1953 1714 2023 1769 ut
2076 1708 2429 1789 quadrantis
2484 1709 2858 1789 longitudine
2913 1722 3296 1790 cerneretur,
3343 1715 3452 1776 sed

1583 1799 1643 1861 in
1707 1798 1740 1859 I
1803 1794 2050 1858 defecit.
2155 1795 2358 1869 Quare
2421 1798 2607 1860 KML
2669 1798 2907 1878 longius
2972 1800 3050 1864 ab
3097 1802 3162 1865 A
3229 1802 3454 1865 distitit

1586 1905 1763 1968 quam
1807 1885 1898 1959 N,
1954 1885 2141 1947 multo
2198 1885 2382 1967 igitur
2437 1887 2630 1949 minor
2685 1888 2800 1950 fuit
2844 1907 3020 1969 quam
3068 1891 3170 1973 qui
3218 1909 3330 1972 per
3375 1892 3449 1956 N.

1586 1975 1787 2038 Minor
1831 1992 1975 2037 vero
2024 1982 2088 2036 et
2142 1975 2241 2054 qui
2285 1994 2396 2055 per
2437 1976 2498 2038 N
2544 1976 2766 2041 circulo
2820 1976 2937 2040 FG
2996 1978 3454 2052 illuminatorio‚

1588 2064 1774 2127 multo
1838 2064 2023 2144 igitur
2087 2064 2280 2127 minor
2323 2064 2439 2126 KL
2483 2065 2743 2128 visorius
2788 2066 3244 2134 illuminatorio.
3341 2070 3456 2132 Per

1586 2149 1692 2218 24.
1760 2171 1904 2215 vero
1965 2152 2277 2215 theorema
2336 2151 2692 2233 Opticorum
2734 2154 3029 2234 Euclidis,
3098 2176 3219 2239 quo
3264 2159 3455 2222 minus

819 2223 987 2355 f
1292 2306 1293 2310 ,
1347 2275 1348 2278 ¹
1588 2243 1662 2305 de
1693 2241 1874 2322 globo
1921 2249 2250 2321 spectatur,
2297 2242 2412 2304 hoc
2441 2243 2631 2324 major
2669 2251 2928 2324 apparet
2962 2246 3093 2326 ejus
3131 2248 3453 2312 diameter.

799 2331 834 2374 s
1115 2369 1117 2393 2
1420 2359 1424 2363 ¹
1584 2333 1669 2394 Et
1736 2350 1921 2412 supra
1985 2350 2119 2412 cap.
2169 2331 2282 2395 vl.
2350 2331 2499 2393 Nro.
2549 2329 2611 2395 3.
2662 2333 3182 2410 demonstratum,
3244 2338 3298 2399 si
3344 2337 3456 2400 KL

1586 2420 1844 2483 visorius
1910 2428 1975 2481 et
2018 2418 2133 2482 FG
2193 2420 2651 2484 illuminatorius
2710 2422 3183 2502 coincidissent,
3245 2427 3456 2489 eodem

1123 2150 1160 2187 [Ι

1119 2631 1196 2667 ..Γ

760 2535 779 2555 ’-
1067 2523 1099 2563 <a
1180 2527 1250 2562 ¹³.
1384 2543 1420 2559 s
1492 2483 1524 2591 'fi
1588 2509 1808 2590 angulo
1857 2516 2198 2589 spectatum
2246 2510 2508 2573 futurum
2541 2509 2728 2573 fuisse
2776 2520 3090 2594 utrumque
3138 2515 3454 2578 luminare.

936 2628 943 2629 ff
1067 2571 1524 2655 '‘affl-2¹5-
1589 2601 1753 2679 Ergo
1800 2599 1943 2678 quia
1999 2599 2127 2677 jam
2177 2599 2343 2661 KTL
2389 2599 2581 2661 minor
2626 2608 2723 2662 est
2787 2619 2963 2682 quam
3014 2601 3206 2678 ΠΟ,
3268 2606 3458 2685 major

795 2739 847 2775 a„
1015 2712 1018 2714 >
1156 2631 1476 2903 Ἥ,
1586 2689 1771 2769 igitur
1827 2687 2124 2750 diameter
2182 2707 2479 2770 apparens
2524 2689 2735 2752 Lunae
2795 2709 2973 2772 quam
3021 2690 3225 2764 Solis,
3281 2694 3453 2775 idque

1589 2776 1958 2840 sensibiliter
2003 2777 2203 2851 valde,
2249 2778 2520 2859 quamvis
2565 2798 2752 2859 prope
2800 2797 3158 2859 apogaeum.

903 2870 906 2871 ’
1071 2895 1107 2935 Ἶ-
1204 2879 1240 2919 n
1761 2865 1904 2927 Jam
1952 2874 2017 2927 ut
2062 2867 2376 2930 theorema
2419 2868 2751 2947 perfectum
2799 2868 2909 2943 sit,
2970 2878 3136 2947 esto,
3199 2879 3269 2935 ut
3310 2891 3452 2953 pro-

1587 2955 1782 3037 portio
1830 2973 2013 3018 cornu
2048 2957 2125 3018 ad
2171 2956 2472 3020 residuum
2510 2957 2778 3038 corporis
2813 2958 3102 3022 ambitum
3142 2979 3223 3023 ex
3261 2962 3449 3025 aesti-

1334 3059 1364 3131 χ-
1589 3046 1852 3109 matione
1928 3045 2154 3107 oculari
2244 3046 2589 3108 innotescat
2665 3047 2822 3109 citra
2908 3067 3204 3121 errorem,
3300 3052 3451 3131 quod

1344 3083 1412 3239 ,Α
1588 3134 1824 3215 quidem
1894 3133 2134 3195 difficile
2205 3135 2524 3197 admodum
2596 3145 2722 3210 est,
2801 3143 2865 3197 et
2930 3156 3044 3217 ego
3104 3157 3226 3201 uon
3289 3141 3450 3220 potui

1405 3234 1409 3235 ’
1588 3224 1913 3286 aestimare
2001 3223 2278 3286 subtilius
2357 3224 2693 3304 quippiam,
2780 3245 2957 3307 quam
3031 3246 3220 3290 cornu
3297 3230 3452 3292 iuter

1581 3315 1864 3377 trientem
1929 3322 1995 3374 et
2059 3312 2369 3375 semissem
2429 3312 2634 3375 circuli
2692 3313 2902 3377 visorii
2966 3335 3104 3378 esse
3172 3318 3448 3390 medium,

725 3411 838 3474 hoc
886 3416 983 3473 est
1028 3410 1188 3473 inter
1239 3406 1364 3472 120
1412 3416 1475 3471 et
1529 3402 1671 3472 180.
1765 3404 1920 3465 Esto
1981 3401 2151 3464 nobis
2213 3402 2587 3483 propositum
2650 3403 2788 3465 hinc
2859 3404 3094 3467 calculo
3153 3408 3448 3488 inquirere

724 3499 1160 3582 aspectabilem
1192 3498 1399 3563 Lunae
1430 3497 1803 3560 diametrum.
1857 3492 2019 3571 Ergo
2043 3492 2126 3553 LI
2157 3510 2335 3552 cornu
2358 3491 2474 3553 erit
2502 3491 2806 3554 dimidium
2839 3494 3308 3558 aestimationis.
3356 3496 3448 3558 Sit

724 3590 784 3654 D
826 3589 1002 3671 polus
1049 3588 1298 3651 visionis
1347 3595 1410 3649 ει
1456 3585 1791 3650 descendat
1837 3599 2014 3643 arcus
2060 3580 2150 3642 DI
2198 3589 2482 3659 secetque
2528 3579 2638 3643 BC
2686 3582 2745 3643 in
2778 3579 2856 3653 Q.
2932 3582 3129 3663 Igitur
3177 3583 3236 3646 iu
3276 3583 3443 3655 DQC

727 3680 908 3743 datur
954 3676 1162 3753 QDC,
1231 3677 1539 3756 longitudo
1588 3672 1815 3738 dimidii
1864 3689 2077 3743 cornu,
2143 3667 2319 3740 DCQ
2363 3687 2506 3731 vero
2553 3677 2754 3733 rectus
2803 3680 2928 3747 est,
2997 3680 3063 3734 et
3126 3673 3290 3735 latus
3339 3671 3444 3735 DC

727 3769 929 3831 datur.
1023 3767 1185 3829 Nam
1232 3765 1372 3846 quia
1418 3765 1527 3830 Sol
1586 3765 1644 3828 in
1692 3759 2063 3841 longitudine
2122 3758 2338 3834 media,
2397 3766 2463 3819 et
2507 3759 2679 3820 Luna
2727 3754 2852 3823 56⁰
2894 3770 3035 3841 post
3092 3779 3444 3842 apogaeum,

725 3853 972 3919 dabitur
1019 3853 1202 3935 igitur
1256 3874 1332 3916 ex
1392 3852 1825 3937 hypothesibus
1885 3857 2193 3912 auctorum
2251 3847 2559 3929 proportio
2606 3848 2718 3910 ΗΕ
2767 3850 2846 3912 ad
2892 3851 3047 3924 HA3
3110 3851 3224 3913 sed
3271 3851 3443 3914 Am:

727 3944 984 4023 angulus
1032 3942 1362 4006 innotescit
1410 3963 1484 4004 ex
1534 3944 1664 4005 loco
1712 3940 2021 4020 utriusque
2070 3936 2305 3999 luminis
2352 3935 2603 4013 visibili,
2672 3956 2817 4018 ergo
2882 3940 3181 4021 producta
3225 3940 3344 4004 EA
3390 3940 3444 4002 iu

725 4034 796 4109 Τ,
847 4032 1095 4095 dabitur
1141 4034 1343 4107 TAH,
1396 4034 1562 4113 cujus
1612 4049 1895 4094 mensura
1940 4027 2050 4088 TD
2097 4027 2344 4107 ejusque
2394 4026 2697 4089 residuum
2742 4029 2822 4091 ad
2889 4029 3290 4109 quadrantem
3336 4027 3444 4093 DC

724 4121 1027 4205 quaesita.
1124 4123 1193 4184 In
1242 4120 1414 4193 DQC
1465 4121 1649 4201 igitur
1697 4124 2019 4200 quaeratur
2067 4135 2143 4178 ex
2190 4115 2352 4177 datis
2397 4115 2587 4196 primo
2638 4114 2777 4191 DQ,
2829 4127 2954 4179 tum
3003 4115 3199 4189 DQC.
3291 4119 3444 4181 Dein

726 4231 803 4275 ex
849 4213 877 4274 I
923 4210 1441 4292 perpendicularis
1490 4230 1666 4273 arcus
1714 4210 1776 4271 in
1822 4206 1930 4269 BC
1979 4206 2240 4279 incidat,
2291 4204 2388 4284 qui
2435 4205 2519 4264 sit
2564 4202 2665 4267 IS.
2762 4207 2829 4268 In
2895 4204 3205 4285 triangulo
3266 4206 3445 4287 igitur

726 4299 868 4373 IQS
916 4301 1170 4381 angulus
1219 4299 1264 4362 S
1312 4308 1540 4374 rectus,
1592 4297 1651 4369 Q
1698 4298 1878 4358 datus
1927 4305 2051 4369 est,
2122 4302 2184 4355 et
2231 4292 2308 4355 IS
2357 4294 2514 4355 latus
2565 4302 2661 4355 est
2712 4294 2847 4371 15‘,
2915 4304 3145 4376 quanta
3212 4297 3445 4358 scilicet

725 4399 824 4452 est
870 4390 1164 4452 distantia
1210 4388 1416 4451 circuli
1464 4387 1919 4450 illuminationis
1970 4406 2006 4446 a
2035 4382 2315 4457 maximo,
2364 4401 2549 4460 supra
2597 4401 2729 4462 cap.
2765 4384 2876 4454 vl,
2922 4385 3072 4447 Nro.
3106 4382 3170 4448 3.
3250 4384 3442 4447 Dabi-

724 4486 822 4542 tur
867 4498 1010 4558 ergo
1061 4476 1169 4552 QI,
1220 4478 1570 4540 minuendus
1618 4497 1657 4538 a
1704 4474 1855 4548 QD,
1924 4484 1990 4535 ut
2055 4472 2347 4534 habeatur
2403 4490 2578 4533 arcus
2627 4472 2783 4535 inter
2828 4474 3027 4554 polum
3078 4482 3142 4534 et
3192 4474 3441 4537 visionis

725 4568 1034 4636 circulum,
1085 4566 1256 4645 cujus
1303 4567 1801 4646 complementum
1852 4564 1928 4624 ad
1977 4564 2369 4642 quadrantem
2419 4560 2619 4641 arguit
2666 4563 3183 4625 semidiametrum
3232 4563 3440 4627 visibi-

723 4657 841 4719 lem
887 4676 996 4738 per
1044 4657 1461 4718 demonstrata
1509 4674 1644 4734 cap.
1697 4653 1806 4726 vl,
1855 4652 2001 4714 Nro.
2053 4648 2115 4713 3.
2207 4651 2343 4713 Non
2392 4650 2890 4714 dissimulandum
2939 4659 3063 4721 est,
3123 4653 3439 4715 immanem

724 4745 859 4807 hinc
908 4746 1032 4806 fieri
1084 4744 1442 4806 diametrum
1490 4745 1697 4806 Lunae
1745 4749 2166 4820 apparentem,
2216 4741 2266 4802 si
2313 4740 2409 4802 vel
2463 4740 2767 4802 minimum
2826 4741 3115 4803 sensibile
3162 4742 3435 4805 semicir-

725 4834 858 4895 culo
906 4834 1215 4896 nasceutis
1262 4853 1445 4894 cornu
1493 4833 1707 4894 deesse
1756 4831 2000 4892 dixeris.
2097 4831 2311 4910 Itaque
2377 4848 2621 4891 causam
2681 4830 2862 4892 aliam
2926 4848 3287 4894 concurrere
3334 4850 3435 4893 ue-

724 4940 898 4984 cesse
945 4932 1082 4995 est;
1132 4923 1263 4986 scil.
1313 4921 1593 4984 acumina
1636 4938 1921 4982 cornuum
1968 4920 2045 4982 ob
2092 4918 2425 4982 exilitatem
2461 4937 2607 4998 prae
2638 4920 2919 4982 claritate
2950 4920 3434 4984 intermediamm

724 5010 985 5090 partium
1034 5019 1405 5073 evanescunt
1448 5011 1506 5073 iu
1553 5010 1707 5071 visu.
