3692 5842
456 1316 820 1406 delllhld
879 1320 1316 1406 Kuutultt.

527 1490 573 1581 lh
605 1490 886 1584 hrothuin-nn
918 1492 1198 1607 PRAEFATIO,

241 1656 301 1721 Du
324 1654 407 1720 USU
429 1656 484 1717 ΕΤ
507 1655 805 1718 PRAESTANTIA
828 1656 1094 1719 PERSPICILLT
1123 1656 1266 1719 NUPER
1289 1658 1469 1721 INVENTI
1524 1731 1528 1738 ¹

339 1744 484 1817 DEQUE
507 1743 640 1807 NOVIS
667 1743 954 1810 COELESTTBUS
980 1746 1062 1807 PER
1085 1746 1129 1806 ID
1154 1745 1372 1810 DETECTIS.

266 1906 417 1969 Libellum
442 1904 578 1979 exhibeo,
603 1904 698 1965 lector
718 1905 822 1978 amice,
847 1905 1103 1971 mathematicum,
1129 1905 1184 1966 hoc
1205 1913 1252 1967 est
1273 1914 1360 1986 captu
1381 1926 1439 1968 non
1459 1908 1534 1969 adeo

220 1995 314 2069 ilem,
340 2005 372 2055 et
396 1994 445 2074 qui
469 2014 526 2055 nou
552 2000 667 2054 tantum
696 1994 845 2072 ingenium
870 1995 897 2055 in
923 1996 1036 2055 lectore
1065 1993 1212 2073 requirat,
1239 1995 1291 2055 sed
1317 1996 1407 2056 etiarn
1433 2004 1533 2058 atten-

221 2103 293 2148 nem
309 2083 420 2146 mentis
434 2084 666 2163 praecipuamet
677 2084 871 2161 cupiditatem
883 2083 1085 2144 incredibilem
1102 2085 1300 2161 cognoscendi
1310 2103 1406 2145 rerum
1415 2103 1535 2149 causas.
1593 2130 1595 2134 ι

266 2174 334 2235 Hoc
359 2173 428 2233 dum
451 2172 613 2251 perpendo,
639 2172 734 2232 visum
759 2182 807 2233 est
828 2173 929 2251 aliqua
953 2172 1146 2232 commentari
1172 2173 1218 2243 de⁴
1232 2174 1422 2251 praestantia
1439 2175 1535 2252 Diop-

220 2280 293 2325 ,νοω
328 2280 380 2322 seu
411 2260 654 2339 Perspicillorum
687 2261 782 2339 deque
814 2260 982 2321 admirabili
1015 2277 1115 2320 eorum
1152 2261 1258 2322 effectu
1291 2262 1317 2322 in
1350 2263 1536 2341 proferendis

220 2350 387 2430 llosophiae
409 2349 561 2410 terminis:
587 2358 621 2409 ut
642 2349 788 2428 ingeniosi
812 2350 1023 2410 adolescentes
1044 2349 1195 2428 ceterique.
1214 2351 1386 2412 matheseos
1406 2352 1536 2413 cultores

220 2438 403 2503 rutilitatis
426 2438 520 2499 veluti
545 2438 665 2499 stimulo
695 2437 812 2500 incitati
839 2440 877 2500 ad
901 2440 1033 2500 rationes
1067 2437 1256 2500 instrumenti
1282 2459 1318 2500 ex
1349 2439 1404 2501 hoc
1436 2440 1536 2502 libello

220 2527 390 2609 roipiendas
413 2527 585 2588 incitentur.

266 2616 369 2678 Multa
397 2622 522 2676 suntet
552 2634 677 2694 magna,
710 2633 785 2694 quae
811 2615 847 2675 de
875 2635 931 2676 usu
966 2614 1081 2694 optices
1114 2614 1272 2676 universae
1305 2616 1460 2693 praelatus
1492 2623 1539 2677 est

226 2725 342 2769 annes
365 2705 465 2766 Pena
489 2702 610 2777 Gallus,
641 2704 741 2782 regius
771 2704 920 2784 quondam
948 2705 1192 2778 mathematicus,
1222 2705 1253 2764 in
1282 2704 1413 2766 editione
1444 2703 1536 2784 Opti-

220 2813 281 2858 ,πω
311 2801 343 2855 et
371 2792 613 2872 Catoptricorurn
644 2791 780 2853 Euclidis
805 2813 823 2852 a
846 2812 879 2852 se
909 2812 1079 2854 versorum:
1112 2800 1341 2873 quantacunque
1373 2802 1472 2854 tamen
1504 2814 1540 2854 ea

220 2891 250 2959 rt,
276 2902 350 2963 prae
375 2881 445 2956 illis,
471 2900 547 2961 quae
566 2882 622 2942 hoc
643 2880 761 2942 biennio
785 2881 968 2961 dioptrarum
994 2881 1136 2943 beneficio
1161 2892 1232 2943 sunt
1254 2883 1425 2963 patefacta,
1450 2883 1539 2963 plane

220 2972 308 3036 arilia
330 2978 459 3051 possunt
482 2970 596 3031 haberi.

267 3059 313 3122 Et
336 3059 405 3140 quia
429 3059 533 3120 lectori
557 3058 775 3138 praefationem
800 3058 882 3119 illam
900 3060 957 3119 hac
982 3058 1132 3135 mentione
1157 3060 1340 3133 commendo,
1367 3079 1423 3138 age
1447 3079 1538 3140 prae-

220 3168 269 3211 ms
292 3149 359 3230 ejus
382 3146 485 3226 capita
508 3147 636 3209 strictim
660 3148 881 3219 examinemus3
906 3167 942 3208 ne
967 3166 1033 3207 curn
1059 3148 1139 3208 veris
1160 3156 1190 3207 et
1207 3149 1383 3226 praeclaris,
1410 3169 1485 3228 quae
1510 3149 1539 3210 in

239 3247 332 3312 sunt,
364 3238 456 3298 etiam
481 3236 571 3297 dubia
594 3245 626 3297 et
649 3236 738 3306 falsa,
763 3256 838 3314 quae
862 3227 1048 3314 interspersa
1077 3253 1144 3296 esse
1178 3254 1286 3314 negare
1315 3256 1372 3297 non
1406 3256 1539 3316 possum,

220 3329 281 3391 iens
304 3328 496 3406 prudensque
522 3325 688 3386 obtrusisse
714 3326 825 3385 videar.
872 3325 931 3385 Ubi
956 3324 1011 3383 hoc
1036 3324 1208 3396 absolvero,
1235 3334 1296 3384 tum
1322 3325 1439 3386 demum
1465 3345 1540 3406 quae

220 3435 261 3479 ra
284 3413 507 3496 perspicillaria
531 3413 689 3492 disciplina
712 3413 768 3473 hoc
792 3424 926 3492 tempore
951 3412 1102 3473 detexerit
1125 3412 1311 3490 subjungam.

268 3504 404 3567 Primum
428 3504 464 3564 de
489 3502 574 3564 coelo
599 3503 708 3580 dogma
728 3521 792 3562 cum
807 3501 891 3562 Pena
906 3510 1008 3561 statuo
1028 3519 1065 3560 ex
1080 3501 1181 3578 optica
1204 3501 1299 3561 solide
1324 3500 1539 3562 demonstrari:

220 3594 247 3657 lli
284 3594 422 3654 nimirum
460 3592 652 3652 vehementer
688 3591 829 3671 physicos
861 3589 995 3668 adeoque
1027 3598 1058 3649 et
1093 3589 1250 3667 theologos
1283 3590 1457 3663 nonnullos,
1492 3590 1541 3669 qui

221 3690 300 3758 tant,
325 3699 433 3742 novem
456 3680 505 3741 vel
529 3681 631 3741 decem
657 3698 725 3739 esse
755 3677 922 3757 pellucidas
956 3677 1101 3755 sphaeras
1133 3677 1209 3738 huuc
1234 3679 1374 3739 mundum
1407 3678 1539 3739 elemen-

220 3789 280 3834 rem
303 3772 471 3849 amplexas,
498 3778 531 3830 ut
554 3768 653 3829 album
670 3768 717 3828 ovi
742 3768 820 3828 solet
844 3768 985 3846 amplecti
1009 3766 1145 3827 vitellum
1161 3776 1214 3827 aut
1237 3767 1355 3828 tunicae
1380 3786 1542 3846 caeparum

220 3859 359 3922 italiam
383 3859 628 3919 circumcludunt.
676 3855 751 3916 Cum
777 3857 854 3916 eninr
878 3855 1053 3916 necessaria
1082 3855 1199 3916 ratione
1230 3863 1403 3917 statuantur
1432 3856 1543 3918 itinera

220 3957 374 4010 anetarum
399 3947 583 4017 eccentrica,
614 3954 695 4005 recte
720 3944 836 4023 colligit
859 3945 991 4023 opticus,
1016 3944 1116 4005 radios
1142 3964 1160 4005 a
1183 3946 1280 4006 stellis
1304 3963 1357 4024 per
1380 3946 1456 4007 haec
1480 3955 1542 4007 tam

220 4038 323 4100 otiosa
345 4036 499 4099 uolumina
523 4035 640 4113 oblique
666 4035 885 4094 descendentes
909 4034 1033 4113 (quippe
1054 4034 1082 4095 iu
1099 4035 1223 4095 Terram
1247 4042 1334 4095 entra
1359 4036 1543 4115 quorundam
1649 4107 1651 4113 Α

221 4124 298 4188 bium
322 4133 427 4187 centra
451 4123 664 4193 constitutam)
690 4122 755 4200 lege
780 4121 881 4200 optica
904 4122 1067 4183 refractum
1092 4121 1144 4183 iri:
1177 4141 1233 4203 quo
1258 4142 1402 4183 concesso
1428 4123 1543 4183 tollitur

220 4216 280 4277 unis
305 4213 551 4276 observationum
576 4210 734 4285 certitudo,
761 4210 807 4270 cui
833 4221 931 4270 tamen
958 4211 1161 4272 testimonium
1185 4211 1323 4289 perhibet
1346 4210 1542 4290 experientia.

220 4304 328 4385 lqnitur
351 4303 406 4364 hoc
429 4301 509 4362 idem
534 4300 626 4361 etiarn
649 4318 687 4359 ex
715 4299 908 4378 proportione
935 4300 1069 4379 corporis
1093 4300 1221 4360 Telluris
1246 4299 1284 4359 ad
1313 4300 1415 4361 orbern
1439 4300 1543 4360 Lunae

221 4392 261 4455 tis
284 4388 485 4473 perceptibili.
531 4388 600 4449 Etsi
625 4388 701 4448 enim
733 4388 954 4449 dissimulemus
982 4386 1070 4449 orbes
1100 4388 1282 4449 eccentricos
1307 4389 1489 4467 Terramque
1512 4387 1543 4448 iu

222 4477 290 4544 ut'ro
319 4480 452 4542 omnium
480 4477 596 4538 orbium
628 4478 822 4550 collocemus,
855 4495 890 4536 eo
914 4476 980 4555 ipso
1003 4487 1104 4538 tamen
1136 4477 1307 4557 superficies
1331 4478 1443 4537 Terrae
1468 4476 1543 4538 satis

220 4586 275 4651 ugo
306 4568 468 4631 interuallo
493 4586 512 4626 a
535 4574 638 4627 centro
669 4566 816 4644 sphaerae
841 4565 961 4639 Lunae,
996 4566 1073 4645 quod
1097 4566 1164 4644 ipsa
1188 4585 1242 4627 suo
1271 4574 1374 4626 centro
1406 4577 1542 4644 occupat,

221 4658 325 4721 sistit:
357 4674 533 4735 rursumque
558 4655 596 4714 ad
624 4652 809 4731 superficiem
833 4652 945 4715 Terrae
979 4673 1067 4733 quarn
1095 4673 1150 4715 uos
1179 4654 1382 4715 inhabitamus
1415 4655 1543 4721 descen-

220 4755 260 4809 ut
287 4747 365 4810 radii
398 4746 571 4811 stellarum,
603 4742 722 4821 oblique
754 4750 892 4803 secantes
924 4743 1026 4804 orbem
1058 4744 1179 4818 Lunae,
1219 4744 1431 4823 contingetque
1461 4752 1495 4803 ut
1525 4742 1543 4801 ii

220 4831 309 4899 fracti
332 4835 457 4898 turbent
480 4831 690 4901 certitudinem
714 4838 866 4908 aspectus.

274 4925 417 4989 Nondum
447 4940 589 5001 egressus
612 4920 696 4981 Pena
720 4938 757 4979 ex
787 4918 875 4996 hujus
905 4918 1122 4996 pulcherrimae
1153 4918 1417 4981 demonstrationis
1447 4918 1544 4980 vesti-

223 5009 258 5076 lo
279 5013 445 5096 improvide
469 5009 590 5073 nimium
615 5007 765 5087 impingit,
791 5006 950 5068 discrimen
975 5008 1085 5068 tollens
1104 5027 1162 5069 non
1185 5016 1302 5069 tantum
1327 5007 1441 5069 orbium
1467 5007 1546 5069 inter
