3692 5842
742 479 825 554 capue
843 488 874 540 V·
899 486 923 539 ³·
1449 479 1511 556 ddi

155 666 238 731 acies
261 664 293 730 in
324 684 434 741 unum,
466 684 573 745 nempe
597 664 626 726 iu
658 673 729 727 aute
762 666 981 744 investigatum
1014 668 1111 728 iocum
1143 668 1302 747 imaginiS,
1337 669 1466 749 qualiter
1489 670 1515 731 is

153 775 241 837 prop.
268 754 298 819 1.
322 754 411 834 hujus
436 755 606 833 descriptus
630 764 692 828 est,
718 755 860 833 apposita
883 755 912 815 in
937 756 1157 835 propinquare
1182 758 1313 835 insigni:
1343 766 1414 819 tunc
1437 758 1515 820 oculi

154 847 192 909 ad
216 863 282 907 rem
304 844 383 908 hauc
406 853 550 908 coeuntes
578 842 723 903 videbunt
751 853 783 904 et
811 844 972 923 imaginem
1002 845 1180 924 imperatam
1213 847 1397 908 secundarie.
1445 846 1516 908 Alia

153 935 248 998 etiam
279 934 379 1013 magis
417 933 547 996 subdola
582 930 682 993 cautio
716 951 770 1011 per
799 929 830 994 4.
869 934 1066 1011 praemissam
1101 935 1237 997 adhiberi
1275 944 1397 1014 potest,
1432 935 1516 1014 cujus

152 1022 392 1105 experimentum
419 1022 481 1084 vidi
504 1021 643 1083 Dresdae
672 1020 701 1080 in
730 1022 852 1083 theatro
881 1022 1029 1084 artificiali
1058 1023 1219 1085 Electoris.
1266 1023 1327 1085 Sed
1357 1024 1436 1104 qnod
1460 1042 1516 1103 ego

153 1111 461 1176 demonstrationibus
484 1111 617 1172 imbutus
640 1108 743 1171 videre
767 1129 814 1171 me
838 1111 1042 1183 affirmabam,
1075 1112 1169 1173 ceteri
1198 1112 1361 1191 negabant.
1409 1113 1517 1192 Itaque

153 1221 211 1266 nou
234 1199 364 1264 consilio
387 1199 531 1273 custodis,
556 1197 612 1260 sed
634 1198 718 1260 casui
742 1199 851 1261 tribuo.
899 1200 1010 1262 Discus
1033 1200 1062 1262 in
1091 1202 1189 1263 medio
1221 1203 1351 1263 crassior
1375 1221 1428 1262 seu
1452 1203 1517 1263 lens

153 1290 332 1374 crystallina
353 1289 441 1369 pedis
464 1288 613 1350 dimuetro
636 1288 741 1348 stabat
763 1287 793 1348 in
814 1287 952 1367 ingressu
976 1308 1113 1351 camerae
1137 1291 1259 1352 clausae
1284 1299 1389 1352 contra
1413 1293 1517 1351 t'eues-

152 1382 277 1450 tellam,
311 1396 388 1459 quae
412 1377 501 1440 unica
526 1376 670 1457 patebat,
696 1376 899 1438 declinantem
929 1396 1035 1456 parum
1059 1380 1098 1440 ad
1126 1380 1274 1442 dextram.
1322 1380 1401 1440 Dum
1425 1380 1517 1457 igitur

152 1470 307 1534 oculorum
339 1467 422 1529 acies
453 1466 646 1528 tenebrosam
679 1465 882 1547 capacitatem
919 1475 1094 1546 pererrant,
1133 1468 1258 1529 fortuito
1293 1476 1324 1529 ct
1357 1468 1386 1528 iu
1420 1468 1517 1528 locum

151 1557 296 1638 imaginis
328 1555 482 1630 incidunt,
516 1552 687 1634 propiorem
721 1553 841 1633 quidem
874 1574 963 1634 qnam
999 1564 1065 1617 erat
1092 1557 1168 1618 leus.
1217 1555 1293 1618 Cum
1326 1558 1428 1636 itaque
1453 1558 1518 1617 lens

156 1645 291 1726 maligne
314 1645 533 1718 illustraretur,
565 1643 668 1703 oculos
692 1660 749 1702 nou
780 1643 939 1704 admodum
963 1645 1128 1707 alliciebat.
1176 1642 1239 1707 Sed
1262 1664 1357 1724 neque
1384 1645 1518 1724 parietes

158 1746 246 1801 trano
270 1734 384 1796 lentem
407 1732 567 1794 admodum
591 1738 680 1792 erant
702 1731 875 1809 conspicui;
900 1734 970 1812 quia
994 1735 1021 1793 iu
1047 1735 1148 1795 multis
1171 1734 1314 1796 tenebris.
1355 1734 1402 1795 At
1415 1736 1517 1794 fenes-

157 1825 233 1887 tella
252 1830 286 1885 et
308 1822 544 1885 circumstantes
567 1839 625 1893 res,
650 1839 725 1898 quac
746 1820 842 1881 multa
861 1823 926 1883 luce
952 1823 1137 1898 fruebantur,
1160 1824 1362 1902 posticulam
1386 1825 1519 1884 latentes

154 1915 270 1978 claram
293 1911 452 1974 sistebant
474 1910 504 1970 in
529 1915 598 1970 aere
624 1911 685 1980 (me
710 1909 789 1970 inter
808 1919 839 1971 et
863 1910 989 1983 lentem)
1014 1913 1059 1971 sui
1084 1912 1253 1990 imaginem.
1292 1913 1393 1974 Primo
1416 1912 1519 1990 itaque

154 2003 237 2065 nictu
260 2001 422 2062 cernebam
442 1998 556 2060 adriam
571 1998 647 2058 hauc
671 1996 841 2076 imaginem,
867 2008 900 2061 at
916 2001 1056 2078 repetitis
1076 2000 1231 2061 obtutibus
1251 2000 1399 2079 paulatim
1422 2001 1519 2061 mium

155 2100 248 2173 atque
272 2090 381 2151 miuus.
428 2088 562 2149 Possunt
592 2086 768 2164 amplificari
792 2087 863 2148 iudi.
911 2090 976 2150 Nos
1001 2090 1048 2149 uic
1079 2090 1267 2150 evidentiora
1296 2097 1328 2151 et
1353 2089 1520 2169 promtiore

154 2197 370 2262 proponemus,
395 2176 435 2238 ad
457 2176 631 2237 institutum
655 2174 774 2237 scilicet
797 2179 1000 2239 accommoda.

245 2264 468 2346 Propositio
484 2265 540 2326 Vl.
579 2264 777 2342 Imagines
797 2285 911 2327 rernm
932 2285 996 2345 per
1015 2267 1163 2346 globum
1189 2284 1339 2345 aqueum
1357 2267 1518 2327 visarum

155 2376 225 2422 uno
249 2356 372 2430 oculo,
398 2352 707 2432 haerentinipsa
730 2355 938 2433 superficie
962 2357 1137 2435 propiore
1162 2356 1269 2433 aquei
1295 2355 1406 2435 globi.
1442 2353 1517 2417 Cum

155 2450 212 2510 boc
235 2445 275 2508 ab
299 2443 486 2523 experientia
509 2440 715 2514 confirmetur,
739 2442 897 2519 plurimum
926 2445 1082 2506 coufirmat
1104 2446 1192 2506 fidem
1216 2463 1301 2506 meae
1326 2445 1517 2505 demonstra-

155 2534 250 2600 tionis
273 2533 312 2595 de
341 2533 408 2594 loco
441 2529 582 2609 imaginis
612 2548 704 2610 supra
727 2547 793 2611 cap.
819 2533 877 2593 III.
902 2534 1084 2614 propositae.
1132 2535 1210 2595 Nam
1245 2534 1419 2595 destituitur
1442 2532 1519 2594 visio

154 2624 307 2688 societate
335 2621 503 2693 oculorum,
538 2620 635 2681 altero
664 2618 760 2680 solum
789 2621 935 2684 adhibito.
983 2621 1086 2693 Quare
1119 2624 1202 2684 locus
1226 2621 1255 2682 iu
1279 2620 1519 2702 perpendiculari

154 2714 246 2795 plane
269 2710 329 2773 erit
352 2710 391 2771 ab
422 2710 479 2771 hac
510 2708 658 2770 societate
687 2708 849 2771 oculomm.
896 2711 954 2772 Hic
984 2712 1170 2792 propositum
1198 2730 1235 2771 ex
1260 2710 1290 2775 5.
1315 2720 1348 2772 et
1371 2708 1401 2772 3.
1426 2729 1518 2790 prae-

156 2802 260 2865 mmsis
284 2799 401 2861 evinco.
449 2797 524 2860 Cum
555 2797 633 2858 euim
667 2797 784 2860 oculum
812 2799 891 2861 inter
920 2809 953 2861 et
982 2802 1103 2880 globum
1135 2800 1234 2862 nullus
1265 2809 1403 2862 occurrat
1435 2801 1518 2860 locus

157 2890 284 2971 imagini
308 2897 416 2968 aptus,
449 2887 563 2966 primus
587 2886 694 2965 globus
718 2898 785 2962 est,
817 2889 865 2969 qni
891 2890 955 2950 luce
980 2910 1035 2951 sua
1058 2890 1175 2952 oculum
1197 2890 1329 2961 retinet,
1358 2891 1423 2951 luce
1447 2905 1519 2949 vero

157 2981 267 3044 eadem
292 2996 350 3058 qna
370 2985 403 3037 et
420 2975 521 3055 imago
544 2981 675 3038 constat.
714 2973 816 3045 Quare
841 2997 895 3057 ρετ
910 2976 941 3040 3.
965 2979 1164 3058 praemissam
1183 2986 1215 3041 et
1238 2979 1345 3058 globus
1365 2987 1397 3039 et
1419 2978 1520 3056 imago

159 3070 269 3134 eodem
292 3064 415 3128 ridendi
439 3074 508 3126 actu
532 3063 758 3144 spectabuntur.

249 3154 464 3236 Propositio
487 3154 559 3217 v11.
605 3154 792 3231 imagines
820 3173 942 3217 rerum
970 3175 1034 3235 ρετ
1063 3156 1205 3236 globum
1237 3176 1390 3237 aqueum
1419 3155 1519 3215 visa-

161 3266 233 3311 rum
253 3253 411 3324 ntroque
430 3243 534 3305 oculo
554 3243 732 3304 contusae
752 3258 787 3306 et
807 3244 1021 3322 geminatae
1041 3255 1239 3325 apparent,
1264 3245 1518 3325 utplurimum.

161 3340 226 3401 Hoc
250 3331 438 3415 experientia
466 3331 672 3395 confirmatum
704 3352 853 3413 nunqnam
876 3336 978 3411 fieret,
1012 3334 1039 3396 si
1063 3335 1173 3395 Portae
1203 3335 1409 3414 experimenta
1432 3334 1520 3394 modo

161 3428 298 3506 allegata
320 3421 386 3484 sine
410 3419 543 3483 ulteriori
573 3420 694 3481 cautela
726 3424 943 3499 consisterent,
979 3432 1032 3485 aut
1055 3423 1132 3484 citra
1159 3443 1276 3485 omnem
1310 3423 1521 3485 limitationem

161 3534 234 3578 vera
257 3519 342 3575 esset
363 3511 404 3583 X,
428 3507 484 3574 47.
513 3508 698 3572 Vitellionis.
743 3513 843 3574 Probo
872 3513 915 3574 sic
946 3512 1142 3591 propositum.
1189 3514 1267 3574 Nam
1296 3531 1350 3591 per
1375 3509 1404 3574 5.
1437 3511 1520 3572 locus

160 3602 302 3683 imaginis
326 3599 457 3661 usitatus
481 3617 535 3678 pro
559 3606 686 3678 utroque
710 3602 795 3662 oculo
823 3601 993 3663 adhibendo
1022 3601 1214 3680 utplurimum
1237 3602 1357 3680 ineptus
1382 3600 1520 3661 efficitur.

159 3694 240 3775 Ergo
264 3709 320 3772 per
343 3684 374 3754 6.
399 3689 524 3751 cuilibet
546 3689 632 3750 oculo
655 3686 756 3770 imago
779 3691 903 3753 haerere
927 3691 1047 3752 videtur
1070 3691 1098 3751 in
1124 3689 1279 3769 superficie
1303 3689 1393 3767 globi.
1433 3686 1521 3758 Quod

160 3779 386 3865 aisuperticies
417 3777 498 3856 globi
522 3786 606 3838 esset
633 3776 717 3840 locus
748 3779 887 3859 imaginis
920 3781 1051 3841 usitatus
1075 3798 1128 3858 pro
1159 3788 1284 3859 utroque
1309 3781 1394 3840 oculo
1420 3780 1469 3852 (ut
1492 3778 1521 3839 iu

161 3869 312 3934 nonnullis
336 3866 444 3929 mediis
467 3866 532 3928 lieri
553 3866 699 3946 possibile
724 3871 801 3943 est),
825 3879 896 3930 tunc
920 3878 1046 3947 utroque
1076 3869 1161 3930 oculo
1186 3887 1246 3929 uua
1270 3875 1301 3929 et
1324 3869 1431 3930 eadem
1454 3886 1521 3930 cer·

161 3969 282 4024 neretnr
305 3957 416 4035 imago.
461 3955 556 4035 Atqui
579 3954 627 4016 hic
654 3957 777 4037 ponitur
804 3958 985 4032 immiste,
1011 3958 1040 4019 in
1066 3976 1123 4038 quo
1152 3966 1277 4037 utroque
1307 3959 1393 4020 oculo
1417 3959 1524 4019 eadem

161 4052 260 4130 imago
294 4045 446 4119 cernitur,
479 4044 602 4124 propior
633 4046 712 4107 visui
745 4066 834 4127 quam
865 4048 993 4125 globus;
1031 4066 1156 4108 necesse
1190 4055 1238 4108 est
1271 4066 1342 4123 ergo
1378 4045 1524 4127 geminari

160 4137 324 4219 imaginem
347 4141 380 4196 et
407 4132 549 4196 confundi
579 4131 690 4209 visum,
725 4146 886 4215 propterea
913 4136 983 4216 qnia
1016 4137 1121 4197 eodem
1153 4136 1263 4198 intuitu
1293 4136 1371 4197 idem
1406 4136 1525 4215 quidem

164 4228 273 4291 vitrum
296 4224 411 4286 directe
435 4222 548 4296 ceruit,
573 4229 607 4283 at
629 4224 718 4285 simul
748 4226 853 4288 eadem
878 4226 943 4287 luce
968 4246 1027 4306 qua
1055 4226 1166 4287 vitrum
1192 4226 1287 4285 cernit
1311 4233 1341 4285 et
1364 4225 1523 4302 imaginem

162 4311 258 4380 altero
282 4312 370 4376 oculo
393 4311 521 4384 directe,
545 4311 642 4373 altero
666 4313 826 4377 indirecte.
873 4314 908 4375 Iu
934 4316 1087 4377 schemate
1113 4311 1168 4390 76,
1194 4332 1261 4374 cum
1285 4313 1313 4373 D
1338 4313 1421 4373 locus
1445 4313 1524 4372 ima·

162 4404 239 4487 ginis
263 4402 368 4485 puncti
390 4402 421 4463 A
444 4420 513 4462 esse
542 4400 693 4476 debuerit,
722 4413 848 4484 utroque
877 4405 963 4465 oculo
988 4404 1028 4478 B,
1054 4402 1078 4465 0
1103 4410 1276 4482 spectante,
1305 4420 1401 4481 neque
1425 4399 1526 4480 possit

161 4494 211 4577 ligi
233 4494 321 4557 visus
344 4491 375 4553 in
389 4489 428 4565 D,
453 4489 524 4571 quia
544 4489 599 4551 ΡΗ
623 4509 672 4552 τεε
696 4501 745 4553 est
768 4494 956 4554 evidentior:
981 4492 1094 4554 accidit
1117 4493 1217 4571 igitur,
1242 4499 1277 4551 ut
1300 4490 1364 4551 visu
1389 4490 1418 4549 iu
1443 4490 1524 4550 alte-

161 4601 226 4648 rum
258 4579 453 4645 retractionis
484 4582 676 4658 puuctumF
704 4583 875 4661 translato,
904 4582 990 4644 lineis
1015 4580 1082 4654 CF,
1105 4581 1158 4642 BF
1187 4580 1326 4640 videatur
1359 4578 1526 4659 quidemF

161 4680 308 4755 punctum
331 4668 474 4749 legitime,
499 4668 554 4729 sed
579 4668 694 4731 duabus
719 4672 849 4745 lucibus,
874 4671 973 4733 altera
997 4690 1034 4732 ετ
1056 4670 1102 4743 A,
1126 4669 1213 4731 lineis
1238 4668 1305 4744 ΑΕ,
1331 4668 1391 4741 EF,
1417 4665 1469 4728 FO
1494 4665 1525 4726 in

162 4761 349 4834 Cocalum,
383 4758 482 4821 altera
513 4757 601 4819 lineis
630 4759 702 4835 LK,
727 4761 796 4835 ΚΡ,
821 4761 873 4821 FB
902 4761 984 4822 inB
1013 4759 1130 4821 oculum
1163 4757 1312 4820 veniente.
1359 4757 1527 4835 Propterea

163 4854 259 4928 rmus,
293 4850 430 4912 insuetus
454 4848 530 4909 duas
554 4846 694 4910 diversas
717 4869 767 4911 ree
790 4851 830 4924 A,
855 4850 882 4910 L
905 4849 1021 4911 directe
1050 4851 1119 4927 (per
1146 4846 1373 4917 refractionem)
1406 4843 1526 4917 intueri,

162 4942 279 5005 directo
306 4946 434 5018 utroque
458 4936 544 4998 oculo
567 4934 597 4997 in
626 4945 770 5017 punctum
793 4939 832 5008 F,
857 4939 1040 5000 certificatur
1064 4936 1180 5016 quidem
1205 4936 1242 4995 de
1266 4936 1306 5009 F,
1337 4933 1528 4996 confunditur

160 5049 235 5094 raro
258 5030 343 5093 circa
365 5026 405 5101 Δ,
429 5025 457 5088 L
484 5023 644 5106 imagines.
691 5027 770 5089 Nam
799 5035 940 5090 manente
970 5028 1014 5089 sic
1042 5026 1110 5087 visu
1136 5034 1168 5087 et
1195 5025 1310 5086 directo
1338 5025 1425 5086 oculo
1448 5024 1474 5085 B
1497 5022 1527 5083 iu

242 5132 464 5185 nmmu-
1281 5127 1313 5180 16
