3692 5842
240 474 306 541 356
733 479 906 530 astronomiae
924 475 986 531 Para
1004 481 1106 546 Optiea.

240 655 332 736 igitur
355 653 491 735 elliptica
513 653 572 715 erit
595 653 690 733 ligura
719 654 811 729 radii,
844 655 934 737 idque
959 658 1075 720 sercin
1099 656 1237 721 omnibus
1268 655 1361 718 etiarn
1388 653 1494 735 liguris
1519 653 1606 714 leue-

240 754 385 819 strarum‚
420 743 580 804 dummodo
612 743 703 822 plena
733 744 787 806 fiat
817 745 1002 809 intersectio.
1047 746 1129 809 Nam
1157 763 1213 825 per
1234 744 1275 819 11,
1301 740 1332 807 o.
1365 749 1439 806 tunc
1469 742 1608 804 fenestra

239 832 393 895 minimum
429 832 630 893 communicat
662 851 737 893 cono
762 833 798 894 de
822 855 879 895 sua
901 836 1010 913 figura,
1044 834 1098 897 Sol
1127 833 1296 915 plurimum.
1343 830 1398 894 Sol
1421 832 1517 912 igitur
1540 849 1607 893 cum

238 922 281 986 eit
303 922 442 984 circulari
466 921 578 1000 specie,
603 939 709 982 conum
729 922 864 1001 proxime
878 931 993 986 rectum
1011 923 1202 986 nihilomiuus
1223 922 1352 984 efficiet:
1377 920 1436 984 etsi
1451 921 1607 983 fenestrae

240 1011 304 1075 alia
326 1012 405 1073 forte
430 1029 518 1090 quam
544 1009 698 1071 circularis
723 1011 765 1071 sit
787 1012 893 1091 figura.

328 1100 425 1180 Igitur
448 1099 474 1160 si
498 1097 675 1161 destituaris
705 1097 920 1176 instrumento,
951 1101 1029 1182 qnod
1053 1100 1125 1163 mihi
1149 1118 1226 1163 anno
1254 1096 1347 1163 1598
1378 1094 1434 1161 25.
1458 1097 1534 1160 Feb.
1559 1097 1608 1159 vel

242 1189 273 1253 7.
297 1188 403 1251 Martii
436 1188 563 1261 accidit,
598 1187 726 1267 designa
755 1190 878 1269 ellipses
902 1210 993 1270 super
1024 1207 1139 1272 papyro
1163 1189 1191 1251 in
1216 1189 1423 1269 pavimentum
1455 1185 1606 1268 projecto,

722 1288 811 1358 prout
834 1279 902 1342 illas
927 1278 981 1341 Sol
1010 1279 1140 1358 effigiat,
1174 1286 1207 1339 et
1234 1277 1304 1358 qnia
1333 1274 1476 1337 celeriter
1510 1274 1607 1337 locum

724 1368 879 1442 deserunt,
905 1368 986 1430 trina
1008 1367 1057 1428 vel
1082 1374 1230 1448 quaterna
1252 1372 1367 1445 puncta
1390 1363 1498 1436 facito,
1522 1365 1554 1426 iu
1578 1366 1607 1426 A

725 1475 839 1518 summo
872 1465 903 1518 et
926 1456 1005 1519 inB
1038 1456 1098 1518 imo
1129 1456 1214 1536 apice
1246 1454 1411 1534 ellipseos,
1446 1461 1483 1515 ut
1512 1460 1547 1513 et
1579 1453 1608 1514 in

722 1546 856 1607 acumine
900 1545 1034 1609 binomm
1074 1563 1225 1607 cornuum.
1285 1542 1408 1606 Etenim
1446 1540 1606 1622 longitudo

723 1633 864 1712 ellipseos
895 1633 952 1697 AB
989 1632 1117 1713 porrigit
1153 1652 1221 1696 sese
1259 1631 1289 1694 iu
1325 1631 1471 1694 circulum
1508 1630 1607 1693 verti·

723 1724 830 1785 calam.
896 1721 998 1793 Quare
1040 1722 1191 1784 mediante
1232 1721 1406 1799 cognitione
1449 1719 1607 1800 ellipseos,

722 1812 873 1892 positione
910 1813 985 1874 data
1019 1812 1078 1871 erit
1114 1810 1270 1874 inclinatio
1307 1809 1432 1890 deliquii
1472 1807 1531 1871 CD
1570 1807 1607 1869 ad

723 1901 898 1963 vertitatem
922 1902 989 1963 AB.
1036 1900 1127 1962 Utilis
1161 1908 1209 1962 est
1241 1898 1434 1978 potissimum
1462 1898 1494 1960 iu
1523 1897 1607 1978 prin·

422 2041 425 2048 .
465 2042 468 2064 ,
722 1989 800 2068 cipio
837 1998 870 2050 et
905 1991 962 2052 fine
1006 1988 1171 2067 eclipseos,
1216 1988 1267 2050 ubi
1306 1985 1352 2059 C,
1390 1987 1420 2048 D
1461 1994 1605 2067 paucum

423 2075 431 2084 “
539 2139 542 2154 ,
602 2080 608 2086 '
721 2097 809 2140 unum
832 2079 915 2141 fiunt
961 2080 1040 2140 Item
1065 2078 1103 2138 ad
1135 2075 1391 2157 dignoscendum,
1427 2095 1466 2138 au
1505 2075 1609 2137 umbra

720 2168 855 2245 praecise
892 2168 920 2229 iu
958 2168 989 2229 A
1025 2167 1073 2228 vel
1111 2167 1140 2226 in
1177 2167 1204 2227 B
1240 2165 1290 2226 vel
1332 2165 1407 2227 locis
1446 2165 1605 2246 quadratis

720 2256 879 2319 consistat.
948 2257 1046 2317 Extra
1091 2256 1145 2317 lios
1197 2273 1287 2316 casus
1340 2254 1433 2334 paulo
1485 2253 1607 2334 pericu-

724 2344 827 2405 losior.

330 2431 527 2495 Problema
558 2435 664 2497 XVII.
720 2432 773 2494 Ex
805 2432 985 2511 ellipseos
1023 2430 1284 2511 designatione
1320 2429 1608 2493 inclinationem

242 2520 388 2582 discere
413 2522 582 2603 deliquii.
630 2523 765 2585 Primum
788 2521 961 2583 mechanica
985 2521 1039 2583 sic.
1086 2519 1153 2581 Duc
1176 2521 1206 2582 in
1231 2519 1388 2582 schemate
1411 2520 1609 2597 praecedenti

242 2608 300 2671 AB
325 2609 504 2673 diametrum
532 2612 712 2693 longiorem,
748 2629 841 2691 eaque
865 2610 983 2671 bisecta
1005 2610 1036 2671 in
1059 2606 1101 2683 Ε,
1126 2618 1231 2670 centro
1254 2608 1280 2668 Ε
1305 2608 1458 2670 distantia
1481 2607 1542 2670 ΕΔ
1564 2609 1609 2669 sel

241 2697 295 2760 ΕΒ
320 2698 471 2761 scribatur
494 2681 632 2776 birculns,
657 2698 735 2762 crrC
760 2719 830 2762 vero
851 2699 926 2760 etD
950 2698 1098 2760 cornubus
1123 2698 1322 2760 demittantur
1343 2698 1609 2776 perpendiculares

242 2785 271 2848 in
295 2787 364 2859 AB,
387 2789 581 2851 continuatae
606 2792 644 2852 ad
669 2791 752 2852 illam
776 2796 892 2868 partem
917 2788 1191 2858 circumferentiae,
1216 2785 1336 2867 sintque
1361 2783 1432 2859 cG,
1457 2786 1526 2848 DF.
1571 2785 1610 2847 Et

241 2874 483 2939 circumferentia
508 2876 564 2940 GF
588 2879 738 2941 bisecetur
762 2878 790 2939 iu
815 2878 854 2949 H,
878 2877 1063 2956 duceturque
1087 2876 1154 2936 ΕΗ.
1193 2876 1274 2951 Ergo
1297 2874 1384 2936 ΗΕΒ
1408 2882 1457 2936 est
1481 2875 1609 2937 inclina·

241 2963 333 3027 tionis
368 2966 515 3045 angulus,
548 2968 710 3030 discendus
734 2986 772 3027 ex
796 2965 851 3026 ΗΒ
885 2984 973 3039 arcu,
1006 2964 1032 3026 si
1055 2964 1142 3025 ΑΗΒ
1167 2965 1196 3026 in
1224 2960 1286 3026 180
1319 2963 1487 3025 dividatur.
1537 2962 1609 3026 Cum

242 3052 322 3115 eninr
346 3073 439 3115 conus
470 3055 527 3118 iste
561 3057 753 3118 acutissimus
778 3054 835 3127 sit,
869 3062 976 3133 utpote
1007 3054 1090 3132 cujus
1121 3054 1248 3132 angulus
1274 3071 1331 3114 non
1364 3052 1464 3132 rnajor
1488 3052 1609 3115 dimidio

243 3144 354 3220 gradu,
388 3145 516 3206 medium
545 3146 690 3225 ellipseos
714 3146 803 3223 plane
828 3142 1001 3204 insensibile
1036 3142 1187 3221 quippiam
1221 3141 1361 3204 abscedit
1385 3141 1424 3203 ab
1449 3161 1509 3202 are
1534 3142 1607 3212 coni,

245 3236 421 3309 propterea,
450 3254 466 3295 a
492 3253 667 3315 quocunque
701 3241 811 3312 puncto
844 3231 1101 3292 circumferentiae
1126 3231 1268 3310 ellipseos
1293 3231 1555 3309 perpendicularis
1582 3231 1608 3290 iu

242 3318 422 3382 diametrum
447 3322 611 3400 longiorem
637 3323 824 3395 demittatur,
850 3320 994 3381 rescindit
1017 3320 1113 3380 sinum
1133 3338 1252 3381 versum
1277 3319 1357 3380 illius
1382 3339 1472 3382 arcus
1498 3339 1519 3381 a
1542 3339 1608 3381 ver·

244 3407 328 3469 ticali
353 3418 464 3488 puncto
489 3410 600 3492 incepti
625 3413 654 3473 in
679 3411 799 3483 circulo,
825 3410 909 3487 cujus
934 3417 982 3469 est
1005 3410 1061 3470 BA
1086 3408 1259 3470 diametros.

330 3495 447 3567 Quodsi
471 3500 564 3561 etiarn
589 3501 660 3561 bina
691 3507 804 3579 puncta
825 3516 880 3577 pro
903 3498 1052 3558 diametro
1084 3496 1213 3558 breviori
1246 3495 1386 3575 signasti,
1413 3506 1469 3558 aut
1493 3498 1520 3561 si
1544 3499 1608 3560 cal·

240 3585 308 3646 culo
334 3606 371 3647 err
395 3588 554 3650 altitudine
579 3588 661 3650 Solis
685 3588 814 3650 elicuisti
838 3588 1061 3669 proportionem
1086 3585 1232 3647 brevioris
1260 3585 1400 3647 diametri
1426 3587 1465 3647 ad
1493 3588 1609 3666 longio-

241 3693 324 3737 rem:
349 3676 537 3754 probationis
563 3698 655 3739 eausa
674 3676 752 3737 exli
773 3675 887 3737 scribes
906 3675 1047 3737 circulum
1072 3674 1270 3753 amplitudine
1290 3675 1432 3737 diametri
1452 3675 1612 3749 brevioris,

245 3771 277 3824 ot
301 3783 338 3824 ex
363 3762 398 3836 C,
423 3765 462 3837 D,
487 3767 652 3845 parallelos
677 3765 733 3844 ipsi
759 3765 815 3825 AB
847 3765 955 3837 duces,
985 3772 1018 3825 ut
1042 3773 1147 3826 secent
1169 3765 1323 3826 circellum
1348 3765 1377 3825 in
1403 3764 1432 3837 1,
1457 3763 1507 3839 Κ,
1532 3766 1614 3844 cujus

245 3870 334 3913 arcus
359 3852 512 3915 dimidium
537 3856 561 3915 si
587 3855 615 3916 irr
641 3854 750 3915 lineam
765 3854 822 3914 Eli
845 3854 960 3926 incidit,
986 3861 1071 3914 certa
1089 3862 1138 3914 est
1161 3853 1342 3932 designatio.
1382 3854 1518 3916 Rursum
1538 3855 1614 3916 euim

245 3938 363 4017 ellipsis
387 3939 508 4002 brevior
523 3943 686 4005 diametros
711 3942 879 4003 insensibili
904 3942 1021 4020 longior
1035 3951 1084 4003 est
1104 3942 1183 4003 linea
1202 3943 1240 4002 ad
1260 3962 1348 4004 axem
1369 3944 1614 4022 perpendiculari

245 4026 275 4088 in
299 4039 409 4106 puncto
434 4030 519 4103 axis,
555 4032 634 4110 quod
663 4039 711 4092 est
740 4032 769 4091 in
803 4031 893 4110 plano
926 4049 978 4090 serr
1012 4030 1098 4090 basi:
1132 4051 1223 4111 quare
1248 4052 1267 4092 a
1290 4050 1467 4113 quocunque
1503 4043 1615 4113 puncto

246 4116 507 4178 circumferentiae
546 4120 698 4199 ellipticae
737 4121 827 4181 dueta
863 4119 1121 4199 perpendicularis
1151 4121 1180 4181 in
1212 4120 1379 4182 breviorem
1419 4122 1614 4193 diametrum,

248 4205 392 4267 rescindit
417 4207 514 4268 sinum
539 4219 653 4270 rectum
673 4227 706 4269 se
731 4209 809 4269 inter
824 4217 856 4269 ct
878 4218 1013 4269 centrum
1039 4208 1102 4285 ejus
1119 4228 1216 4284 arcus,
1243 4208 1338 4289 quiin
1362 4209 1477 4271 circulo
1496 4210 1615 4291 ampli·

246 4294 381 4356 tudinem
405 4295 552 4358 brevioris
582 4297 720 4358 diametri
752 4297 880 4357 habente
913 4297 991 4357 inter
1018 4306 1161 4375 punctum
1192 4299 1337 4361 verticale
1366 4300 1436 4370 (seu
1461 4303 1545 4380 quod
1568 4311 1615 4361 est

247 4382 276 4442 irr
302 4382 358 4443 AB
383 4384 479 4456 linea)
504 4393 535 4445 et
559 4385 660 4445 datum
685 4398 826 4463 punctum
852 4384 1041 4461 interjicitur.

337 4471 450 4531 Verum
475 4492 511 4532 ne
535 4473 703 4533 conicorum
728 4473 942 4533 elementorum
966 4474 1055 4552 periti
1076 4474 1104 4535 in
1121 4493 1167 4534 me
1187 4474 1256 4553 qnid
1281 4475 1478 4538 desiderent:
1505 4478 1616 4539 addam

249 4566 281 4617 et
304 4557 454 4634 ἁκριβειαν
472 4579 509 4619 err
525 4561 697 4639 Apollonio.
737 4561 826 4621 Situ·
848 4573 998 4638 punctum,
1023 4563 1052 4622 in
1072 4564 1150 4642 quod
1171 4564 1324 4627 crisconi
1345 4564 1461 4628 incidit.
1510 4568 1616 4628 liabe-

249 4645 359 4706 buntnr·
382 4667 454 4724 ergo
479 4649 537 4708 Nn
563 4660 595 4708 et
618 4650 672 4709 ΝΒ
698 4650 727 4708 ln
759 4647 834 4707 bunc
868 4650 996 4711 modum.
1044 4651 1230 4712 Distantiarn
1256 4652 1339 4714 Solis
1363 4674 1383 4713 a
1407 4655 1527 4716 venies
1556 4655 1616 4728 ¹5⁴,

250 4734 299 4792 vel
324 4749 437 4812 quauta
457 4747 505 4795 est
528 4738 750 4797 semidiameter
766 4735 857 4804 Solis,
883 4757 959 4814 urrge
979 4755 1009 4799 et
1032 4741 1139 4813 minue,
1165 4753 1197 4801 st
1220 4744 1351 4804 omnium
1377 4744 1469 4806 trium
1493 4763 1618 4807 arcuum

247 4839 375 4901 excerpe
405 4833 577 4901 tangentes.
627 4824 823 4883 Differentiae
853 4828 1038 4892 tangentium
1071 4831 1234 4891 ostenderit
1264 4833 1422 4909 portiones
1457 4835 1618 4914 quaesitas

251 4908 281 4967 iu
306 4913 507 4988 proportione,
533 4912 663 4989 qualium
682 4911 764 4971 sinus
785 4922 866 4973 totus
886 4925 932 4976 est
958 4913 1094 4978 100000.
1133 4917 1368 4982 Semidiameter
1385 4941 1460 4985 vero
1485 4923 1617 4994 brevior,

253 4997 335 5056 exN
359 5008 470 5075 puncto
494 5000 597 5060 exiens
621 5000 666 5069 (iri
686 5000 848 5076 Apollonio
871 5013 921 5065 est
943 5005 1104 5067 ordinatim
1127 5008 1299 5086 applicata)
1323 5010 1367 5073 sic
1392 5010 1537 5076 habetur.
1576 5013 1620 5074 ta
