3692 5842
743 266 825 335 capas
842 262 936 321 xvlm

693 551 814 652 Caput
840 551 983 628 XVIH.

272 727 491 820 disparitate
514 724 658 805 luminis,
683 729 839 793 aaronem
861 739 891 794 et
912 727 1141 794 scintillatione
1162 731 1248 794 Nooi
1271 729 1407 825 Sideris.

247 886 356 949 Placet
377 905 449 948 vero
473 888 569 949 locum
593 889 670 951 hunc
694 889 868 969 diligentius
890 896 1088 968 pertractare.
1137 887 1217 959 Quid
1241 890 1319 952 enirn
1349 897 1412 964 est,
1442 892 1521 972 quod

155 974 247 1037 nobis
269 975 359 1055 hujus
382 976 452 1038 novi
476 977 583 1039 sideris
608 978 746 1040 notitiam
770 977 953 1052 conciliavit,
979 978 1036 1038 nisi
1059 978 1115 1038 hoc
1135 977 1231 1057 ipsum
1251 979 1316 1058 ejus
1337 980 1435 1041 lumen
1458 989 1521 1041 tarn

92 1093 118 1118 ι-
155 1063 315 1143 fulgidum,
341 1073 403 1126 tam
427 1066 623 1127 admirabile?
668 1068 774 1146 ltaque
798 1086 938 1145 magnum
962 1067 1236 1146 operaepretium,
1261 1069 1297 1144 si,
1322 1069 1520 1149 quodtento,

153 1170 267 1215 causas
291 1154 379 1232 hujus
404 1154 528 1233 turgoris
552 1174 589 1215 ex
612 1163 737 1217 naturae
760 1156 966 1235 penetralibus
989 1155 1102 1234 passim
1126 1175 1241 1218 eruero.

245 1241 277 1304 J.
302 1239 339 1303 G.
364 1240 503 1321 Scaliger
525 1243 753 1306 Exotericarum
767 1243 1026 1306 Exercitationum
1050 1240 1102 1307 63.
1127 1263 1237 1306 causas
1260 1246 1348 1307 affert
1373 1244 1412 1306 ad
1436 1245 1519 1307 scin-

154 1325 338 1392 tillationem
363 1340 574 1394 concurrentes
598 1334 741 1413 quinque:
773 1332 1023 1413 magnitudinem,
1054 1334 1237 1409 claritatem,
1262 1341 1375 1396 motum
1400 1334 1517 1409 sideris,

152 1418 284 1480 medium
308 1419 388 1481 seris
412 1429 445 1482 et
466 1428 579 1482 motum
602 1422 721 1484 luminis
744 1421 774 1483 in
799 1422 907 1484 sidere.
956 1419 1041 1491 Quas
1065 1441 1173 1483 causas
1193 1422 1242 1504 qui
1262 1422 1423 1504 diligenter
1443 1443 1518 1484 exa-

151 1506 329 1581 minaverit,
363 1508 552 1587 isprimam,
586 1511 748 1571 secundam
781 1520 813 1572 et
845 1518 983 1590 quartam
1016 1510 1094 1573 inter
1126 1511 1307 1591 adjuvantes
1340 1512 1518 1591 comperiet;

151 1596 278 1658 tertiam
302 1604 356 1658 sut
378 1597 513 1677 quintam
536 1617 590 1678 pro
613 1599 776 1678 praecipua
799 1598 933 1660 habebit.
980 1599 1100 1660 Etenim
1123 1600 1202 1680 quod
1216 1600 1299 1679 prius
1314 1619 1380 1661 eum
1394 1602 1518 1662 Aristo-

152 1685 217 1746 tele
239 1704 307 1747 sum
329 1694 559 1765 argumentatus
583 1707 621 1748 ex
644 1687 860 1749 scintillatione
886 1688 926 1748 ad
948 1686 1150 1761 altitudinem,
1175 1688 1233 1750 leci
1257 1689 1296 1751 ad
1319 1689 1518 1750 convicendus

151 1772 380 1836 Aristotelicas.
426 1775 503 1837 Rern
528 1776 624 1855 ipsam
649 1776 727 1858 quod
751 1777 878 1849 attinet,
912 1774 985 1836 nibil
1018 1776 1146 1837 altitudo
1178 1795 1288 1857 perse
1312 1785 1428 1856 potest,
1459 1776 1517 1838 nisi

150 1861 258 1924 adsint
279 1881 391 1924 censae
414 1871 535 1926 ceterae
568 1874 621 1926 aut
650 1884 703 1944 per
726 1865 915 1927 altitudinem
945 1873 1146 1945 praestentur.
1193 1861 1316 1928 Dictum
1347 1875 1395 1928 est
1426 1866 1516 1941 enirn,

150 1949 229 2031 ipsis
252 1950 343 2013 etiam
366 1952 499 2031 planetis
523 1953 742 2032 quodammodo
766 1954 924 2016 convenire
944 1954 1200 2028 scintillationem,
1223 1954 1383 2035 praecipue
1404 1955 1516 2016 Veneri

155 2048 190 2101 et
212 2039 376 2113 Mercurio,
402 2041 497 2103 Marti
521 2044 644 2105 obscure
668 2044 845 2117 admodum,
870 2042 980 2104 ceteris
1005 2043 1134 2105 minime.
1181 2043 1224 2105 Et
1250 2050 1322 2105 sunt
1352 2050 1453 2105 tamen
1487 2043 1516 2106 hi

154 2128 336 2208 superiores,
361 2129 406 2192 illi
429 2137 493 2192 tres
516 2131 655 2206 humiles,
694 2142 727 2193 et
761 2132 864 2193 Venus
897 2131 1017 2210 quidem
1044 2131 1181 2193 humilior
1204 2132 1270 2211 ipso
1293 2133 1403 2195 Marte.
1450 2131 1517 2212 Igi-

149 2225 202 2280 tnr
223 2217 253 2279 iu
277 2236 315 2279 ea
337 2237 443 2280 maneo
467 2221 627 2294 sententia,
653 2240 742 2302 quarn
766 2239 832 2300 cap.
852 2220 909 2282 v1.
931 2219 1107 2299 Optieorum
1132 2220 1254 2295 tradidi,
1280 2239 1369 2302 quam
1390 2230 1423 2282 et
1436 2219 1516 2283 Sca-

149 2305 229 2386 liger
252 2306 402 2376 defendit,
435 2327 557 2371 causam
590 2309 816 2371 scintillationis
840 2308 915 2388 ipsis
940 2310 1096 2372 stellarum
1120 2310 1295 2390 corporibus
1319 2309 1433 2387 inesse,
1462 2329 1516 2372 seu

149 2393 271 2457 luminis
295 2415 332 2456 ea
354 2396 396 2458 sit
418 2407 516 2459 motus
540 2418 594 2458 seu
616 2397 759 2478 corporis.
805 2398 846 2458 Et
869 2398 953 2477 prius
979 2398 1016 2459 de
1042 2398 1188 2460 luminis
1211 2405 1319 2460 motu.

238 2483 347 2546 Placet
369 2483 524 2563 Scaligero
548 2496 580 2547 et
604 2487 667 2566 ipse
693 2487 885 2548 vehementer
909 2487 1058 2566 approbo,
1091 2498 1248 2552 naturalem
1272 2514 1335 2551 essa
1359 2497 1388 2550 in
1417 2496 1514 2554 sideris

149 2599 268 2654 corpore
288 2583 343 2638 rim
363 2584 473 2638 luminis
498 2602 560 2639 sese
581 2586 742 2657 spargentis
767 2603 823 2640 non
843 2586 902 2640 sine
923 2593 1008 2642 motu.
1044 2575 1102 2637 Rei
1117 2577 1262 2638 obscurae
1278 2576 1440 2656 explicatio
1455 2596 1514 2638 non

149 2662 312 2724 admodum
336 2663 483 2725 dilucida:
518 2664 678 2726 declarabo
703 2664 865 2744 exemplis,
899 2665 925 2725 si
954 2665 1032 2726 forte
1057 2684 1175 2726 sensum
1200 2665 1332 2726 auctoris
1357 2683 1512 2746 assequar,

149 2751 221 2813 dum
243 2770 342 2813 rneum
365 2770 479 2832 promo.
526 2752 705 2833 Exemplum
727 2765 801 2834 puto
826 2754 903 2814 satis
924 2763 1028 2833 aptum
1047 2753 1077 2814 in
1097 2763 1179 2816 motu
1200 2754 1300 2816 cordis
1320 2755 1512 2816 arteriarum·

145 2857 220 2922 qne;
246 2842 357 2904 uthoc
382 2860 498 2921 quoque
522 2841 694 2904 cordicum
719 2842 807 2917 Sole,
841 2842 922 2903 vitae
957 2863 1024 2904 cum
1046 2843 1173 2917 lumine,
1206 2851 1327 2923 praeter
1351 2863 1403 2918 ea,
1436 2863 1511 2923 quae

145 2948 214 3010 cap.
231 2929 256 2993 1.
277 2939 309 2990 et
323 2930 378 2993 Vl.
398 2928 525 3010 Optices
549 2932 620 3007 disi,
645 2949 798 2992 commune
822 2931 872 2992 sit.
919 2931 988 2992 Non
1012 2933 1069 2993 huc
1094 2933 1198 2993 trahas
1222 2932 1400 3012 exemplum,
1426 2931 1512 3012 quasi

145 3027 180 3081 ut
203 3037 256 3081 eor
278 3018 415 3097 spiritum
439 3020 660 3100 compressione
685 3020 771 3081 elidit
793 3028 825 3080 et
848 3020 1035 3081 transfundit
1058 3020 1087 3081 in
1111 3040 1228 3101 corpus,
1254 3021 1297 3083 sic
1317 3021 1425 3083 stellae
1441 3041 1510 3084 cor-

143 3125 203 3189 pus
226 3106 313 3187 qnasi
336 3110 465 3189 quadarn
489 3108 695 3171 coarctatione
725 3109 770 3170 sui
799 3108 897 3169 lumen
927 3109 1085 3187 exprimat.
1132 3109 1265 3190 Spiritus
1299 3111 1377 3171 enim
1408 3110 1511 3172 vitalis

144 3213 322 3276 corporeum
346 3197 497 3278 quippiam
518 3206 581 3259 est:
608 3199 714 3271 lumen,
740 3196 945 3258 sincerissima
965 3197 1107 3277 qualitas,
1133 3217 1239 3259 crassa
1259 3197 1319 3259 ista
1333 3199 1510 3277 impulsione

144 3303 206 3347 non
229 3284 355 3365 indiget.
401 3285 465 3349 Sed
488 3294 588 3348 tamnu
613 3287 759 3367 analogus
783 3284 892 3366 aliquis
915 3286 1104 3365 intelligatur
1127 3286 1156 3348 in
1180 3286 1274 3347 stella
1300 3294 1415 3360 motus,
1449 3305 1508 3347 non

144 3373 254 3436 localis
277 3375 331 3437 sed
355 3375 558 3450 alterationis,
590 3376 753 3437 secundnm
784 3393 852 3436 earn
875 3375 1069 3454 qualitatem,
1103 3393 1162 3454 qua
1194 3373 1285 3436 stella
1309 3373 1438 3436 lucidum
1461 3381 1510 3436 est

145 3479 267 3542 corpus.
313 3463 377 3527 lmo
401 3483 473 3527 vero
498 3463 597 3526 virum
620 3483 755 3545 propono
778 3464 868 3542 hujus
893 3462 1082 3526 alterationis
1106 3463 1274 3542 exemplum
1298 3460 1328 3523 in
1346 3461 1423 3523 vivis
1438 3480 1508 3524 oar-

143 3551 289 3624 bonibus;
322 3554 372 3634 qui
396 3554 434 3616 ab
457 3553 514 3615 hcc
537 3552 603 3632 ipso
627 3564 710 3615 mutu
734 3561 765 3614 et
789 3552 873 3632 quasi
897 3552 1000 3632 vigore
1032 3552 1201 3614 alternante
1234 3569 1340 3613 nomen
1373 3550 1508 3613 vivorum

142 3649 217 3704 sunt
238 3641 353 3721 adepti.
399 3642 468 3705 Etsi
498 3642 555 3703 boc
586 3643 765 3721 exemplum,
800 3641 827 3703 si
859 3650 891 3703 et
922 3641 1111 3703 celeritatem
1138 3639 1166 3703 ei
1193 3640 1336 3722 majorem
1367 3639 1507 3720 affingas,

142 3729 275 3793 Veneris
298 3730 506 3794 scintillationi
533 3730 629 3810 magis
652 3731 823 3810 respondet.

232 3817 311 3882 Hem
335 3819 457 3882 hoccine
481 3828 530 3881 est
552 3820 768 3900 philosophari,
791 3839 827 3881 eo
850 3817 1041 3899 paupertatis
1064 3817 1175 3898 redigi:
1210 3826 1242 3880 ut
1265 3818 1449 3894 sententiae,
1473 3823 1508 3879 ut

141 3925 243 3972 rerum
266 3928 377 3971 causae
401 3929 421 3970 a
443 3909 533 3988 vulgo
557 3910 619 3970 sint
641 3907 899 3972 mendicandae?'
915 3908 995 3970 Nam
1018 3927 1066 3971 me
1081 3905 1213 3983 Christe,
1238 3907 1311 3970 nibil
1334 3915 1383 3969 est
1405 3905 1506 3986 aptius

139 4013 197 4078 pro
221 3998 368 4078 exemplo,
393 4016 483 4079 quarn
506 3998 536 4058 id
561 3998 640 4078 quod
664 4017 765 4060 omnes
789 3995 970 4076 concipiunt,
997 3996 1133 4077 quodque
1155 3995 1307 4058 Patricius
1331 3998 1507 4070 (vittate),

141 4084 326 4150 altissimum
350 4106 457 4168 sapere
471 4086 565 4160 visus,
589 4106 643 4148 seu
659 4106 784 4149 censens
802 4085 847 4147 ita
868 4104 975 4147 senex
993 4084 1153 4147 barbarica
1167 4083 1357 4165 philosophia
1372 4085 1507 4165 loquens,

140 4182 226 4238 certe
249 4174 384 4239 imitatus
408 4183 457 4238 est
486 4174 586 4249 unice,
620 4176 726 4237 stellas
759 4174 959 4255 pronuncians
992 4193 1060 4236 esse
1092 4173 1277 4250 flammulas3
1310 4171 1447 4236 nimirum
1477 4171 1508 4234 id

139 4264 222 4346 quod
246 4266 335 4345 vulgo
358 4265 499 4327 ridentur
523 4272 555 4325 et
577 4263 660 4342 cujus
684 4263 728 4324 rei
757 4281 933 4342 expressam
966 4271 1075 4343 gerunt
1106 4262 1334 4324 similitudinem
1366 4269 1398 4324 et
1429 4261 1507 4323 unde

139 4351 223 4433 apud
246 4352 420 4435 plerosque,
452 4351 614 4432 praecipue
637 4358 760 4430 poetas,
794 4351 1037 4413 denominantur:
1072 4351 1152 4432 quod
1184 4370 1276 4432 supra
1308 4358 1340 4413 et
1367 4350 1404 4412 de
1428 4368 1505 4411 novo

141 4450 248 4504 nostro
272 4443 370 4506 sidere
394 4440 612 4521 usurpavimus.

230 4532 282 4595 An
306 4550 377 4612 ergo
400 4531 476 4592 haec
499 4540 548 4593 est
571 4530 600 4591 iu
623 4528 690 4591 liris
713 4549 807 4591 causa
830 4527 1025 4601 scintillandi,
1051 4546 1126 4608 quae
1151 4526 1264 4589 nostris
1285 4525 1392 4588 faculis
1412 4546 1505 4588 causa

138 4621 300 4684 evomendi
323 4639 360 4682 ex
383 4617 550 4698 interrupto
581 4619 657 4680 alios
688 4626 779 4699 atque
808 4619 884 4681 alios
917 4616 1040 4680 radios?
1072 4616 1194 4680 Nescio.
1240 4615 1283 4677 Et
1316 4615 1434 4695 quidem
1466 4615 1503 4676 de

139 4716 249 4771 nostra
270 4729 350 4772 nova
371 4710 465 4771 stella
488 4708 607 4770 facilius
630 4708 686 4769 hoc
717 4707 835 4782 dixero,
870 4707 940 4790 quia
963 4705 1127 4786 disparuit,
1161 4704 1232 4785 quia
1263 4704 1364 4768 subito
1397 4704 1503 4784 ingens

138 4797 261 4879 reluxit,
284 4797 375 4863 nullis
398 4797 576 4863 adolescens
599 4793 808 4859 incrementis:
833 4797 870 4858 de
893 4796 961 4859 fisis
984 4814 1070 4866 aero,
1100 4794 1151 4879 qui
1174 4793 1290 4856 aeterni
1313 4800 1384 4856 sunt
1405 4792 1502 4874 ignes,
