3692 5842
805 478 837 530 da
854 477 927 530 rabna
946 474 1048 541 opum.

251 660 280 723 in
297 667 426 740 puncto,
450 662 529 743 quod
552 668 601 723 est
614 682 633 722 a
647 660 742 723 Terra
755 655 996 719 remotissimum.
1026 651 1102 712 Dico

251 751 406 829 planetam
430 752 470 813 ibi
495 759 558 811 tam
573 751 686 811 lentum
709 748 859 818 incedere,
885 764 921 805 ac
937 763 962 804 sr
954 740 1102 803 celerior

251 840 388 901 existens
412 838 558 921 (qualis
550 857 579 899 ιιι
599 838 629 899 V
652 837 718 899 loco
741 834 899 897 mediocris
922 829 1100 899 distantiae)

250 937 385 989 curreret
398 929 482 990 rull
498 928 622 991 Numeri
645 927 683 988 ad
707 932 837 986 mentem
852 919 1002 1003 Tychonis
1024 936 1099 979 con·
1171 933 1183 979 1
1260 965 1262 972 .

249 1016 362 1077 cinnati
387 1016 431 1078 sic
454 1016 582 1084 habent,
605 1023 640 1076 ut
662 1016 688 1075 si
712 1014 770 1075 BV
788 1015 919 1091 fingatur
942 1029 1009 1069 esse
1024 1026 1099 1087 par-

251 1104 324 1165 tium
351 1102 492 1179 100000,
516 1104 571 1165 liat
591 1103 645 1164 ΑΒ
664 1102 874 1165 eccentrieitas
890 1098 977 1162 2877
993 1100 1098 1160 harum
1159 1155 1163 1183 ,

248 1193 389 1269 partium.
441 1193 504 1255 Sed
526 1190 584 1254 Ac
609 1191 738 1253 altitudo
773 1189 868 1252 centri
901 1189 1098 1267 aequalitatis
1199 1222 1201 1226 Α

248 1277 344 1343 8722.
379 1280 511 1343 Rursum
533 1280 756 1342 semidiameter
770 1280 851 1340 orbis
866 1278 1024 1340 Terrarum
1048 1277 1097 1338 di·
1138 1283 1164 1335 a·

249 1369 324 1429 citur
349 1389 368 1429 a
391 1370 532 1450 Tychone
556 1370 584 1430 in
601 1370 658 1430 BV
683 1369 907 1430 semidiametro
931 1367 1012 1428 orbis
1031 1366 1097 1427 Lu-

253 1476 307 1519 nae
332 1458 478 1519 contineri
503 1456 605 1521 mna,

319 1546 450 1626 Jamque
477 1548 618 1608 absoluta
651 1553 735 1606 esset
768 1543 930 1622 explicatio
963 1552 1096 1607 motuum

247 1634 423 1708 Lanarium,
448 1644 595 1715 qnatenus
619 1634 672 1695 illa
694 1633 780 1695 nobis
797 1651 870 1711 opus
894 1640 944 1692 est
967 1632 994 1692 in
1010 1652 1094 1694 com-

248 1722 389 1801 putandis
413 1722 671 1803 conjunctionibus
694 1730 726 1783 et
741 1720 981 1802 oppositionibus
1004 1722 1094 1784 lumi-

247 1811 375 1884 narium,
410 1812 467 1873 nisi
491 1812 619 1891 eclipses
651 1811 782 1889 spatium
810 1810 926 1887 aliquot
956 1809 1095 1873 horarum

247 1909 430 1978 occuparent
453 1910 484 1961 et
507 1901 551 1960 sic
575 1909 646 1960 ante
670 1909 792 1979 etpost
818 1917 920 1959 reram
950 1900 1095 1977 conjunc·

249 1988 358 2049 tionem
384 1990 626 2050 extenderentur.
673 1986 742 2057 Quo
767 1987 886 2050 nomine
910 2005 985 2066 opus
1018 1997 1066 2050 est
1089 1988 1261 2068 cognitione
1285 2010 1381 2054 novae
1405 1992 1534 2072 alicujus
1558 1993 1607 2053 io-

247 2076 452 2156 aequalitatis.
483 2078 604 2139 Etenim
624 2077 831 2151 Ptolemaeus,
857 2073 1043 2154 Copernicus
1057 2084 1089 2138 et
1102 2077 1204 2157 Tycha
1219 2078 1463 2158 deprehendunt,
1488 2100 1606 2162 aequa-

248 2166 344 2227 tiones
370 2166 475 2228 Lunae
508 2186 566 2229 non
602 2168 629 2227 in
655 2167 734 2227 omni
767 2185 833 2227 cum
857 2162 930 2226 Sole
955 2164 1190 2245 configuratione
1223 2186 1345 2230 manere
1378 2169 1513 2243 easdem,
1552 2168 1607 2230 sed

246 2254 390 2333 paulatim
414 2256 534 2336 augeri,
567 2256 655 2317 Luna
678 2274 716 2316 ex
738 2253 927 2334 oppositione
957 2253 1006 2315 vel
1039 2254 1248 2335 conjunctione
1276 2257 1306 2319 iu
1330 2257 1531 2337 quadraturas
1555 2257 1606 2319 di-

247 2344 413 2421 gradiente.

336 2432 389 2494 Sic
412 2433 490 2493 enirn
514 2450 552 2492 ex
576 2449 626 2492 ore
651 2430 802 2510 Tychonis
826 2430 942 2505 audivi,
967 2431 1128 2494 maximam
1152 2430 1182 2493 in
1206 2431 1468 2511 conjunctionibus
1492 2442 1523 2495 et
1546 2452 1603 2511 op·

247 2521 447 2599 positionibus
476 2519 685 2598 aequationem
716 2539 782 2579 esse
802 2514 842 2581 40
864 2516 937 2592 50,
972 2527 1086 2598 quanta
1119 2528 1169 2582 est
1201 2529 1233 2582 et
1263 2522 1397 2584 maxima
1422 2522 1551 2583 latitudo
1575 2522 1604 2582 in

250 2610 323 2671 locis
346 2609 464 2670 iisdem.
485 2608 531 2669 At
554 2607 582 2667 in
607 2608 798 2687 quadraturis
823 2626 997 2670 excrescere
1022 2609 1217 2686 aequationes
1242 2629 1335 2689 usque
1359 2612 1397 2672 ad
1414 2606 1533 2683 7040;
1559 2611 1606 2670 la-

249 2697 393 2759 titudines
408 2716 480 2758 vero
505 2698 542 2757 ad
559 2694 599 2758 50
616 2693 675 2759 10.
711 2694 786 2757 Cum
812 2696 884 2758 illud
907 2697 945 2757 de
969 2697 1182 2776 aequationum
1206 2697 1389 2761 incremento
1413 2699 1507 2759 sitin
1532 2717 1606 2760 con-

247 2789 326 2847 fesso
348 2786 427 2865 apud
452 2805 572 2857 omnes,
597 2786 633 2845 de
658 2804 752 2845 causa
778 2796 878 2845 tamen
903 2804 956 2845 cnr
977 2786 1035 2846 hoc
1058 2785 1103 2847 ita
1125 2786 1178 2847 fiat
1200 2786 1304 2848 variae
1327 2796 1398 2849 sunt
1421 2786 1603 2849 sententiae.

333 2874 528 2936 Ptolemaeus
552 2873 842 2953 appropinquatione
868 2874 905 2933 ad
929 2874 1053 2935 Terram
1076 2874 1107 2935 id
1130 2874 1194 2936 fieri
1208 2882 1306 2953 putat.
1340 2875 1418 2936 Nam
1434 2894 1511 2953 quae
1533 2893 1606 2953 pro-

245 2964 330 3042 piora
353 2970 438 3034 sunt,
471 2963 588 3041 maj0ra
611 2970 774 3042 apparent;
807 2963 910 3041 itaque
934 2964 1045 3024 statuit
1068 2970 1221 3025 menstruo
1244 2963 1349 3025 Lunae
1373 2983 1464 3026 cursu
1487 2963 1604 3026 ovale'm

246 3052 373 3113 describi
407 3053 549 3129 liguram,
585 3052 669 3130 cnjus
700 3051 816 3128 longior
846 3050 995 3112 diameter
1027 3051 1064 3111 ad
1089 3051 1191 3113 Solem
1225 3052 1386 3131 dirigatur,
1424 3050 1544 3113 brevior
1576 3050 1604 3111 in
1648 3092 1650 3095 -

247 3142 458 3220 quadraturas.
505 3140 591 3200 lianc
615 3139 784 3218 opinionem
808 3139 1068 3218 Regiomontanus
1092 3148 1124 3202 et
1147 3137 1333 3219 Copemicus
1362 3140 1523 3202 manifesto
1548 3158 1604 3201 ex·

245 3230 409 3309 perimente
433 3227 582 3290 refutant:
608 3237 748 3306 oportere
773 3237 805 3289 et
822 3228 956 3307 corporis
980 3228 1085 3289 Lunae
1108 3228 1290 3291 diametrum
1312 3229 1479 3309 aequaliter
1502 3227 1605 3307 augeri

247 3319 393 3391 dicentes,
419 3335 496 3395 quae
521 3326 622 3377 tamen
647 3314 705 3376 sibi
729 3317 835 3378 similis
859 3318 922 3377 fere
946 3336 1065 3396 semper
1089 3324 1121 3378 et
1144 3317 1173 3380 iu
1190 3317 1383 3397 quadraturis
1405 3326 1438 3379 et
1460 3317 1491 3381 iu
1506 3336 1605 3397 oppo-

246 3406 405 3468 sitionibus
429 3415 561 3466 maneat.

334 3494 437 3576 Tycho
461 3495 554 3555 multo
579 3492 687 3555 fortius
716 3500 749 3555 et
780 3492 920 3554 subtilius
943 3492 999 3554 hoc
1025 3492 1111 3565 facit,
1142 3492 1303 3573 explorata
1325 3492 1475 3573 parallaxi
1499 3493 1605 3554 Lunae

246 3585 273 3646 iu
289 3583 498 3664 quadraturis,
522 3600 680 3662 quaecum
705 3580 767 3643 sere
791 3589 913 3643 maneat
936 3582 1072 3662 aequalis
1096 3580 1150 3655 illi,
1174 3601 1251 3662 quae
1275 3580 1371 3644 estio
1394 3582 1606 3660 conjunctione

249 3683 279 3733 et
302 3672 510 3751 oppositione,
534 3671 724 3733 demonstrat
746 3670 863 3732 Lunam
887 3669 1036 3751 utrimque
1060 3672 1123 3732 lere
1146 3669 1315 3750 aequaliter
1339 3669 1457 3731 abesae.
1494 3670 1608 3731 Posset

248 3762 376 3823 isidem
410 3768 440 3821 et
474 3760 534 3821 alio
559 3767 735 3838 argumento
769 3759 956 3821 convincere.
1002 3760 1081 3821 Nam
1106 3758 1130 3821 si
1156 3758 1297 3838 aequatio
1328 3759 1460 3819 maxima
1481 3764 1606 3837 propter

245 3849 562 3931 appropinquationem
582 3849 687 3910 Lunae
716 3858 843 3927 augetur
875 3848 914 3909 ad
945 3848 1042 3911 visum
1065 3870 1084 3910 a
1106 3841 1215 3910 4050
1239 3848 1277 3908 ad
1297 3844 1337 3907 70
1358 3843 1428 3919 40,
1462 3866 1515 3909 cor
1546 3864 1604 3908 non

244 3950 275 4001 et
296 3939 428 4002 latitudo
451 3938 600 4012 maxima,
635 3956 712 4017 quae
740 3945 788 3998 est
811 3936 915 3998 itidem
938 3932 978 3999 40
1000 3935 1072 4010 50,
1105 3934 1215 3998 crescit
1240 3936 1278 3997 ad
1303 3933 1343 3997 70
1364 3933 1439 3999 400
1484 3934 1529 4000 At
1552 3934 1606 3996 ille

245 4028 385 4091 subsistit
406 4027 437 4089 in
461 4021 501 4089 5⁰
528 4024 587 4089 10.
636 4026 722 4097 Quae
753 4033 836 4088 esset
868 4044 941 4104 ergo
972 4026 1060 4106 hujus
1087 4024 1315 4105 inaequalitatis
1338 4024 1452 4093 cansa?
1498 4024 1604 4103 Itaque

246 4115 432 4199 Cepernicns
456 4114 547 4176 aliam
561 4114 710 4177 rationem
733 4113 832 4188 inivit,
857 4133 917 4195 qua
940 4122 1111 4177 crescerent
1127 4113 1332 4193 aequationes,
1356 4113 1528 4175 introducto
1551 4130 1604 4177 se.-

244 4207 340 4269 cnndo
365 4202 513 4285 epicycl0‚
546 4204 596 4284 qui
620 4204 728 4265 tertius
751 4212 836 4268 esset
858 4203 937 4283 apud
962 4202 1151 4284 Tychonem,
1183 4202 1268 4280 cnjus
1297 4202 1532 4264 semimenstrua
1552 4219 1603 4261 re-

244 4294 395 4358 volutione
430 4291 559 4354 circulus
592 4291 775 4368 anomaliae,
810 4312 886 4373 quae
920 4291 1118 4371 aequationes
1150 4290 1256 4365 efficit,
1292 4289 1448 4352 verissime
1481 4296 1514 4351 et
1545 4306 1602 4351 noo

243 4394 362 4446 tantum
385 4382 424 4443 ad
455 4381 550 4444 visum
582 4381 742 4461 amplietur
763 4382 793 4444 in
818 4381 1026 4462 quadraturis,
1057 4384 1230 4443 coarctetur
1256 4379 1286 4442 in
1310 4376 1549 4459 oppositionibus
1573 4383 1604 4437 et

243 4470 513 4553 conjunctionibus.

335 4562 438 4644 Tpcho
462 4568 496 4621 et
518 4558 596 4621 hanc
619 4558 766 4621 rationem
790 4558 905 4638 arguit,
930 4566 962 4619 et
984 4557 1103 4639 quidem
1122 4555 1173 4619 vix
1179 4555 1245 4619 illa
1258 4562 1362 4635 potest
1375 4554 1436 4628 uti,
1462 4572 1527 4615 cum
1537 4553 1601 4633 jam

244 4662 337 4714 antea
365 4651 441 4711 duos
465 4648 578 4710 babeat
602 4646 763 4727 epicyclns.
809 4650 917 4727 Itaque
940 4655 1075 4712 centrum
1099 4646 1193 4708 totius
1221 4644 1303 4708 orbis
1327 4641 1491 4706 Lunaris'
1483 4662 1513 4703 ιιι
1540 4642 1601 4704 cir-

243 4741 322 4803 cello
345 4738 456 4810 volvit,
482 4736 531 4818 qui
555 4737 680 4797 Terram
703 4736 828 4799 transit.
854 4755 946 4816 quare
970 4737 998 4796 in
1023 4737 1117 4797 Terra
1140 4733 1171 4795 id
1194 4752 1262 4796 esse
1281 4732 1367 4805 dicit,
1391 4731 1511 4811 quando
1527 4750 1600 4792 con-

239 4829 379 4910 jungitur
401 4827 490 4888 Luna
519 4844 586 4893 cum
609 4823 692 4887 Sole
738 4825 783 4887 At
813 4824 1001 4904 digrediente
1025 4825 1112 4886 Luna
1141 4842 1161 4883 a
1182 4821 1255 4886 Sole
1280 4822 1328 4883 vel
1356 4819 1496 4900 opposito
1524 4819 1599 4945 ejus,

242 4926 381 4981 centrum
405 4933 521 4996 qnoque
544 4913 625 4977 orbis
649 4931 666 4974 e
690 4913 836 4977 Terram
862 4913 989 4976 sublime
1013 4913 1169 4975 excedere

333 5006 411 5071 Mihi
434 5023 552 5069 rursum
574 5001 662 5067 hoc
655 5021 685 5064 ιιι
707 5003 901 5085 philosophia
922 5001 1054 5068 naturali
1077 4998 1240 5064 absurdum
1269 4996 1408 5075 videtur,
1435 5012 1528 5080 qnare
1560 4994 1599 5058 ad
