3692 5842
736 454 767 504 ue
785 456 857 505 aaa
877 456 979 521 opeeu.
1113 436 1116 443 '
1492 452 1537 524 87

178 629 338 691 conterat:
372 647 522 708 uunquam
554 635 654 691 tamen
689 630 751 691 fieri
784 630 873 692 aliter
902 651 992 710 posse
1024 631 1104 706 scio,
1140 631 1208 712 quin
1233 632 1279 693 lris
1313 632 1388 710 ipsis
1418 642 1537 699 utamur

117 793 127 806 ⁸
178 716 315 790 vocibus,
337 718 478 795 planetas
501 725 595 792 stare,
619 720 819 780 retrocedere.
854 721 1018 799 Propterea
1038 721 1191 799 sapienter
1215 722 1327 783 factum
1345 723 1383 784 ab
1407 724 1537 786 ecclesia

176 806 318 869 Romana
337 813 420 885 puto,
445 806 608 887 quodcum
630 808 826 886 astrologiam
845 808 1036 885 judiciariam
1057 809 1245 888 (sortilegam
1272 810 1354 872 illam
1379 819 1411 872 et
1441 831 1535 893 qnae-

175 894 356 957 stionariam
387 894 541 972 intelligo,
576 913 652 975 quae
682 898 798 974 species
832 897 979 975 quaedam
1005 906 1051 958 est
1075 898 1173 960 cultus
1206 907 1374 974 astrorum,
1408 901 1477 963 dum
1502 921 1535 964 se

175 984 262 1046 Deos
284 983 380 1047 iratos
402 983 514 1044 habere
538 992 626 1062 putat
649 985 698 1063 qui
722 1004 784 1046 rem
813 994 919 1046 contra
951 987 1070 1065 regulas
1099 986 1320 1066 astrologorum
1350 989 1533 1068 auspicatur,

176 1079 231 1135 aut
254 1072 325 1134 dnm
349 1071 488 1150 neglecta
510 1071 568 1133 Dei
591 1072 699 1133 fiducia
723 1074 751 1134 iu
778 1074 877 1135 varios
901 1083 999 1136 metus
1023 1076 1122 1155 agitur
1155 1074 1382 1153 superstitiosus
1415 1078 1532 1158 aliquis,

175 1169 304 1224 naturae
329 1160 462 1222 tribuens
487 1161 564 1241 quod
589 1161 646 1223 Dei
670 1171 732 1236 est,
766 1171 819 1223 aut
842 1181 894 1241 pro
918 1171 1028 1224 natura
1058 1162 1224 1243 suspiciens
1248 1164 1327 1245 quod
1352 1184 1464 1228 merum
1488 1176 1537 1229 est

176 1249 352 1329 figmentum
375 1252 490 1323 snum),
526 1250 617 1323 hanc,
653 1250 789 1331 inquam,
824 1270 891 1312 cum
914 1252 1112 1326 damnaverit,
1138 1252 1219 1313 illam
1252 1261 1351 1314 tamen
1377 1251 1536 1333 Cepernici

175 1337 399 1417 philosophiam
423 1337 454 1398 in
478 1338 576 1399 medio
600 1357 778 1418 suspensam
803 1339 931 1419 reliquit.

265 1426 338 1487 Jam
352 1427 431 1506 qnod
446 1427 613 1505 opponitur,
639 1428 725 1488 unius
739 1428 874 1507 corporis
889 1436 1003 1489 motum
1021 1447 1087 1489 esse
1106 1448 1212 1489 uuum:
1235 1430 1313 1491 idem
1329 1439 1534 1509 argumentum

176 1514 329 1589 effecerit,
362 1534 399 1576 ns
432 1514 586 1577 brachium
619 1535 738 1579 movere
770 1517 883 1595 possim
914 1536 967 1596 pro
1001 1515 1135 1578 arbitrio.
1183 1517 1300 1579 Eadem
1333 1540 1361 1580 n.
1396 1519 1533 1600 utrinqne

174 1604 363 1684 respondeo:
387 1604 425 1666 ob
440 1604 468 1665 id
485 1604 590 1684 ipsum,
611 1605 688 1684 quod
710 1624 855 1667 carnosae
874 1615 906 1665 et
920 1624 1026 1666 osseae
1043 1606 1231 1667 substantiae
1253 1616 1351 1668 motus
1374 1618 1422 1669 est
1442 1609 1533 1671 deor-

173 1711 252 1767 sum,
275 1693 405 1754 addatur
428 1693 545 1763 anima,
568 1712 645 1773 quac
669 1703 790 1755 moveat
814 1694 894 1755 illam
918 1713 1036 1756 sursum
1061 1702 1092 1755 et
1114 1694 1142 1755 in
1168 1695 1244 1755 alias
1268 1697 1386 1775 plagas.
1424 1698 1533 1777 Itaque

174 1781 235 1843 nisi
257 1780 359 1842 anima
382 1782 505 1843 Terram
529 1781 641 1843 vehens
665 1784 733 1855 (seu
757 1803 793 1843 ea
817 1782 983 1844 materialis
1013 1781 1113 1860 potius
1138 1783 1178 1844 sit
1209 1785 1353 1859 facultas,
1379 1793 1412 1845 ut
1435 1786 1531 1847 virtus

175 1870 287 1932 terrum
322 1870 460 1932 trahendi
493 1871 523 1932 in
554 1875 710 1951 magnete)
743 1872 944 1933 constantiam
975 1872 1014 1932 ab
1047 1872 1160 1950 origiue
1195 1881 1279 1933 esset
1315 1873 1425 1934 sortita
1455 1874 1533 1935 citra

175 1958 368 2022 affectionum
393 1958 623 2033 vicissitudines,
649 1959 827 2039 latigaretur
851 1970 882 2019 ut
906 1960 1040 2037 corporis
1072 1960 1191 2033 anima3
1223 1969 1305 2022 certe
1329 1981 1383 2040 pro
1413 1962 1532 2024 modulo

174 2047 283 2111 virium
307 2047 373 2124 agit
395 2057 542 2109 remotam
565 2048 725 2126 sphaeram
750 2050 852 2123 tarde,
881 2049 1077 2127 propinquam
1111 2049 1271 2110 velociter:
1306 2050 1394 2128 plane
1420 2059 1452 2111 ut
1476 2069 1531 2112 ex-

176 2145 294 2199 tentum
324 2136 477 2199 brachium
510 2137 607 2217 magis
631 2145 680 2198 est
702 2138 798 2210 oneri,
833 2157 922 2216 quam
946 2138 984 2196 ad
1014 2155 1122 2216 corpus
1154 2138 1322 2213 reductum,
1358 2148 1389 2198 ut
1414 2138 1441 2198 iu
1466 2157 1532 2202 meo

174 2226 277 2287 Marte
311 2225 415 2305 probo.
463 2225 525 2287 Sed
559 2225 698 2287 consistit
726 2235 793 2287 tota
826 2226 944 2287 errandi
977 2225 1096 2286 occasio
1126 2226 1154 2286 in
1188 2246 1237 2300 oo,
1272 2226 1349 2306 quod
1378 2226 1533 2305 ignoratur

174 2314 387 2392 gravitatis
411 2314 554 2387 definitio,
580 2333 656 2394 quae
671 2316 715 2377 sic
739 2315 885 2375 astruitur
900 2315 939 2374 ab
954 2313 1141 2375 Aristotele:
1167 2314 1244 2393 ignis
1260 2333 1377 2377 sursum
1396 2323 1533 2378 movetur

175 2424 196 2463 a
218 2410 324 2464 centro
349 2404 459 2477 mnndi,
484 2404 554 2482 quia
577 2412 714 2465 movetur
738 2404 775 2463 ad
805 2402 990 2483 superficiem
1015 2402 1128 2464 mundi.
1175 2404 1270 2464 Terra
1297 2412 1346 2465 est
1373 2403 1433 2481 igni
1458 2419 1533 2466 con-

174 2490 281 2565 traria,
305 2510 377 2570 ergo
401 2492 539 2554 deorsum
569 2501 706 2554 movetur
730 2494 767 2553 ad
792 2502 926 2554 centrum
951 2490 1062 2551 muudi.
1109 2492 1195 2570 Nego
1224 2492 1322 2570 ignem
1356 2493 1469 2554 moveri
1492 2492 1532 2554 ad

174 2579 277 2642 mnndi
307 2580 512 2659 superficiem,
544 2592 577 2641 ut
601 2581 639 2642 ad
674 2582 778 2643 locum.
825 2582 963 2642 Flamma
991 2601 1020 2641 u.
1050 2599 1118 2640 cum
1151 2581 1294 2641 obruatur
1316 2600 1419 2642 crasso
1451 2586 1531 2655 abre,

172 2669 287 2731 Terrae
320 2669 398 2749 fugit
435 2670 678 2749 congressionem
711 2671 761 2730 uia
798 2669 995 2743 brevissima,
1036 2687 1112 2747 qnae
1154 2669 1202 2729 nbi
1242 2688 1274 2729 se
1304 2669 1334 2731 in
1376 2676 1532 2749 patentem

173 2776 314 2837 campum
339 2759 479 2832 assernit,
500 2760 565 2838 jam
588 2758 629 2819 ibi
653 2759 790 2839 quiescit.
837 2757 984 2835 Exemplo
1007 2756 1049 2817 sit
1077 2758 1182 2817 furnus.
1231 2758 1313 2836 Ignis
1338 2758 1429 2837 igitur
1452 2757 1532 2822 actio

173 2855 298 2908 nonest
320 2856 422 2925 petere
447 2847 631 2927 superficiem
655 2849 766 2922 muudi,
790 2847 844 2907 sed
869 2848 971 2925 lugere
991 2854 1125 2906 centrum
1141 2865 1197 2907 non
1221 2847 1320 2907 mnndi
1340 2848 1393 2908 sed
1409 2847 1530 2919 Terrae,

172 2954 229 2996 nec
254 2945 390 2996 centrum
414 2943 448 2998 ut
470 2946 627 3015 punctum,
656 2938 709 2998 sed
734 2945 766 2995 nt
791 2937 918 2997 medium
943 2934 1085 3013 corporis,
1111 2935 1189 3014 quod
1213 2953 1320 3013 corpus
1344 2935 1436 2996 habet
1458 2954 1532 2997 suae

175 3033 325 3093 naturae,
360 3044 436 3103 quae
468 3025 589 3087 dilatari
622 3026 722 3105 cupit,
756 3024 999 3086 intensissimum.
1051 3022 1157 3084 Dicam
1191 3025 1338 3103 amplius,
1372 3044 1430 3086 non
1455 3022 1533 3105 fugit

176 3113 301 3174 flamma
323 3114 378 3174 sed
411 3115 571 3193 expellitur·
596 3135 614 3173 a
637 3114 766 3193 graviori
800 3120 886 3186 abre,
919 3121 952 3173 ut
983 3111 1085 3173 vesica
1113 3112 1151 3172 ab
1183 3133 1268 3193 aqua.
1315 3114 1409 3174 Terra
1440 3113 1532 3193 igitur

174 3201 329 3263 contraria
354 3202 412 3280 igni
437 3222 493 3264 non
521 3211 605 3281 petet
628 3204 730 3281 vigore
755 3203 842 3282 hujus
864 3201 1053 3262 Aristotelici
1074 3202 1241 3279 argumenti
1263 3209 1396 3263 centrum
1417 3200 1529 3276 mundi,

173 3290 230 3351 sed
254 3299 389 3352 centrum
414 3292 538 3364 Terrae,
565 3292 620 3351 hoc
645 3301 693 3352 est
716 3311 811 3352 suum.
859 3291 935 3350 Esto
960 3308 1046 3360 vero,
1081 3299 1114 3350 ut
1147 3290 1268 3351 flamma
1297 3290 1406 3351 subeat
1435 3308 1529 3372 usque

174 3378 215 3440 ad
238 3379 354 3439 extima
376 3380 486 3449 mundi,
509 3400 577 3441 num
593 3380 659 3441 ideo
680 3380 756 3458 t'ugit
775 3401 794 3440 a
813 3389 915 3440 centro
941 3378 1065 3439 mundi?
1089 3378 1156 3440 Non
1176 3396 1313 3456 semper;
1338 3378 1400 3441 lieri
1423 3397 1529 3458 nempe

172 3475 289 3547 potest,
323 3477 356 3528 ut
379 3469 405 3529 si
429 3470 479 3530 via
502 3469 542 3529 sit
566 3471 647 3548 prius
671 3470 709 3528 ad
743 3477 877 3529 centrum
901 3480 933 3526 et
962 3486 1015 3546 per
1047 3473 1199 3540 centrum,
1235 3467 1335 3546 itaque
1359 3467 1432 3545 t'uga
1455 3467 1530 3529 haec

175 3556 323 3636 respiciat
347 3556 425 3619 alius
449 3559 491 3619 rei
516 3567 660 3630 centrum,
686 3578 729 3618 su.
754 3566 889 3619 centrum
912 3556 1023 3616 Terrae
1048 3555 1126 3615 sitae
1150 3564 1237 3616 extra
1260 3563 1395 3617 centrum
1418 3554 1530 3616 mundi.

174 3646 279 3726 Atque
304 3664 343 3705 an
368 3665 426 3707 nou
451 3666 565 3729 verum,
601 3666 669 3709 esse
693 3646 799 3726 gravia
823 3646 884 3716 illa,
918 3664 994 3724 quae
1019 3645 1056 3703 ad
1082 3642 1183 3704 mundi
1215 3652 1350 3705 centrum
1374 3644 1530 3705 feruntur?

176 3735 233 3796 illa
256 3752 363 3813 nempe
387 3744 459 3796 sunt
480 3736 595 3816 gravia,
620 3756 696 3817 quae
720 3736 757 3796 ad
782 3736 894 3796 Terrae
918 3742 1052 3794 centrum
1083 3733 1226 3794 teruntur.
1274 3729 1337 3793 Sed
1360 3731 1431 3812 qnid
1455 3740 1529 3806 tots,

174 3823 284 3903 inquis,
311 3823 429 3886 Terra?
454 3822 565 3886 Gravis
589 3845 627 3885 an
652 3825 727 3886 levis
742 3825 815 3885 illa?
838 3825 986 3885 Neutrum
1002 3822 1149 3883 absolute.
1187 3822 1266 3909 Nam
1281 3821 1386 3883 eadem
1405 3820 1531 3894 ratione,

173 3932 234 3992 qna
256 3913 428 3992 philosophi
448 3914 560 3984 dicunt,
585 3914 668 3975 illam
692 3914 720 3974 in
745 3913 841 3975 medio
865 3912 995 3991 pendere
1019 3910 1162 3990 quietam,
1188 3910 1254 3971 dico
1269 3928 1335 3989 ego,
1361 3917 1393 3971 et
1408 3911 1532 3973 Terram

174 4015 208 4063 et
230 4001 398 4083 quamlibet
425 4004 546 4064 stellam
578 4002 717 4064 mobilem
749 4002 915 4083 quieturam
944 4000 1000 4075 ibi,
1034 4018 1289 4080 quorsumcunque
1323 4001 1532 4063 transferatur.

173 4089 327 4152 Materiae
361 4109 466 4170 nempe
496 4092 647 4171 proprium
679 4100 727 4153 est
757 4092 850 4171 quies.
912 4088 988 4152 Cum
1019 4090 1075 4150 hac
1110 4089 1209 4169 quiete
1242 4097 1386 4168 perpetuo
1419 4095 1534 4168 pugnat

173 4180 271 4242 virtus
307 4178 376 4255 illa,
410 4199 486 4260 qnae
511 4183 634 4241 Terram
657 4190 768 4242 movet.
816 4181 916 4259 Atque
949 4178 1016 4239 inde
1053 4178 1188 4239 nascitur
1221 4177 1357 4238 modulus
1389 4173 1533 4256 temporis

172 4267 332 4347 periodici.
379 4269 458 4331 Nam
489 4270 515 4331 si
548 4270 653 4332 fortior
683 4270 778 4331 virtus
811 4269 934 4342 fuisset,
968 4269 1063 4328 minor
1093 4278 1174 4328 esset
1205 4265 1358 4346 periodica
1391 4261 1533 4344 temporis

174 4357 341 4419 restitutio.
393 4356 425 4419 Si
455 4378 561 4437 nempe
593 4358 631 4418 ad
660 4360 808 4420 Tellurem
840 4375 1013 4437 quocunque
1043 4354 1072 4416 in
1107 4356 1172 4417 loco
1206 4355 1408 4435 quiescentem
1431 4351 1533 4433 appli-

172 4460 297 4508 caretur
321 4446 424 4508 Tellus
453 4448 514 4509 alia
538 4457 570 4509 et
591 4448 697 4527 major,
723 4456 792 4508 tunc
817 4446 870 4508 illa
892 4465 967 4507 sane
991 4447 1074 4506 lieret
1103 4444 1205 4524 gravis
1235 4451 1375 4521 respectu
1401 4440 1532 4521 majoris,

173 4536 384 4598 attraheretur
406 4556 435 4598 n.
461 4537 500 4597 ab
523 4536 585 4609 illa,
611 4537 700 4615 plane
725 4537 766 4598 nti
792 4537 865 4597 haec
889 4535 992 4596 Tellus
1018 4534 1132 4613 lapides
1157 4532 1293 4593 attrahit.
1332 4532 1436 4610 Itaque
1460 4547 1532 4609 gra-

178 4626 263 4687 uitas
286 4642 346 4698 non
367 4632 417 4685 est
434 4626 525 4697 actio,
549 4626 602 4687 sed
630 4626 732 4705 passio
754 4625 863 4704 lapidis
888 4624 936 4704 qui
960 4624 1096 4695 trahitur,
1121 4620 1297 4702 principium
1321 4619 1442 4698 inquam
1456 4618 1533 4698 ejus.

264 4713 307 4775 Et
329 4732 395 4774 cnm
410 4714 513 4787 Terra,
539 4726 572 4776 ut
595 4734 728 4793 magnes,
753 4715 891 4776 attrahat
910 4714 1016 4792 gravia
1037 4732 1090 4791 per
1119 4711 1260 4772 effluxum
1285 4708 1533 4781 immateriatum,

172 4802 271 4865 Terra
294 4821 348 4883 per
370 4822 456 4865 suam
481 4805 610 4865 auiuraur
640 4804 791 4866 translata
818 4805 1000 4865 transfertur
1023 4800 1114 4861 etiam
1138 4799 1283 4860 effluxus:
1310 4799 1439 4859 olflnxus
1463 4814 1534 4859 vero

173 4892 339 4954 tractarius
370 4891 621 4955 inaestimabilem
656 4893 747 4954 habet
779 4893 1001 4973 proportionem
1025 4891 1063 4952 ad
1089 4887 1315 4967 dispositionem
1340 4887 1433 4961 illam,
1457 4904 1534 4967 quae

174 4981 278 5043 estin
304 4980 405 5060 lapide
430 4981 468 5041 ad
503 4982 654 5061 quietem,
687 4982 758 5061 quia
789 5000 896 5061 corpus
919 4980 1031 5043 Terrae
1064 4975 1327 5040 inaestimabiliter
1359 4985 1407 5040 est
1439 4975 1535 5056 majus
