3692 5842
245 484 311 552 432
843 490 872 539 m
890 487 1007 553 opum

245 665 298 729 Ego
317 671 345 713 ut
358 679 440 713 rerum
459 665 539 714 lateus
552 666 589 714 ita
607 666 734 728 perplexus
753 664 861 714 redditus
878 682 932 715 snm
945 667 991 715 boc
1004 673 1150 730 argumento
1162 675 1189 714 et
1202 665 1412 714 demonstratione
1425 665 1481 725 eju
1499 663 1597 718 invicta.

244 746 272 784 ut
290 736 340 784 lere
360 735 468 784 dubitem
488 736 518 784 de
538 744 591 784 tota
610 738 722 785 doctrina
741 737 927 801 triangulomm.
958 737 1011 786 Nisi
1030 747 1057 785 tu
1076 737 1201 800 exipsius
1220 735 1330 784 Uraniae
1347 734 1518 798 penetralibus
1535 733 1597 784 lim

244 810 319 870 ipsius
337 806 428 854 nodum
446 815 543 856 mature
562 807 621 855 mibi
641 808 786 858 dissolveris.
807 817 891 856 actum
910 809 942 857 de
960 823 999 856 me
1019 817 1045 858 et
1063 810 1124 857 meis
1142 807 1229 856 studiis
1247 805 1362 855 trauca
1379 807 1436 855 en't

332 876 410 925 Credo
429 884 454 926 te
473 878 559 927 librum
579 879 676 943 legisse,
697 880 760 927 alias
779 880 825 927 hoc
845 879 1017 943 exemplariter
1035 881 1213 942 proposuissem
1232 892 1262 926 ex
1280 877 1466 926 Cltristmsnno.
1497 873 1525 924 Si
1542 873 1597 924 mils'

242 950 309 997 hunc
328 949 466 1011 scmpulum
486 950 613 998 commode
632 952 776 1002 remoreris.
796 963 901 1014 magnus
924 951 983 998 mihi
1002 952 1049 999 eris
1067 950 1162 1013 Apollo.
1200 950 1253 1013 ligo
1272 947 1370 1011 quidem
1389 947 1597 996 obscurationibus

242 1022 307 1069 illins
321 1018 445 1068 Solaribus
460 1035 544 1082 parum
559 1022 647 1078 tribuo,
667 1033 694 1069 ut
708 1022 805 1069 lubricis
819 1032 844 1069 et
857 1022 945 1077 dubiis,
959 1022 1022 1085 qnod
1035 1023 1153 1070 beneficio
1166 1020 1305 1070 sciotherici
1318 1018 1490 1081 perficiantur.
1503 1019 1596 1067 interis

242 1101 326 1140 tamen
345 1091 391 1139 boc
410 1092 474 1138 illins
494 1101 638 1155 argumento
658 1107 762 1147 moveor,
782 1108 831 1140 non
852 1094 967 1140 assumtis
986 1093 1022 1140 rel
1042 1092 1202 1141 consideratis
1215 1091 1280 1139 illius
1300 1089 1512 1138 otsemuonitm
1530 1086 1595 1138 sets

243 1164 316 1211 ribus.
355 1160 541 1209 Relractionem
561 1163 657 1226 quidem
677 1164 803 1212 concedit.
824 1172 851 1210 at
869 1178 924 1211 eam
944 1164 1037 1211 nnllam
1056 1163 1220 1210 differentiam
1243 1160 1415 1210 altitudinibus
1433 1159 1596 1224 ingsrcrs.n'

243 1234 276 1282 ad
294 1242 405 1281 centrum
420 1231 482 1280 Solis
501 1243 625 1296 respectus
646 1234 697 1280 liat.
724 1234 816 1281 l'erum
836 1235 1019 1283 obserrationes
1038 1235 1195 1283 altitudinum
1209 1232 1272 1281 Solis
1290 1247 1335 1294 per
1353 1229 1464 1280 umillas
1481 1231 1508 1278 in
1527 1230 1595 1280 cutis

243 1319 259 1352 a
277 1304 411 1351 meridiano
430 1305 604 1351 remotionibus
631 1305 693 1352 baec
722 1305 793 1352 aliter
811 1304 877 1352 baud
898 1305 969 1353 dubio
989 1304 1129 1354 ostendunt.
1167 1305 1199 1352 Et
1218 1318 1266 1352 nou
1286 1303 1384 1358 dubito,
1405 1300 1439 1349 1).
1458 1300 1594 1363 Tycboneu

242 1391 266 1437 p.
286 1390 319 1422 m.
340 1374 403 1422 sales
423 1375 605 1422 observationes
633 1375 749 1437 plurimas
777 1378 951 1439 consignasse.
978 1377 1064 1438 quibus
1091 1377 1143 1438 ipse
1162 1375 1350 1423 Christmannus
1377 1373 1482 1421 retunsi
1509 1379 1593 1436 posset

243 1446 349 1494 Faceres
368 1446 450 1508 igitur,
468 1447 501 1492 mi
520 1445 637 1507 chlere‚
657 1446 810 1494 utilissimam
831 1458 855 1494 et
874 1447 1006 1510 gloriosam
1025 1460 1137 1509 operam.
1157 1447 1177 1492 si
1196 1460 1227 1494 ex
1245 1444 1416 1494 laudamentis
1435 1441 1592 1492 chrisum

243 1531 308 1565 nova
325 1515 452 1578 paradoxa
480 1516 617 1572 refutares3
638 1517 700 1564 alias
718 1518 759 1565 ille
778 1516 867 1566 multos
886 1518 922 1566 sel
948 1517 1033 1565 dubios
1058 1516 1144 1566 reddet
1167 1516 1205 1565 rel
1230 1517 1329 1564 omnino
1347 1513 1467 1563 indetis
1485 1513 1590 1562 deducat.

243 1586 333 1636 Scribit
353 1588 427 1635 etiam
447 1586 672 1648 prosthnpbaeresis
692 1591 817 1636 inventum
836 1604 885 1636 non
899 1589 945 1637 nisi
958 1590 983 1638 in
1002 1589 1152 1652 reetangulis
1170 1585 1302 1651 triangulis
1320 1585 1424 1638 ralero.
1442 1597 1590 1648 aequans·

244 1667 327 1706 autem
348 1659 373 1705 in
392 1656 579 1719 obliquangulis.
608 1657 657 1706 Sed
676 1667 745 1706 tuum
761 1659 879 1719 judicium
901 1659 1040 1707 aridissime
1059 1659 1089 1708 de
1102 1660 1139 1706 bis
1158 1659 1270 1706 omnibns
1284 1663 1397 1720 expecto.
1421 1654 1518 1714 Quanti
1535 1657 1590 1704 enin

243 1738 270 1776 tu
289 1728 355 1790 apud
374 1743 413 1774 me
433 1730 473 1780 sis.
495 1728 595 1776 l'ranici
614 1729 638 1777 hi
657 1730 764 1792 hospites
791 1730 918 1778 declarare
938 1738 1060 1793 potemnt.
1096 1729 1212 1792 (Spectat
1237 1729 1275 1776 bis
1294 1728 1423 1776 Fabricius
1441 1725 1482 1773 rr.
1501 1725 1588 1788 'leug-

242 1816 257 1847 n
268 1799 413 1863 agelium
434 1809 459 1847 et
476 1799 616 1848 iohannem
637 1800 777 1855 Emeum,
797 1815 855 1862 quos
874 1803 943 1850 initio
962 1801 1034 1863 hujus
1053 1800 1172 1864 epistolae
1190 1801 1274 1847 scribit
1291 1800 1316 1846 in
1330 1798 1436 1846 Pasiam
1448 1795 1589 1844 Oneutalsrs

241 1872 390 1933 pervenisse,
410 1871 557 1932 praedicans
572 1885 613 1917 eos
630 1872 784 1934 „singulares
800 1871 909 1919 l'raniae
922 1873 1078 1934 Tycbonicae
1093 1872 1211 1920 alumnos.
1225 1872 1265 1933 qui
1278 1871 1387 1919 adventu
1399 1883 1445 1916 suo
1463 1867 1588 1916 felicissima

244 1955 284 1989 me
304 1943 476 2002 intempestivo
496 1941 581 2004 llagni
601 1942 665 1989 illius
685 1942 807 2003 'rechonis
826 1958 849 2004 p.
869 1959 901 1991 m.
923 1945 990 1992 obitu
1012 1943 1155 2008 languidum
1174 1944 1211 1989 ita
1228 1942 1383 1993 reiecerunt.
1401 1947 1432 1988 ut
1447 1941 1474 1986 in
1493 1937 1586 1986 ecstasi

242 2011 368 2075 quandam
389 2012 521 2073 abreptus.
540 2027 589 2059 non
609 2013 648 2061 bic
667 2012 710 2061 sed
739 2015 817 2075 potins
836 2013 934 2077 Progne
961 2030 1000 2062 me
1028 2016 1151 2062 vobiscum
1177 2013 1315 2060 conversari
1337 2019 1461 2074 putaram.
1497 2007 1585 2058 nonus

247 2084 432 2133 licentissimam
445 2083 491 2130 Tui
504 2085 654 2131 mentionem
673 2085 793 2138 lecerunt.
813 2085 935 2132 sincemm
954 2087 1028 2133 animi
1042 2088 1077 2134 tui
1096 2083 1214 2133 affectum
1232 2096 1292 2147 erga
1309 2081 1420 2144 sepultos
1433 2079 1467 2128 1).
1478 2077 1585 2142 'lycboa'a

244 2167 339 2206 manes.
360 2154 517 2217 studiumque
536 2154 685 2202 indefessum
704 2157 728 2203 in
753 2155 875 2217 triumpho
895 2155 1003 2204 [saulae
1028 2156 1191 2218 promerendo
1220 2165 1246 2203 et
1271 2153 1416 2203 adornando
1443 2151 1520 2200 verbis
1543 2149 1585 2212 ph

243 2239 317 2288 quam
336 2224 490 2286 superlativis
510 2225 575 2286 apud
595 2241 633 2274 me
652 2224 898 2289 depraedicarunt.·¹)

331 2312 465 2374 chlerum
488 2328 538 2361 non
566 2317 650 2362 statim
677 2314 865 2378 respondentem
893 2321 977 2362 monet
996 2313 1121 2362 Fabricius
1140 2314 1171 2361 de
1196 2311 1243 2360 bac
1272 2311 1419 2374 quaestione
1437 2311 1463 2358 in
1481 2305 1582 2356 litcrisd

244 2381 285 2430 28.
307 2385 365 2446 Apr.
384 2400 405 2430 r.
426 2390 456 2430 st.
480 2380 556 2432 1602.
576 2385 648 2442 datis,
669 2400 742 2449 quam
762 2387 952 2434 admonitionem
976 2399 1051 2447 quum
1069 2384 1191 2447 Keplerus
1210 2385 1235 2430 in
1254 2381 1361 2444 epistola
1379 2379 1416 2441 (d.
1438 2381 1462 2429 d.
1482 2375 1521 2426 tt.
1537 2375 1583 2428 tuit

240 2457 293 2515 jam
312 2452 451 2517 deperdita)
471 2454 609 2519 neglexisse
628 2457 758 2512 rideretur,
778 2459 855 2504 instat
868 2456 994 2504 Fabricius
1013 2451 1049 2512 (d.
1073 2453 1140 2510 lfll.
1155 2457 1241 2517 Aug),
1261 2453 1360 2502 diceus:
1380 2451 1422 2501 De
1435 2451 1583 2500 camenus

242 2524 371 2588 paradoxis
390 2525 462 2575 relim
481 2533 506 2574 te
525 2527 660 2590 aliquando
684 2530 801 2576 curiosius
821 2529 939 2591 cogitare·
977 2524 1081 2575 l'idetur
1105 2525 1197 2574 habete
1221 2523 1386 2574 fundamenta
1411 2521 1531 2587 quaedam
1546 2531 1582 2568 nte

242 2597 424 2647 contemnenda
443 2600 494 2659 ejus
514 2598 577 2661 quod
598 2599 766 2647 demonstrare
785 2600 879 2647 nititur.

333 2685 455 2748 Keplerus
475 2688 500 2734 in
526 2688 722 2749 responsionibus
746 2689 796 2734 suis
816 2683 850 2744 (d.
873 2685 893 2731 l.
916 2684 971 2734 Oct.
992 2693 1018 2733 et
1037 2683 1062 2733 2.
1082 2681 1159 2744 Dec.)
1183 2685 1271 2732 iterum
1289 2682 1321 2730 de
1340 2681 1513 2731 Christmauno
1534 2677 1584 2732 det,

243 2771 317 2819 quam
338 2757 432 2805 obrem
453 2757 578 2806 fabricius
597 2758 662 2807 hano
681 2760 849 2820 quaestionem
863 2772 905 2819 pro
924 2769 1033 2818 tempore
1053 2756 1173 2816 abjecisse
1191 2755 1295 2806 ridetur.
1314 2768 1389 2816 quum
1402 2755 1428 2802 in
1440 2754 1516 2802 literis
1531 2749 1583 2798 illu

242 2826 280 2886 (d.
304 2828 326 2874 1.
347 2824 426 2890 Aug.)
446 2831 537 2875 secutis
561 2841 616 2877 octo
641 2829 732 2877 nnllam
753 2829 855 2890 amplius
875 2827 1043 2875 Christmanni
1067 2828 1218 2874 mentionem
1235 2825 1322 2873 iaciat.
1362 2822 1390 2872 ln
1410 2825 1487 2872 literis
1504 2821 1584 2872 dcun

243 2897 266 2945 d.
289 2895 376 2954 assat.
397 2897 481 2945 llartii
502 2895 578 2945 teos.
599 2900 662 2946 datis
682 2900 714 2947 ad
733 2900 838 2947 eundem
857 2899 919 2947 redit
939 2898 1079 2952 Fabricius,
1104 2897 1205 2946 dicens:
1232 2910 1288 2944 cum
1307 2895 1496 2944 Christmannns
1512 2890 1581 2940 lente

244 2976 329 3016 ments
349 2969 527 3032 triangulorum
548 2970 619 3032 obliq.
640 2969 769 3025 conrellat,
790 2972 862 3018 miror
881 2969 973 3017 nullum
992 2983 1024 3016 ex
1041 2970 1130 3016 uostris
1149 2969 1262 3020 existere.
1282 2966 1409 3029 quibujus
1428 2969 1463 3014 rei
1481 2967 1582 3014 rationem

244 3039 338 3087 babeat
357 3049 381 3086 et
402 3049 495 3086 certum
515 3039 623 3087 solvendi
652 3041 748 3087 medum
777 3041 859 3088 trudat
879 3041 915 3087 rel
934 3039 1001 3086 illum
1019 3040 1118 3087 relutet.
1156 3037 1265 3100 Cumque
1283 3045 1311 3084 tu
1328 3039 1480 3100 geometrico
1501 3039 1583 3099 ingente

244 3110 374 3170 plurimum
394 3110 492 3164 raleas.
513 3110 572 3158 utile
592 3123 657 3159 esset
676 3112 705 3160 de
726 3111 873 3174 corrigendis
892 3111 1022 3172 triangulis
1041 3110 1109 3158 bisce
1129 3111 1247 3171 cogitare.
1267 3132 1302 3141 -
1326 3108 1355 3156 ln
1376 3110 1520 3171 postscripto
1537 3107 1584 3152 batt

244 3180 371 3228 Fabricius
391 3181 477 3228 addit:
505 3184 596 3244 Accepi
624 3183 691 3231 bisce
720 3183 803 3229 diebus
832 3197 974 3244 responsum
993 3181 1028 3229 ll.
1050 3181 1106 3230 Jac.
1126 3180 1292 3228 Christuranni
1312 3180 1345 3228 ad
1368 3193 1439 3228 meas
1467 3177 1584 3234 bresma

241 3252 328 3313 quibus
350 3252 380 3299 de
400 3251 544 3314 quibusdam
566 3256 590 3301 in
609 3254 668 3301 libro
688 3254 718 3301 de
738 3252 796 3300 Obs.
819 3252 943 3301 Solaribus
967 3255 1095 3315 propositis
1114 3268 1168 3300 cum
1187 3253 1239 3312 ipso
1263 3264 1338 3313 agere
1358 3251 1423 3299 solui
1442 3259 1468 3298 et
1486 3245 1585 3297 nonnulla

242 3322 330 3383 objeci.
351 3323 438 3384 quibus
451 3326 581 3372 rcritatem
601 3325 778 3386 problematum
799 3323 943 3387 lansbergii
957 3334 982 3372 et
996 3323 1130 3372 falsitatem
1150 3323 1346 3370 obsecrationum
1365 3323 1469 3370 istarum
1482 3319 1584 3368 sermm

242 3394 409 3442 demonstrare
428 3395 501 3441 solui.
529 3394 701 3444 llclractiones
721 3411 815 3458 quoque
838 3411 893 3442 cunr
913 3410 942 3442 ex
961 3395 1170 3442 observationibus
1183 3393 1306 3453 Tycbonis
1326 3401 1352 3440 et
1371 3392 1484 3442 aliorum.
1502 3403 1550 3438 tum
1563 3399 1585 3432 n

241 3465 373 3527 eclipsibus
395 3465 465 3513 Plinii
486 3475 510 3512 et
530 3465 655 3514 llaestlini
676 3467 728 3524 (ubi
754 3479 882 3528 utmmqne
909 3466 1028 3513 luminare
1050 3481 1124 3527 super
1142 3465 1243 3512 Terram
1262 3473 1424 3525 conspectum
1443 3465 1488 3511 lust
1505 3463 1529 3510 ia
1545 3462 1586 3522 ipss

240 3535 425 3592 obscuratione]
447 3539 539 3584 assemi
577 3537 625 3585 Sed
638 3538 678 3584 ille
699 3540 783 3599 paneis
803 3536 944 3598 respondet,
962 3550 1026 3598 quae
1045 3537 1089 3583 tibi
1107 3535 1167 3582 lnon
1186 3546 1271 3582 tamen
1284 3535 1454 3595 'frobenianis
1472 3531 1585 3582 cuasam

240 3609 433 3654 concertationis
454 3622 530 3656 causa
550 3605 720 3664 innotescant)
740 3609 846 3656 scribere
865 3608 938 3654 rolui.
965 3607 1033 3655 inter
1052 3607 1102 3655 alia
1121 3609 1155 3654 sie
1175 3606 1277 3653 scribit:
1298 3605 1341 3656 ,Si
1360 3605 1422 3654 libet
1440 3609 1521 3653 lacere
1536 3601 1584 3664 μή·

240 3677 332 3731 culum,
353 3692 452 3727 assume
473 3681 637 3727 instrumenta
656 3694 719 3742 quae
739 3680 815 3727 babes
835 3679 1023 3727 accuratissima
1041 3689 1067 3726 ct
1086 3678 1185 3740 explora
1204 3689 1298 3724 motum
1316 3677 1475 3725 resolutionis
1494 3673 1585 3724 s'etaris:

242 3749 351 3808 proiecto
367 3751 502 3811 comperies
522 3750 755 3798 demonstrationem
770 3763 849 3798 meam
864 3765 911 3797 non
926 3761 1023 3797 tantum
1036 3750 1180 3796 firmissimis
1199 3750 1346 3808 rationibus,
1364 3748 1410 3796 sed
1424 3751 1498 3798 etism
1510 3743 1584 3806 capeti·

242 3820 333 3864 mentis
353 3833 547 3867 consentaneam
567 3836 628 3868 esse.
669 3822 738 3869 lieet
759 3832 841 3868 autem
862 3836 907 3883 ego
927 3835 985 3866 usus
1010 3821 1098 3868 luerim
1122 3821 1290 3867 instrumentis
1309 3835 1360 3867 non
1385 3819 1449 3868 adeo
1467 3815 1585 3882 magniittt

245 3899 268 3934 et
291 3894 429 3950 pomposis.
457 3903 569 3938 attamen
590 3893 620 3938 ad
641 3894 787 3954 prepositum
817 3907 897 3939 meum
926 3893 1023 3938 luerunt
1049 3891 1323 3940 accommodatissima:
1356 3905 1404 3939 nec
1435 3889 1519 3938 credas
1541 3883 1585 3934 naht

244 3958 331 4006 deesse
351 3973 490 4008 sextantem
511 3978 540 4008 er
559 3964 680 4011 orichalco
701 3975 882 4018 eenstructum,
903 3962 1010 4024 pendere
1030 3960 1064 4007 tt)
1082 3961 1212 4013 librarum.
1232 3965 1257 4008 iu
1275 3961 1359 4009 medio
1378 3970 1515 4012 exercitum.
1532 3959 1584 4016 ‘'i'’

242 4029 323 4076 latera
343 4040 366 4077 et
387 4033 473 4078 limbus
493 4033 585 4080 balanis
605 4035 792 4081 crassitudinem
812 4035 855 4081 lati
875 4034 959 4096 digiti.
987 4033 1163 4096 longitudinem
1183 4033 1286 4080 duanam
1305 4033 1437 4084 ulnamm.
1462 4040 1490 4078 ut
1506 4025 1585 4090 singnis

243 4104 339 4147 minuta
359 4105 448 4163 possim
469 4104 614 4150 discernere.
653 4105 683 4152 lit
703 4109 790 4156 mirer.
810 4119 833 4151 te
855 4120 908 4151 eum
930 4104 1046 4163 Trebone
1065 4119 1222 4166 persuasum,
1247 4105 1319 4166 quasi
1338 4104 1407 4152 linea
1425 4103 1584 4152 menatenses

243 4171 311 4233 prlus
331 4174 413 4221 mundi
433 4189 507 4235 opera
527 4175 652 4222 stellamm
680 4177 782 4224 lixarum
802 4176 914 4238 indagari
938 4175 1036 4223 debeat.
1076 4175 1231 4222 t'entrarium
1251 4176 1317 4222 enim
1338 4174 1406 4222 rides
1426 4189 1465 4222 me
1482 4173 1576 4220 locunt

242 4241 412 4291 Commeatum
433 4248 507 4292 etiam
528 4247 742 4294 retractionis
763 4261 809 4295 tta
829 4248 1024 4309 impugnari.
1044 4259 1091 4298 ut.
1112 4247 1138 4292 si
1158 4245 1264 4306 Tscbo
1285 4247 1519 4294 reririsceret.
1536 4251 1582 4288 att

239 4314 341 4361 lacile
361 4329 452 4362 esset
473 4318 670 4363 inventurus
690 4321 922 4379 patrocinium.
962 4317 1033 4375 Qum
1053 4317 1085 4365 ad
1104 4317 1209 4379 eclipses
1228 4316 1342 4364 lunares
1362 4319 1462 4370 attinet.
1480 4329 1531 4364 cum
1546 4323 1580 4358 nst

239 4384 331 4446 alleges
352 4389 472 4447 propriant
494 4389 671 4449 experientiam
692 4403 716 4436 et
736 4392 939 4438 observationem.
959 4389 1016 4436 illae
1036 4389 1125 4435 nullius
1145 4388 1211 4450 apud
1230 4403 1269 4434 me
1282 4401 1340 4436 suut
1362 4389 1482 4450 ponderis.
1512 4383 1580 4432 Rau:

240 4457 313 4514 igitur
333 4469 359 4503 ut
380 4458 522 4520 diligentius
542 4461 589 4505 rim
609 4474 718 4506 meamm
748 4461 984 4508 demonstrationum
1012 4463 1147 4506 essertines.
1186 4461 1293 4517 Quaeris
1313 4474 1346 4507 an
1371 4459 1580 4508 demonstrassem*

239 4540 263 4572 ιιι
284 4537 350 4573 motu
371 4529 433 4574 Solis
453 4529 556 4576 allatam
576 4533 664 4591 possim
686 4532 872 4579 accommodare
892 4530 923 4577 ad
951 4530 1049 4594 globum
1074 4530 1200 4578 stellarum
1226 4531 1352 4578 lixarum?
1383 4530 1448 4590 Quid
1466 4531 1504 4578 nt?
1530 4525 1580 4573 ΗΝ

240 4599 320 4643 enim
352 4598 436 4645 leand
467 4601 603 4647 =bseure
633 4603 837 4660 signiter-ari.
868 4601 925 4649 sed
954 4602 1112 4662 exemplis
1140 4601 1231 4649 nolui
1258 4617 1321 4650 rem
1351 4602 1531 4651 declarare.
1553 4609 1579 4638 fl*

240 4666 423 4726 Tpelrenem
449 4673 551 4730 ipsum
578 4673 728 4718 acerbius
756 4674 974 4722 offenderem.
994 4687 1024 4720 ac
1044 4673 1145 4733 proinde
1165 4673 1225 4719 libro
1244 4687 1299 4721 meo
1319 4675 1424 4736 apposui
1443 4673 1459 4720 il
1477 4669 1579 4718 stellano

242 4740 289 4782 ,ιιι
321 4752 400 4784 rectas
421 4752 444 4786 et
465 4741 650 4796 ‹ivelcestre-nes.
673 4755 697 4789 u:
719 4744 814 4804 quidem
835 4761 849 4790 a
869 4744 986 4802 Tpclrene
1006 4745 1201 4806 consignantur:
1227 4759 1305 4806 quas
1332 4755 1446 4792 tamen
1471 4745 1544 4790 inter
1557 4747 1579 4780 tt

240 4807 323 4854 baud
344 4815 525 4858 contenire
546 4813 642 4873 probe
667 4814 741 4859 seio.
783 4813 876 4861 llatae
897 4814 975 4862 baec
994 4827 1057 4868 est.
1077 4817 1150 4876 quia
1169 4815 1277 4876 Trcbo
1296 4819 1328 4863 in
1354 4807 1579 4878 obliqosegolu

166 4879 170 4894 ¹
241 4879 330 4926 laisa
351 4881 915 4946 elepmatatriangulerumsecutus
938 4897 996 4932 est.
1035 4885 1142 4943 Quare
1173 4887 1254 4934 licet
1282 4897 1481 4934 assumserit
1506 4889 1579 4926 reta·

243 4946 373 4997 duarum
402 4952 572 4999 stellarum
602 4955 793 5002 distantias.
823 4971 930 5002 reram
963 4957 1061 5003 etiam
1096 4956 1337 5005 deflerentiam
1371 4959 1578 5005 ascensuum

242 5028 407 5067 rectarum
433 5022 617 5070 observarit
646 5035 700 5072 aut
720 5026 985 5078 accommodarit.
1014 5035 1170 5089 respectu
1198 5037 1308 5078 tamen
1335 5021 1578 5078 tersisssretlt·
