<?xml version="1.0" encoding="UTF-8"?>
<!DOCTYPE html PUBLIC "-//W3C//DTD XHTML 1.0 Transitional//EN"
    "http://www.w3.org/TR/xhtml1/DTD/xhtml1-transitional.dtd">
<html xmlns="http://www.w3.org/1999/xhtml" xml:lang="en" lang="en">
 <head>
  <title>
</title>
<meta http-equiv="Content-Type" content="text/html;charset=utf-8" />
  <meta name='ocr-system' content='tesseract 3.04.00' />
  <meta name='ocr-capabilities' content='ocr_page ocr_carea ocr_par ocr_line ocrx_word'/>
</head>
<body>
  <div class='ocr_page' id='page_1' title='image "./joanniskepleria01frisgoog/joanniskepleria01frisgoog_0514.png"; bbox 0 0 3692 5842; ppageno 0'>
   <div class='ocr_carea' id='block_1_1' title="bbox 266 465 1022 534">
    <p class='ocr_par' dir='ltr' id='par_1_1' title="bbox 266 465 1022 534">
     <span class='ocr_line' id='line_1_1' title="bbox 266 465 1022 534; baseline 0 -19"><span class='ocrx_word' id='word_1_1' title='bbox 266 466 332 534; x_wconf 74' lang='lat'><strong>504</strong></span> <span class='ocrx_word' id='word_1_2' title='bbox 872 465 1022 516; x_wconf 66' lang='lat' dir='ltr'><strong>nmmos</strong></span> 
     </span>
    </p>
   </div>
   <div class='ocr_carea' id='block_1_2' title="bbox 198 640 1620 5080">
    <p class='ocr_par' dir='ltr' id='par_1_2' title="bbox 198 640 1620 808">
     <span class='ocr_line' id='line_1_2' title="bbox 272 640 1620 720; baseline 0 -12"><span class='ocrx_word' id='word_1_3' title='bbox 272 642 497 707; x_wconf 81' lang='lat' dir='ltr'><strong>rationabilium</strong></span> <span class='ocrx_word' id='word_1_4' title='bbox 521 640 737 702; x_wconf 82' lang='lat' dir='ltr'><strong>nobilissimae.</strong></span> <span class='ocrx_word' id='word_1_5' title='bbox 776 640 934 711; x_wconf 83' lang='lat' dir='ltr'>Quomodo</span> <span class='ocrx_word' id='word_1_6' title='bbox 962 641 1054 720; x_wconf 91' lang='lat' dir='ltr'><strong>igitur</strong></span> <span class='ocrx_word' id='word_1_7' title='bbox 1077 641 1178 703; x_wconf 85' lang='lat' dir='ltr'><strong>omnia</strong></span> <span class='ocrx_word' id='word_1_8' title='bbox 1200 650 1326 720; x_wconf 87' lang='lat' dir='ltr'><strong>propter</strong></span> <span class='ocrx_word' id='word_1_9' title='bbox 1348 640 1524 706; x_wconf 79' lang='lat' dir='ltr'><strong>homiuem?</strong></span> <span class='ocrx_word' id='word_1_10' title='bbox 1545 642 1620 716; x_wconf 80' lang='lat' dir='ltr'><strong>Quo-</strong></span> 
     </span>
     <span class='ocr_line' id='line_1_3' title="bbox 198 729 825 808; baseline -0.01 -12"><span class='ocrx_word' id='word_1_11' title='bbox 198 780 204 789; x_wconf 90' lang='lat'><strong>.</strong></span> <span class='ocrx_word' id='word_1_12' title='bbox 269 734 358 795; x_wconf 93' lang='lat' dir='ltr'><strong>modo</strong></span> <span class='ocrx_word' id='word_1_13' title='bbox 383 750 438 792; x_wconf 93' lang='lat' dir='ltr'><strong>nos</strong></span> <span class='ocrx_word' id='word_1_14' title='bbox 462 729 574 792; x_wconf 90' lang='lat' dir='ltr'><strong>domini</strong></span> <span class='ocrx_word' id='word_1_15' title='bbox 598 749 719 808; x_wconf 87' lang='lat' dir='ltr'><strong>operum</strong></span> <span class='ocrx_word' id='word_1_16' title='bbox 744 731 825 790; x_wconf 86' lang='lat' dir='ltr'><strong>Dei?</strong></span> 
     </span>
    </p>

    <p class='ocr_par' dir='ltr' id='par_1_3' title="bbox 264 817 1618 1075">
     <span class='ocr_line' id='line_1_4' title="bbox 357 817 1618 900; baseline 0.002 -19"><span class='ocrx_word' id='word_1_17' title='bbox 357 820 488 881; x_wconf 79' lang='lat' dir='ltr'><strong>Difficile</strong></span> <span class='ocrx_word' id='word_1_18' title='bbox 513 827 561 878; x_wconf 88' lang='lat' dir='ltr'><strong>est</strong></span> <span class='ocrx_word' id='word_1_19' title='bbox 584 820 691 880; x_wconf 92' lang='lat' dir='ltr'><strong>nodum</strong></span> <span class='ocrx_word' id='word_1_20' title='bbox 717 820 793 881; x_wconf 86' lang='lat' dir='ltr'><strong>hunc</strong></span> <span class='ocrx_word' id='word_1_21' title='bbox 817 817 980 897; x_wconf 78' lang='lat' dir='ltr'><strong>expedire,</strong></span> <span class='ocrx_word' id='word_1_22' title='bbox 1005 836 1041 878; x_wconf 89' lang='lat' dir='ltr'><strong>eo</strong></span> <span class='ocrx_word' id='word_1_23' title='bbox 1065 817 1144 896; x_wconf 94' lang='lat' dir='ltr'><strong>quod</strong></span> <span class='ocrx_word' id='word_1_24' title='bbox 1167 818 1299 878; x_wconf 93' lang='lat' dir='ltr'><strong>nondum</strong></span> <span class='ocrx_word' id='word_1_25' title='bbox 1323 819 1444 892; x_wconf 87' lang='lat' dir='ltr'><strong>omnia,</strong></span> <span class='ocrx_word' id='word_1_26' title='bbox 1473 839 1551 900; x_wconf 83' lang='lat' dir='ltr'><strong>quae</strong></span> <span class='ocrx_word' id='word_1_27' title='bbox 1572 821 1618 884; x_wconf 87' lang='lat' dir='ltr'><strong>buc</strong></span> 
     </span>
     <span class='ocr_line' id='line_1_5' title="bbox 264 905 1617 990; baseline 0.001 -19"><span class='ocrx_word' id='word_1_28' title='bbox 264 909 436 990; x_wconf 89' lang='lat' dir='ltr'><strong>pertinent,</strong></span> <span class='ocrx_word' id='word_1_29' title='bbox 472 908 630 986; x_wconf 82' lang='lat' dir='ltr'><strong>explorata</strong></span> <span class='ocrx_word' id='word_1_30' title='bbox 662 908 823 981; x_wconf 90' lang='lat' dir='ltr'><strong>habemus,</strong></span> <span class='ocrx_word' id='word_1_31' title='bbox 860 918 893 968; x_wconf 91' lang='grc' dir='ltr'><strong>ιιι</strong></span> <span class='ocrx_word' id='word_1_32' title='bbox 926 905 1109 968; x_wconf 85' lang='lat' dir='ltr'><strong>temeritatis</strong></span> <span class='ocrx_word' id='word_1_33' title='bbox 1142 916 1248 968; x_wconf 87' lang='lat' dir='ltr'><strong>notam</strong></span> <span class='ocrx_word' id='word_1_34' title='bbox 1282 907 1333 968; x_wconf 82' lang='lat' dir='ltr'><strong>six</strong></span> <span class='ocrx_word' id='word_1_35' title='bbox 1360 908 1514 988; x_wconf 84' lang='lat' dir='ltr'><strong>eflugituri</strong></span> <span class='ocrx_word' id='word_1_36' title='bbox 1536 910 1617 972; x_wconf 81' lang='lat' dir='ltr'><strong>simut</strong></span> 
     </span>
     <span class='ocr_line' id='line_1_6' title="bbox 264 996 1019 1075; baseline -0.009 -14"><span class='ocrx_word' id='word_1_37' title='bbox 264 998 360 1061; x_wconf 85' lang='lat' dir='ltr'><strong>multa</strong></span> <span class='ocrx_word' id='word_1_38' title='bbox 382 997 419 1057; x_wconf 93' lang='lat' dir='ltr'><strong>de</strong></span> <span class='ocrx_word' id='word_1_39' title='bbox 444 998 502 1058; x_wconf 86' lang='lat' dir='ltr'><strong>hac</strong></span> <span class='ocrx_word' id='word_1_40' title='bbox 529 996 705 1075; x_wconf 80' lang='lat' dir='ltr'><strong>quaestione</strong></span> <span class='ocrx_word' id='word_1_41' title='bbox 730 997 914 1057; x_wconf 90' lang='lat' dir='ltr'><strong>disserendo.</strong></span> <span class='ocrx_word' id='word_1_42' title='bbox 1013 1047 1019 1054; x_wconf 94' lang='lat'><strong>.</strong></span> 
     </span>
    </p>

    <p class='ocr_par' dir='ltr' id='par_1_4' title="bbox 261 1082 1616 1609">
     <span class='ocr_line' id='line_1_7' title="bbox 350 1082 1614 1165; baseline 0 -17"><span class='ocrx_word' id='word_1_43' title='bbox 350 1086 421 1148; x_wconf 77' lang='lat' dir='ltr'><strong>Non</strong></span> <span class='ocrx_word' id='word_1_44' title='bbox 445 1086 577 1147; x_wconf 83' lang='lat' dir='ltr'><strong>reticebo</strong></span> <span class='ocrx_word' id='word_1_45' title='bbox 602 1093 713 1157; x_wconf 87' lang='lat' dir='ltr'><strong>tamen,</strong></span> <span class='ocrx_word' id='word_1_46' title='bbox 739 1105 814 1165; x_wconf 86' lang='lat' dir='ltr'><strong>quae</strong></span> <span class='ocrx_word' id='word_1_47' title='bbox 839 1084 911 1146; x_wconf 89' lang='lat' dir='ltr'><strong>mihi</strong></span> <span class='ocrx_word' id='word_1_48' title='bbox 936 1082 1145 1163; x_wconf 86' lang='lat' dir='ltr'><strong>philosophica</strong></span> <span class='ocrx_word' id='word_1_49' title='bbox 1167 1082 1327 1144; x_wconf 86' lang='lat' dir='ltr'><strong>videantur</strong></span> <span class='ocrx_word' id='word_1_50' title='bbox 1364 1095 1546 1164; x_wconf 77' lang='lat' dir='ltr'><strong>argumenta</strong></span> <span class='ocrx_word' id='word_1_51' title='bbox 1566 1087 1614 1148; x_wconf 78' lang='lat' dir='ltr'><strong>ad·</strong></span> 
     </span>
     <span class='ocr_line' id='line_1_8' title="bbox 266 1171 1616 1254; baseline 0 -17"><span class='ocrx_word' id='word_1_52' title='bbox 266 1175 334 1237; x_wconf 93' lang='lat' dir='ltr'><strong>duci</strong></span> <span class='ocrx_word' id='word_1_53' title='bbox 357 1193 464 1253; x_wconf 90' lang='lat' dir='ltr'><strong>posse,</strong></span> <span class='ocrx_word' id='word_1_54' title='bbox 495 1174 601 1253; x_wconf 93' lang='lat' dir='ltr'><strong>quibus</strong></span> <span class='ocrx_word' id='word_1_55' title='bbox 616 1174 788 1235; x_wconf 83' lang='lat' dir='ltr'><strong>obtineatur</strong></span> <span class='ocrx_word' id='word_1_56' title='bbox 812 1194 869 1236; x_wconf 89' lang='lat' dir='ltr'><strong>non</strong></span> <span class='ocrx_word' id='word_1_57' title='bbox 894 1184 1012 1235; x_wconf 86' lang='lat' dir='ltr'><strong>tautum</strong></span> <span class='ocrx_word' id='word_1_58' title='bbox 1038 1171 1066 1232; x_wconf 91' lang='lat' dir='ltr'><strong>io</strong></span> <span class='ocrx_word' id='word_1_59' title='bbox 1091 1190 1200 1249; x_wconf 88' lang='lat' dir='ltr'><strong>genere</strong></span> <span class='ocrx_word' id='word_1_60' title='bbox 1226 1181 1384 1251; x_wconf 87' lang='lat' dir='ltr'><strong>utsupra,</strong></span> <span class='ocrx_word' id='word_1_61' title='bbox 1411 1173 1469 1234; x_wconf 89' lang='lat' dir='ltr'><strong>boc</strong></span> <span class='ocrx_word' id='word_1_62' title='bbox 1492 1189 1616 1254; x_wconf 77' lang='lat' dir='ltr'><strong>systema</strong></span> 
     </span>
     <span class='ocr_line' id='line_1_9' title="bbox 261 1260 1614 1344; baseline -0.001 -19"><span class='ocrx_word' id='word_1_63' title='bbox 261 1265 470 1344; x_wconf 87' lang='lat' dir='ltr'><strong>planetarum,</strong></span> <span class='ocrx_word' id='word_1_64' title='bbox 497 1263 525 1323; x_wconf 89' lang='lat' dir='ltr'><strong>iu</strong></span> <span class='ocrx_word' id='word_1_65' title='bbox 551 1282 673 1342; x_wconf 91' lang='lat' dir='ltr'><strong>quornm</strong></span> <span class='ocrx_word' id='word_1_66' title='bbox 697 1283 754 1323; x_wconf 94' lang='lat' dir='ltr'><strong>uno</strong></span> <span class='ocrx_word' id='word_1_67' title='bbox 778 1283 832 1324; x_wconf 92' lang='lat' dir='ltr'><strong>nos</strong></span> <span class='ocrx_word' id='word_1_68' title='bbox 857 1263 993 1323; x_wconf 88' lang='lat' dir='ltr'><strong>homines</strong></span> <span class='ocrx_word' id='word_1_69' title='bbox 1017 1279 1171 1321; x_wconf 78' lang='lat' dir='ltr'><strong>versamur</strong></span> <span class='ocrx_word' id='word_1_70' title='bbox 1196 1260 1225 1320; x_wconf 96' lang='lat' dir='ltr'><strong>iu</strong></span> <span class='ocrx_word' id='word_1_71' title='bbox 1239 1262 1403 1342; x_wconf 84' lang='lat' dir='ltr'><strong>praecipuo</strong></span> <span class='ocrx_word' id='word_1_72' title='bbox 1427 1265 1531 1324; x_wconf 90' lang='lat' dir='ltr'><strong>mundi</strong></span> <span class='ocrx_word' id='word_1_73' title='bbox 1551 1265 1614 1338; x_wconf 87' lang='lat' dir='ltr'><strong>sior,</strong></span> 
     </span>
     <span class='ocr_line' id='line_1_10' title="bbox 266 1349 1613 1430; baseline 0 -15"><span class='ocrx_word' id='word_1_74' title='bbox 266 1353 350 1415; x_wconf 88' lang='lat' dir='ltr'><strong>circa</strong></span> <span class='ocrx_word' id='word_1_75' title='bbox 373 1370 424 1412; x_wconf 92' lang='lat' dir='ltr'><strong>cor</strong></span> <span class='ocrx_word' id='word_1_76' title='bbox 443 1352 553 1418; x_wconf 90' lang='lat' dir='ltr'><strong>mundi,</strong></span> <span class='ocrx_word' id='word_1_77' title='bbox 569 1351 671 1413; x_wconf 84' lang='lat' dir='ltr'><strong>Solem</strong></span> <span class='ocrx_word' id='word_1_78' title='bbox 695 1371 810 1430; x_wconf 82' lang='lat' dir='ltr'><strong>nempe,</strong></span> <span class='ocrx_word' id='word_1_79' title='bbox 834 1351 967 1426; x_wconf 79' lang='lat' dir='ltr'><strong>versari3</strong></span> <span class='ocrx_word' id='word_1_80' title='bbox 991 1349 1045 1410; x_wconf 89' lang='lat' dir='ltr'><strong>sed</strong></span> <span class='ocrx_word' id='word_1_81' title='bbox 1074 1350 1167 1410; x_wconf 91' lang='lat' dir='ltr'><strong>etiam</strong></span> <span class='ocrx_word' id='word_1_82' title='bbox 1186 1349 1215 1410; x_wconf 91' lang='lat' dir='ltr'><strong>iu</strong></span> <span class='ocrx_word' id='word_1_83' title='bbox 1234 1350 1335 1428; x_wconf 87' lang='lat' dir='ltr'><strong>specie</strong></span> <span class='ocrx_word' id='word_1_84' title='bbox 1360 1369 1416 1411; x_wconf 93' lang='lat' dir='ltr'><strong>nos</strong></span> <span class='ocrx_word' id='word_1_85' title='bbox 1441 1352 1613 1414; x_wconf 79' lang='lat' dir='ltr'><strong>bomiuesiu</strong></span> 
     </span>
     <span class='ocr_line' id='line_1_11' title="bbox 264 1437 1612 1519; baseline 0.001 -16"><span class='ocrx_word' id='word_1_86' title='bbox 264 1460 300 1503; x_wconf 92' lang='lat' dir='ltr'><strong>eo</strong></span> <span class='ocrx_word' id='word_1_87' title='bbox 324 1439 414 1519; x_wconf 91' lang='lat' dir='ltr'><strong>globo</strong></span> <span class='ocrx_word' id='word_1_88' title='bbox 438 1440 563 1512; x_wconf 88' lang='lat' dir='ltr'><strong>versari,</strong></span> <span class='ocrx_word' id='word_1_89' title='bbox 588 1441 636 1518; x_wconf 92' lang='lat' dir='ltr'><strong>qui</strong></span> <span class='ocrx_word' id='word_1_90' title='bbox 657 1452 812 1502; x_wconf 83' lang='lat' dir='ltr'><strong>creaturae</strong></span> <span class='ocrx_word' id='word_1_91' title='bbox 837 1438 1012 1502; x_wconf 81' lang='lat' dir='ltr'><strong>rationabili</strong></span> <span class='ocrx_word' id='word_1_92' title='bbox 1034 1437 1196 1517; x_wconf 88' lang='lat' dir='ltr'><strong>primariae</strong></span> <span class='ocrx_word' id='word_1_93' title='bbox 1215 1448 1248 1499; x_wconf 90' lang='lat' dir='ltr'><strong>et</strong></span> <span class='ocrx_word' id='word_1_94' title='bbox 1260 1439 1471 1502; x_wconf 84' lang='lat' dir='ltr'><strong>nobilissimae</strong></span> <span class='ocrx_word' id='word_1_95' title='bbox 1490 1445 1544 1513; x_wconf 84' lang='lat' dir='ltr'><strong>(ex</strong></span> <span class='ocrx_word' id='word_1_96' title='bbox 1556 1461 1612 1504; x_wconf 87' lang='lat' dir='ltr'><strong>cor·</strong></span> 
     </span>
     <span class='ocr_line' id='line_1_12' title="bbox 263 1529 651 1609; baseline 0 -18"><span class='ocrx_word' id='word_1_97' title='bbox 263 1530 379 1609; x_wconf 92' lang='lat' dir='ltr'><strong>poreis)</strong></span> <span class='ocrx_word' id='word_1_98' title='bbox 403 1530 492 1608; x_wconf 88' lang='lat' dir='ltr'><strong>plane</strong></span> <span class='ocrx_word' id='word_1_99' title='bbox 517 1529 651 1591; x_wconf 88' lang='lat' dir='ltr'><strong>debetur.</strong></span> 
     </span>
    </p>

    <p class='ocr_par' dir='ltr' id='par_1_5' title="bbox 245 1616 1610 4096">
     <span class='ocr_line' id='line_1_13' title="bbox 349 1616 1610 1696; baseline 0.002 -18"><span class='ocrx_word' id='word_1_100' title='bbox 349 1617 464 1679; x_wconf 88' lang='lat' dir='ltr'><strong>Prioris</strong></span> <span class='ocrx_word' id='word_1_101' title='bbox 488 1618 632 1678; x_wconf 83' lang='lat' dir='ltr'><strong>affirmati</strong></span> <span class='ocrx_word' id='word_1_102' title='bbox 656 1619 693 1678; x_wconf 93' lang='lat' dir='ltr'><strong>de</strong></span> <span class='ocrx_word' id='word_1_103' title='bbox 718 1617 822 1679; x_wconf 91' lang='lat' dir='ltr'><strong>intimo</strong></span> <span class='ocrx_word' id='word_1_104' title='bbox 847 1617 913 1677; x_wconf 91' lang='lat' dir='ltr'><strong>sinu</strong></span> <span class='ocrx_word' id='word_1_105' title='bbox 938 1616 1037 1677; x_wconf 93' lang='lat' dir='ltr'><strong>mundi</strong></span> <span class='ocrx_word' id='word_1_106' title='bbox 1061 1616 1129 1676; x_wconf 84' lang='lat' dir='ltr'><strong>vide</strong></span> <span class='ocrx_word' id='word_1_107' title='bbox 1154 1625 1333 1694; x_wconf 84' lang='lat' dir='ltr'><strong>argumenta</strong></span> <span class='ocrx_word' id='word_1_108' title='bbox 1361 1636 1457 1696; x_wconf 85' lang='lat' dir='ltr'><strong>supra</strong></span> <span class='ocrx_word' id='word_1_109' title='bbox 1479 1638 1499 1679; x_wconf 80' lang='lat' dir='ltr'><strong>a</strong></span> <span class='ocrx_word' id='word_1_110' title='bbox 1521 1619 1610 1680; x_wconf 88' lang='lat' dir='ltr'><strong>multi·</strong></span> 
     </span>
     <span class='ocr_line' id='line_1_14' title="bbox 263 1705 1610 1785; baseline 0 -17"><span class='ocrx_word' id='word_1_111' title='bbox 263 1707 364 1769; x_wconf 90' lang='lat' dir='ltr'><strong>tudine</strong></span> <span class='ocrx_word' id='word_1_112' title='bbox 395 1706 537 1778; x_wconf 85' lang='lat' dir='ltr'><strong>fixarum,</strong></span> <span class='ocrx_word' id='word_1_113' title='bbox 568 1726 644 1785; x_wconf 88' lang='lat' dir='ltr'><strong>quae</strong></span> <span class='ocrx_word' id='word_1_114' title='bbox 674 1725 726 1785; x_wconf 93' lang='lat' dir='ltr'><strong>pro</strong></span> <span class='ocrx_word' id='word_1_115' title='bbox 758 1727 840 1767; x_wconf 87' lang='lat' dir='ltr'><strong>rrruro</strong></span> <span class='ocrx_word' id='word_1_116' title='bbox 872 1707 949 1767; x_wconf 91' lang='lat' dir='ltr'><strong>hunc</strong></span> <span class='ocrx_word' id='word_1_117' title='bbox 978 1707 1075 1765; x_wconf 91' lang='lat' dir='ltr'><strong>sinmn</strong></span> <span class='ocrx_word' id='word_1_118' title='bbox 1105 1713 1188 1765; x_wconf 90' lang='lat' dir='ltr'><strong>certo</strong></span> <span class='ocrx_word' id='word_1_119' title='bbox 1214 1705 1347 1777; x_wconf 83' lang='lat' dir='ltr'><strong>vallant,</strong></span> <span class='ocrx_word' id='word_1_120' title='bbox 1383 1715 1418 1766; x_wconf 89' lang='lat' dir='ltr'><strong>et</strong></span> <span class='ocrx_word' id='word_1_121' title='bbox 1441 1726 1461 1766; x_wconf 88' lang='lat' dir='ltr'><strong>a</strong></span> <span class='ocrx_word' id='word_1_122' title='bbox 1483 1707 1610 1770; x_wconf 77' lang='lat' dir='ltr'><strong>claritate</strong></span> 
     </span>
     <span class='ocr_line' id='line_1_15' title="bbox 264 1792 1608 1874; baseline 0.002 -19"><span class='ocrx_word' id='word_1_123' title='bbox 264 1796 362 1857; x_wconf 87' lang='lat' dir='ltr'><strong>nostri</strong></span> <span class='ocrx_word' id='word_1_124' title='bbox 385 1793 467 1857; x_wconf 86' lang='lat' dir='ltr'><strong>Solis</strong></span> <span class='ocrx_word' id='word_1_125' title='bbox 490 1813 562 1874; x_wconf 87' lang='lat' dir='ltr'><strong>prae</strong></span> <span class='ocrx_word' id='word_1_126' title='bbox 587 1796 663 1855; x_wconf 81' lang='lat' dir='ltr'><strong>liris.</strong></span> <span class='ocrx_word' id='word_1_127' title='bbox 711 1793 827 1865; x_wconf 85' lang='lat' dir='ltr'><strong>Quibus</strong></span> <span class='ocrx_word' id='word_1_128' title='bbox 853 1795 930 1855; x_wconf 88' lang='lat' dir='ltr'><strong>adde</strong></span> <span class='ocrx_word' id='word_1_129' title='bbox 954 1795 1010 1854; x_wconf 90' lang='lat' dir='ltr'><strong>hoc</strong></span> <span class='ocrx_word' id='word_1_130' title='bbox 1034 1793 1177 1867; x_wconf 91' lang='lat' dir='ltr'><strong>tertium,</strong></span> <span class='ocrx_word' id='word_1_131' title='bbox 1212 1792 1289 1873; x_wconf 92' lang='lat' dir='ltr'><strong>quod</strong></span> <span class='ocrx_word' id='word_1_132' title='bbox 1313 1793 1386 1855; x_wconf 88' lang='lat' dir='ltr'><strong>mihi</strong></span> <span class='ocrx_word' id='word_1_133' title='bbox 1411 1794 1497 1856; x_wconf 88' lang='lat' dir='ltr'><strong>hisce</strong></span> <span class='ocrx_word' id='word_1_134' title='bbox 1520 1797 1608 1858; x_wconf 77' lang='lat' dir='ltr'><strong>debu</strong></span> 
     </span>
     <span class='ocr_line' id='line_1_16' title="bbox 263 1880 1608 1963; baseline 0.001 -18"><span class='ocrx_word' id='word_1_135' title='bbox 263 1883 415 1963; x_wconf 79' lang='lat' dir='ltr'><strong>expressit</strong></span> <span class='ocrx_word' id='word_1_136' title='bbox 434 1884 634 1945; x_wconf 86' lang='lat' dir='ltr'><strong>Wacklrerius</strong></span> <span class='ocrx_word' id='word_1_137' title='bbox 658 1884 835 1963; x_wconf 89' lang='lat' dir='ltr'><strong>silentioque</strong></span> <span class='ocrx_word' id='word_1_138' title='bbox 860 1884 1030 1944; x_wconf 90' lang='lat' dir='ltr'><strong>consentire</strong></span> <span class='ocrx_word' id='word_1_139' title='bbox 1063 1882 1146 1942; x_wconf 84' lang='lat' dir='ltr'><strong>risus</strong></span> <span class='ocrx_word' id='word_1_140' title='bbox 1179 1895 1237 1943; x_wconf 88' lang='lat' dir='ltr'><strong>est.</strong></span> <span class='ocrx_word' id='word_1_141' title='bbox 1285 1880 1467 1944; x_wconf 87' lang='lat' dir='ltr'><strong>Geometria</strong></span> <span class='ocrx_word' id='word_1_142' title='bbox 1499 1903 1558 1946; x_wconf 78' lang='lat' dir='ltr'><strong>uua</strong></span> <span class='ocrx_word' id='word_1_143' title='bbox 1583 1897 1608 1946; x_wconf 86' lang='lat' dir='ltr'><strong>et</strong></span> 
     </span>
     <span class='ocr_line' id='line_1_17' title="bbox 260 1971 1607 2051; baseline 0.001 -17"><span class='ocrx_word' id='word_1_144' title='bbox 260 1981 387 2035; x_wconf 88' lang='lat' dir='ltr'><strong>aeterna</strong></span> <span class='ocrx_word' id='word_1_145' title='bbox 410 1981 476 2046; x_wconf 87' lang='lat' dir='ltr'><strong>est,</strong></span> <span class='ocrx_word' id='word_1_146' title='bbox 503 1973 531 2033; x_wconf 92' lang='lat' dir='ltr'><strong>in</strong></span> <span class='ocrx_word' id='word_1_147' title='bbox 556 1983 656 2034; x_wconf 93' lang='lat' dir='ltr'><strong>mente</strong></span> <span class='ocrx_word' id='word_1_148' title='bbox 681 1973 738 2033; x_wconf 91' lang='lat' dir='ltr'><strong>Dei</strong></span> <span class='ocrx_word' id='word_1_149' title='bbox 763 1974 935 2051; x_wconf 80' lang='lat' dir='ltr'><strong>refulgens,</strong></span> <span class='ocrx_word' id='word_1_150' title='bbox 967 1972 1050 2050; x_wconf 90' lang='lat' dir='ltr'><strong>cujus</strong></span> <span class='ocrx_word' id='word_1_151' title='bbox 1075 1971 1257 2033; x_wconf 84' lang='lat' dir='ltr'><strong>consortium</strong></span> <span class='ocrx_word' id='word_1_152' title='bbox 1282 1971 1456 2034; x_wconf 88' lang='lat' dir='ltr'><strong>hominibus</strong></span> <span class='ocrx_word' id='word_1_153' title='bbox 1479 1973 1607 2036; x_wconf 75' lang='lat' dir='ltr'><strong>tributu·</strong></span> 
     </span>
     <span class='ocr_line' id='line_1_18' title="bbox 259 2060 1608 2140; baseline 0 -16"><span class='ocrx_word' id='word_1_154' title='bbox 259 2061 337 2124; x_wconf 89' lang='lat' dir='ltr'><strong>iuter</strong></span> <span class='ocrx_word' id='word_1_155' title='bbox 360 2082 469 2123; x_wconf 89' lang='lat' dir='ltr'><strong>causas</strong></span> <span class='ocrx_word' id='word_1_156' title='bbox 494 2070 551 2133; x_wconf 89' lang='lat' dir='ltr'><strong>est,</strong></span> <span class='ocrx_word' id='word_1_157' title='bbox 576 2082 627 2123; x_wconf 91' lang='lat' dir='ltr'><strong>cur</strong></span> <span class='ocrx_word' id='word_1_158' title='bbox 652 2063 739 2123; x_wconf 87' lang='lat' dir='ltr'><strong>lromo</strong></span> <span class='ocrx_word' id='word_1_159' title='bbox 765 2063 806 2123; x_wconf 89' lang='lat' dir='ltr'><strong>sit</strong></span> <span class='ocrx_word' id='word_1_160' title='bbox 828 2064 928 2139; x_wconf 83' lang='lat' dir='ltr'><strong>inrogo</strong></span> <span class='ocrx_word' id='word_1_161' title='bbox 951 2061 1020 2121; x_wconf 91' lang='lat' dir='ltr'><strong>Dei.</strong></span> <span class='ocrx_word' id='word_1_162' title='bbox 1068 2060 1102 2120; x_wconf 90' lang='lat' dir='ltr'><strong>In</strong></span> <span class='ocrx_word' id='word_1_163' title='bbox 1131 2060 1298 2138; x_wconf 81' lang='lat' dir='ltr'><strong>geometria</strong></span> <span class='ocrx_word' id='word_1_164' title='bbox 1322 2079 1395 2122; x_wconf 81' lang='lat' dir='ltr'><strong>sero</strong></span> <span class='ocrx_word' id='word_1_165' title='bbox 1420 2062 1608 2140; x_wconf 78' lang='lat' dir='ltr'><strong>figuraturos</strong></span> 
     </span>
     <span class='ocr_line' id='line_1_19' title="bbox 257 2149 1606 2231; baseline 0.001 -19"><span class='ocrx_word' id='word_1_166' title='bbox 257 2151 347 2231; x_wconf 88' lang='lat' dir='ltr'><strong>globo</strong></span> <span class='ocrx_word' id='word_1_167' title='bbox 371 2150 625 2231; x_wconf 88' lang='lat' dir='ltr'><strong>perfectissimum</strong></span> <span class='ocrx_word' id='word_1_168' title='bbox 649 2159 698 2211; x_wconf 90' lang='lat' dir='ltr'><strong>est</strong></span> <span class='ocrx_word' id='word_1_169' title='bbox 721 2171 815 2229; x_wconf 87' lang='lat' dir='ltr'><strong>genus</strong></span> <span class='ocrx_word' id='word_1_170' title='bbox 839 2169 966 2229; x_wconf 89' lang='lat' dir='ltr'><strong>corpora</strong></span> <span class='ocrx_word' id='word_1_171' title='bbox 990 2150 1118 2228; x_wconf 89' lang='lat' dir='ltr'><strong>quinque</strong></span> <span class='ocrx_word' id='word_1_172' title='bbox 1142 2149 1298 2210; x_wconf 80' lang='lat' dir='ltr'><strong>Eucliden.</strong></span> <span class='ocrx_word' id='word_1_173' title='bbox 1345 2150 1398 2211; x_wconf 82' lang='lat' dir='ltr'><strong>Ad</strong></span> <span class='ocrx_word' id='word_1_174' title='bbox 1423 2149 1528 2212; x_wconf 86' lang='lat' dir='ltr'><strong>horum</strong></span> <span class='ocrx_word' id='word_1_175' title='bbox 1550 2169 1606 2214; x_wconf 85' lang='lat' dir='ltr'><strong>sero</strong></span> 
     </span>
     <span class='ocr_line' id='line_1_20' title="bbox 257 2239 1606 2321; baseline 0 -19"><span class='ocrx_word' id='word_1_176' title='bbox 257 2259 393 2302; x_wconf 85' lang='lat' dir='ltr'><strong>nonnam</strong></span> <span class='ocrx_word' id='word_1_177' title='bbox 417 2249 449 2300; x_wconf 92' lang='lat' dir='ltr'><strong>et</strong></span> <span class='ocrx_word' id='word_1_178' title='bbox 472 2239 668 2321; x_wconf 81' lang='lat' dir='ltr'><strong>archetypum</strong></span> <span class='ocrx_word' id='word_1_179' title='bbox 692 2240 871 2300; x_wconf 89' lang='lat' dir='ltr'><strong>distributus</strong></span> <span class='ocrx_word' id='word_1_180' title='bbox 895 2249 944 2301; x_wconf 90' lang='lat' dir='ltr'><strong>est</strong></span> <span class='ocrx_word' id='word_1_181' title='bbox 967 2239 1015 2299; x_wconf 84' lang='lat' dir='ltr'><strong>liic</strong></span> <span class='ocrx_word' id='word_1_182' title='bbox 1044 2250 1147 2299; x_wconf 90' lang='lat' dir='ltr'><strong>noster</strong></span> <span class='ocrx_word' id='word_1_183' title='bbox 1171 2239 1297 2299; x_wconf 91' lang='lat' dir='ltr'><strong>mundus</strong></span> <span class='ocrx_word' id='word_1_184' title='bbox 1326 2239 1527 2316; x_wconf 77' lang='lat' dir='ltr'><strong>planetarios.</strong></span> <span class='ocrx_word' id='word_1_185' title='bbox 1568 2239 1606 2302; x_wconf 70' lang='lat' dir='ltr'><strong>D·</strong></span> 
     </span>
     <span class='ocr_line' id='line_1_21' title="bbox 257 2327 1606 2408; baseline 0 -20"><span class='ocrx_word' id='word_1_186' title='bbox 257 2328 348 2408; x_wconf 89' lang='lat' dir='ltr'><strong>igitur</strong></span> <span class='ocrx_word' id='word_1_187' title='bbox 371 2327 502 2388; x_wconf 85' lang='lat' dir='ltr'><strong>infinitos</strong></span> <span class='ocrx_word' id='word_1_188' title='bbox 526 2347 594 2389; x_wconf 89' lang='lat' dir='ltr'><strong>esse</strong></span> <span class='ocrx_word' id='word_1_189' title='bbox 619 2329 744 2389; x_wconf 88' lang='lat' dir='ltr'><strong>mundos</strong></span> <span class='ocrx_word' id='word_1_190' title='bbox 779 2328 874 2400; x_wconf 88' lang='lat' dir='ltr'><strong>alios,</strong></span> <span class='ocrx_word' id='word_1_191' title='bbox 909 2329 929 2388; x_wconf 87' lang='lat' dir='ltr'><strong>ii</strong></span> <span class='ocrx_word' id='word_1_192' title='bbox 958 2339 1012 2388; x_wconf 91' lang='lat' dir='ltr'><strong>aut</strong></span> <span class='ocrx_word' id='word_1_193' title='bbox 1035 2327 1198 2388; x_wconf 87' lang='lat' dir='ltr'><strong>dissimiles</strong></span> <span class='ocrx_word' id='word_1_194' title='bbox 1222 2339 1309 2389; x_wconf 90' lang='lat' dir='ltr'><strong>erunt</strong></span> <span class='ocrx_word' id='word_1_195' title='bbox 1334 2327 1425 2406; x_wconf 85' lang='lat' dir='ltr'><strong>hujus</strong></span> <span class='ocrx_word' id='word_1_196' title='bbox 1448 2329 1606 2390; x_wconf 72' lang='lat' dir='ltr'><strong>nostriset</strong></span> 
     </span>
     <span class='ocr_line' id='line_1_22' title="bbox 257 2415 1605 2497; baseline 0.001 -20"><span class='ocrx_word' id='word_1_197' title='bbox 257 2417 381 2478; x_wconf 86' lang='lat' dir='ltr'><strong>similes.</strong></span> <span class='ocrx_word' id='word_1_198' title='bbox 424 2416 547 2478; x_wconf 84' lang='lat' dir='ltr'><strong>Similes</strong></span> <span class='ocrx_word' id='word_1_199' title='bbox 572 2436 628 2478; x_wconf 91' lang='lat' dir='ltr'><strong>nou</strong></span> <span class='ocrx_word' id='word_1_200' title='bbox 654 2417 775 2480; x_wconf 82' lang='lat' dir='ltr'><strong>dixeris.</strong></span> <span class='ocrx_word' id='word_1_201' title='bbox 811 2418 890 2479; x_wconf 75' lang='lat' dir='ltr'><strong>Nam</strong></span> <span class='ocrx_word' id='word_1_202' title='bbox 914 2416 961 2477; x_wconf 92' lang='lat' dir='ltr'><strong>cui</strong></span> <span class='ocrx_word' id='word_1_203' title='bbox 986 2417 1063 2477; x_wconf 91' lang='lat' dir='ltr'><strong>bono</strong></span> <span class='ocrx_word' id='word_1_204' title='bbox 1087 2416 1204 2489; x_wconf 86' lang='lat' dir='ltr'><strong>infiniti,</strong></span> <span class='ocrx_word' id='word_1_205' title='bbox 1230 2415 1257 2476; x_wconf 93' lang='lat' dir='ltr'><strong>si</strong></span> <span class='ocrx_word' id='word_1_206' title='bbox 1280 2436 1357 2477; x_wconf 84' lang='lat' dir='ltr'><strong>unus</strong></span> <span class='ocrx_word' id='word_1_207' title='bbox 1380 2419 1509 2497; x_wconf 87' lang='lat' dir='ltr'><strong>quisque</strong></span> <span class='ocrx_word' id='word_1_208' title='bbox 1532 2418 1559 2480; x_wconf 93' lang='lat' dir='ltr'><strong>iu</strong></span> <span class='ocrx_word' id='word_1_209' title='bbox 1578 2437 1605 2478; x_wconf 87' lang='lat' dir='ltr'><strong>re</strong></span> 
     </span>
     <span class='ocr_line' id='line_1_23' title="bbox 255 2505 1603 2588; baseline 0.002 -22"><span class='ocrx_word' id='word_1_210' title='bbox 255 2505 472 2588; x_wconf 86' lang='lat' dir='ltr'><strong>perlectionem</strong></span> <span class='ocrx_word' id='word_1_211' title='bbox 497 2525 612 2567; x_wconf 88' lang='lat' dir='ltr'><strong>ornnem</strong></span> <span class='ocrx_word' id='word_1_212' title='bbox 637 2506 749 2566; x_wconf 88' lang='lat' dir='ltr'><strong>habet?</strong></span> <span class='ocrx_word' id='word_1_213' title='bbox 791 2506 883 2567; x_wconf 82' lang='lat' dir='ltr'><strong>Aliud</strong></span> <span class='ocrx_word' id='word_1_214' title='bbox 909 2506 987 2566; x_wconf 91' lang='lat' dir='ltr'><strong>euim</strong></span> <span class='ocrx_word' id='word_1_215' title='bbox 1010 2514 1061 2565; x_wconf 87' lang='lat' dir='ltr'><strong>est</strong></span> <span class='ocrx_word' id='word_1_216' title='bbox 1084 2505 1121 2565; x_wconf 92' lang='lat' dir='ltr'><strong>de</strong></span> <span class='ocrx_word' id='word_1_217' title='bbox 1145 2505 1292 2565; x_wconf 89' lang='lat' dir='ltr'><strong>creaturis</strong></span> <span class='ocrx_word' id='word_1_218' title='bbox 1315 2506 1525 2583; x_wconf 80' lang='lat' dir='ltr'><strong>generationis</strong></span> <span class='ocrx_word' id='word_1_219' title='bbox 1545 2525 1603 2568; x_wconf 80' lang='lat' dir='ltr'><strong>suc-</strong></span> 
     </span>
     <span class='ocr_line' id='line_1_24' title="bbox 257 2593 1602 2673; baseline -0.001 -16"><span class='ocrx_word' id='word_1_220' title='bbox 257 2595 394 2657; x_wconf 86' lang='lat' dir='ltr'><strong>cessione</strong></span> <span class='ocrx_word' id='word_1_221' title='bbox 417 2595 608 2673; x_wconf 91' lang='lat' dir='ltr'><strong>perennibus.</strong></span> <span class='ocrx_word' id='word_1_222' title='bbox 655 2595 698 2655; x_wconf 89' lang='lat' dir='ltr'><strong>Et</strong></span> <span class='ocrx_word' id='word_1_223' title='bbox 720 2595 839 2656; x_wconf 90' lang='lat' dir='ltr'><strong>Brunus</strong></span> <span class='ocrx_word' id='word_1_224' title='bbox 864 2595 944 2673; x_wconf 89' lang='lat' dir='ltr'><strong>ipse,</strong></span> <span class='ocrx_word' id='word_1_225' title='bbox 969 2594 1111 2655; x_wconf 86' lang='lat' dir='ltr'><strong>defensor</strong></span> <span class='ocrx_word' id='word_1_226' title='bbox 1133 2593 1307 2666; x_wconf 84' lang='lat' dir='ltr'><strong>infinitatis,</strong></span> <span class='ocrx_word' id='word_1_227' title='bbox 1340 2605 1465 2668; x_wconf 83' lang='lat' dir='ltr'><strong>censet,</strong></span> <span class='ocrx_word' id='word_1_228' title='bbox 1497 2596 1602 2656; x_wconf 76' lang='lat' dir='ltr'><strong>differre</strong></span> 
     </span>
     <span class='ocr_line' id='line_1_25' title="bbox 258 2681 1602 2765; baseline 0.001 -20"><span class='ocrx_word' id='word_1_229' title='bbox 258 2693 397 2765; x_wconf 89' lang='lat' dir='ltr'><strong>oportere</strong></span> <span class='ocrx_word' id='word_1_230' title='bbox 421 2683 555 2763; x_wconf 90' lang='lat' dir='ltr'><strong>singulos</strong></span> <span class='ocrx_word' id='word_1_231' title='bbox 580 2704 598 2744; x_wconf 89' lang='lat' dir='ltr'><strong>a</strong></span> <span class='ocrx_word' id='word_1_232' title='bbox 622 2683 746 2763; x_wconf 86' lang='lat' dir='ltr'><strong>reliquis</strong></span> <span class='ocrx_word' id='word_1_233' title='bbox 771 2685 896 2745; x_wconf 90' lang='lat' dir='ltr'><strong>totidem</strong></span> <span class='ocrx_word' id='word_1_234' title='bbox 921 2692 1056 2744; x_wconf 90' lang='lat' dir='ltr'><strong>motuum</strong></span> <span class='ocrx_word' id='word_1_235' title='bbox 1080 2682 1251 2761; x_wconf 88' lang='lat' dir='ltr'><strong>generibus.</strong></span> <span class='ocrx_word' id='word_1_236' title='bbox 1300 2681 1334 2744; x_wconf 86' lang='lat' dir='ltr'><strong>Si</strong></span> <span class='ocrx_word' id='word_1_237' title='bbox 1365 2684 1517 2757; x_wconf 87' lang='lat' dir='ltr'><strong>motibus,</strong></span> <span class='ocrx_word' id='word_1_238' title='bbox 1543 2703 1602 2764; x_wconf 81' lang='lat' dir='ltr'><strong>ergo</strong></span> 
     </span>
     <span class='ocr_line' id='line_1_26' title="bbox 253 2769 1601 2854; baseline 0.001 -20"><span class='ocrx_word' id='word_1_239' title='bbox 253 2781 285 2835; x_wconf 86' lang='lat' dir='ltr'><strong>et</strong></span> <span class='ocrx_word' id='word_1_240' title='bbox 307 2772 486 2848; x_wconf 86' lang='lat' dir='ltr'><strong>intervallis,</strong></span> <span class='ocrx_word' id='word_1_241' title='bbox 512 2791 588 2851; x_wconf 86' lang='lat' dir='ltr'><strong>quae</strong></span> <span class='ocrx_word' id='word_1_242' title='bbox 612 2773 733 2850; x_wconf 88' lang='lat' dir='ltr'><strong>pariunt</strong></span> <span class='ocrx_word' id='word_1_243' title='bbox 756 2781 890 2833; x_wconf 90' lang='lat' dir='ltr'><strong>motuum</strong></span> <span class='ocrx_word' id='word_1_244' title='bbox 904 2772 1056 2850; x_wconf 88' lang='lat' dir='ltr'><strong>periodos.</strong></span> <span class='ocrx_word' id='word_1_245' title='bbox 1103 2769 1138 2832; x_wconf 91' lang='lat' dir='ltr'><strong>Si</strong></span> <span class='ocrx_word' id='word_1_246' title='bbox 1153 2771 1333 2845; x_wconf 80' lang='lat' dir='ltr'><strong>interuallis,</strong></span> <span class='ocrx_word' id='word_1_247' title='bbox 1358 2791 1434 2851; x_wconf 90' lang='lat' dir='ltr'><strong>ergo</strong></span> <span class='ocrx_word' id='word_1_248' title='bbox 1457 2783 1491 2834; x_wconf 87' lang='lat' dir='ltr'><strong>et</strong></span> <span class='ocrx_word' id='word_1_249' title='bbox 1503 2773 1601 2854; x_wconf 80' lang='lat' dir='ltr'><strong>figun-</strong></span> 
     </span>
     <span class='ocr_line' id='line_1_27' title="bbox 251 2860 1601 2942; baseline -0.001 -19"><span class='ocrx_word' id='word_1_250' title='bbox 251 2880 316 2923; x_wconf 93' lang='lat' dir='ltr'><strong>rum</strong></span> <span class='ocrx_word' id='word_1_251' title='bbox 339 2861 452 2934; x_wconf 87' lang='lat' dir='ltr'><strong>ordine,</strong></span> <span class='ocrx_word' id='word_1_252' title='bbox 477 2879 597 2940; x_wconf 91' lang='lat' dir='ltr'><strong>genere,</strong></span> <span class='ocrx_word' id='word_1_253' title='bbox 622 2861 818 2939; x_wconf 80' lang='lat' dir='ltr'><strong>perfectione,</strong></span> <span class='ocrx_word' id='word_1_254' title='bbox 843 2881 880 2921; x_wconf 86' lang='lat' dir='ltr'><strong>ex</strong></span> <span class='ocrx_word' id='word_1_255' title='bbox 904 2860 1012 2939; x_wconf 89' lang='lat' dir='ltr'><strong>quibus</strong></span> <span class='ocrx_word' id='word_1_256' title='bbox 1036 2861 1199 2923; x_wconf 80' lang='lat' dir='ltr'><strong>intervalla</strong></span> <span class='ocrx_word' id='word_1_257' title='bbox 1222 2861 1374 2922; x_wconf 88' lang='lat' dir='ltr'><strong>desumta.</strong></span> <span class='ocrx_word' id='word_1_258' title='bbox 1417 2860 1601 2942; x_wconf 79' lang='lat' dir='ltr'><strong>Adeoqueri</strong></span> 
     </span>
     <span class='ocr_line' id='line_1_28' title="bbox 251 2948 1601 3029; baseline 0 -17"><span class='ocrx_word' id='word_1_259' title='bbox 251 2951 378 3012; x_wconf 88' lang='lat' dir='ltr'><strong>mundos</strong></span> <span class='ocrx_word' id='word_1_260' title='bbox 403 2949 530 3011; x_wconf 88' lang='lat' dir='ltr'><strong>invicem</strong></span> <span class='ocrx_word' id='word_1_261' title='bbox 554 2949 668 3010; x_wconf 88' lang='lat' dir='ltr'><strong>similes</strong></span> <span class='ocrx_word' id='word_1_262' title='bbox 693 2958 845 3011; x_wconf 85' lang='lat' dir='ltr'><strong>statueres</strong></span> <span class='ocrx_word' id='word_1_263' title='bbox 869 2969 923 3029; x_wconf 91' lang='lat' dir='ltr'><strong>per</strong></span> <span class='ocrx_word' id='word_1_264' title='bbox 948 2948 1059 3018; x_wconf 88' lang='lat' dir='ltr'><strong>omnia,</strong></span> <span class='ocrx_word' id='word_1_265' title='bbox 1084 2959 1240 3010; x_wconf 87' lang='lat' dir='ltr'><strong>creaturas</strong></span> <span class='ocrx_word' id='word_1_266' title='bbox 1263 2950 1357 3010; x_wconf 90' lang='lat' dir='ltr'><strong>etiam</strong></span> <span class='ocrx_word' id='word_1_267' title='bbox 1376 2950 1601 3014; x_wconf 79' lang='lat' dir='ltr'><strong>secerissiruilcs</strong></span> 
     </span>
     <span class='ocr_line' id='line_1_29' title="bbox 251 3037 1598 3119; baseline 0 -19"><span class='ocrx_word' id='word_1_268' title='bbox 251 3049 283 3100; x_wconf 87' lang='lat' dir='ltr'><strong>et</strong></span> <span class='ocrx_word' id='word_1_269' title='bbox 308 3039 434 3100; x_wconf 88' lang='lat' dir='ltr'><strong>totidem</strong></span> <span class='ocrx_word' id='word_1_270' title='bbox 456 3037 622 3109; x_wconf 87' lang='lat' dir='ltr'><strong>Galilaeos,</strong></span> <span class='ocrx_word' id='word_1_271' title='bbox 647 3058 726 3099; x_wconf 81' lang='lat' dir='ltr'><strong>nora</strong></span> <span class='ocrx_word' id='word_1_272' title='bbox 750 3040 851 3099; x_wconf 90' lang='lat' dir='ltr'><strong>sidera</strong></span> <span class='ocrx_word' id='word_1_273' title='bbox 875 3040 903 3099; x_wconf 87' lang='lat' dir='ltr'><strong>in</strong></span> <span class='ocrx_word' id='word_1_274' title='bbox 929 3038 1015 3098; x_wconf 82' lang='lat' dir='ltr'><strong>noris</strong></span> <span class='ocrx_word' id='word_1_275' title='bbox 1038 3037 1156 3099; x_wconf 90' lang='lat' dir='ltr'><strong>mundis</strong></span> <span class='ocrx_word' id='word_1_276' title='bbox 1181 3037 1397 3114; x_wconf 80' lang='lat' dir='ltr'><strong>observantes,</strong></span> <span class='ocrx_word' id='word_1_277' title='bbox 1431 3053 1506 3119; x_wconf 91' lang='lat' dir='ltr'><strong>quot</strong></span> <span class='ocrx_word' id='word_1_278' title='bbox 1526 3059 1598 3102; x_wconf 88' lang='lat' dir='ltr'><strong>muo-</strong></span> 
     </span>
     <span class='ocr_line' id='line_1_30' title="bbox 251 3126 1597 3208; baseline 0.001 -21"><span class='ocrx_word' id='word_1_279' title='bbox 251 3127 317 3187; x_wconf 89' lang='lat' dir='ltr'><strong>dos.</strong></span> <span class='ocrx_word' id='word_1_280' title='bbox 366 3128 400 3187; x_wconf 94' lang='lat' dir='ltr'><strong>ld</strong></span> <span class='ocrx_word' id='word_1_281' title='bbox 425 3138 526 3188; x_wconf 88' lang='lat' dir='ltr'><strong>autem</strong></span> <span class='ocrx_word' id='word_1_282' title='bbox 550 3126 596 3186; x_wconf 88' lang='lat' dir='ltr'><strong>cui</strong></span> <span class='ocrx_word' id='word_1_283' title='bbox 621 3127 721 3188; x_wconf 82' lang='lat' dir='ltr'><strong>borio?</strong></span> <span class='ocrx_word' id='word_1_284' title='bbox 764 3127 844 3197; x_wconf 85' lang='lat' dir='ltr'><strong>Quin</strong></span> <span class='ocrx_word' id='word_1_285' title='bbox 868 3127 968 3206; x_wconf 90' lang='lat' dir='ltr'><strong>potius</strong></span> <span class='ocrx_word' id='word_1_286' title='bbox 994 3147 1135 3188; x_wconf 84' lang='lat' dir='ltr'><strong>caremus</strong></span> <span class='ocrx_word' id='word_1_287' title='bbox 1162 3146 1219 3188; x_wconf 95' lang='lat' dir='ltr'><strong>uno</strong></span> <span class='ocrx_word' id='word_1_288' title='bbox 1244 3127 1345 3200; x_wconf 80' lang='lat' dir='ltr'><strong>verbo,</strong></span> <span class='ocrx_word' id='word_1_289' title='bbox 1371 3147 1408 3189; x_wconf 92' lang='lat' dir='ltr'><strong>ne</strong></span> <span class='ocrx_word' id='word_1_290' title='bbox 1433 3147 1597 3208; x_wconf 82' lang='lat' dir='ltr'><strong>progressus</strong></span> 
     </span>
     <span class='ocr_line' id='line_1_31' title="bbox 250 3215 1596 3296; baseline 0.001 -20"><span class='ocrx_word' id='word_1_291' title='bbox 250 3215 305 3276; x_wconf 88' lang='lat' dir='ltr'><strong>fiat</strong></span> <span class='ocrx_word' id='word_1_292' title='bbox 327 3215 356 3276; x_wconf 92' lang='lat' dir='ltr'><strong>in</strong></span> <span class='ocrx_word' id='word_1_293' title='bbox 380 3216 545 3289; x_wconf 87' lang='lat' dir='ltr'><strong>inlinitum,</strong></span> <span class='ocrx_word' id='word_1_294' title='bbox 571 3217 647 3293; x_wconf 89' lang='lat' dir='ltr'><strong>quod</strong></span> <span class='ocrx_word' id='word_1_295' title='bbox 668 3216 815 3295; x_wconf 85' lang='lat' dir='ltr'><strong>recipiunt</strong></span> <span class='ocrx_word' id='word_1_296' title='bbox 829 3216 1015 3295; x_wconf 85' lang='lat' dir='ltr'><strong>philosophi:</strong></span> <span class='ocrx_word' id='word_1_297' title='bbox 1043 3236 1108 3276; x_wconf 86' lang='lat' dir='ltr'><strong>curu</strong></span> <span class='ocrx_word' id='word_1_298' title='bbox 1128 3218 1315 3279; x_wconf 84' lang='lat' dir='ltr'><strong>assentiatur</strong></span> <span class='ocrx_word' id='word_1_299' title='bbox 1337 3235 1520 3296; x_wconf 88' lang='lat' dir='ltr'><strong>progressus</strong></span> <span class='ocrx_word' id='word_1_300' title='bbox 1541 3237 1596 3278; x_wconf 84' lang='lat' dir='ltr'><strong>rer·</strong></span> 
     </span>
     <span class='ocr_line' id='line_1_32' title="bbox 251 3304 1596 3386; baseline 0.003 -22"><span class='ocrx_word' id='word_1_301' title='bbox 251 3324 304 3365; x_wconf 89' lang='lat' dir='ltr'><strong>sus</strong></span> <span class='ocrx_word' id='word_1_302' title='bbox 329 3304 443 3364; x_wconf 90' lang='lat' dir='ltr'><strong>minora</strong></span> <span class='ocrx_word' id='word_1_303' title='bbox 467 3306 577 3379; x_wconf 86' lang='lat' dir='ltr'><strong>finitus,</strong></span> <span class='ocrx_word' id='word_1_304' title='bbox 601 3325 653 3364; x_wconf 92' lang='lat' dir='ltr'><strong>cur</strong></span> <span class='ocrx_word' id='word_1_305' title='bbox 677 3325 734 3365; x_wconf 93' lang='lat' dir='ltr'><strong>uon</strong></span> <span class='ocrx_word' id='word_1_306' title='bbox 761 3319 791 3366; x_wconf 79' lang='lat' dir='ltr'><strong>et</strong></span> <span class='ocrx_word' id='word_1_307' title='bbox 816 3325 919 3366; x_wconf 75' lang='lat' dir='ltr'><strong>sersus</strong></span> <span class='ocrx_word' id='word_1_308' title='bbox 946 3305 1085 3384; x_wconf 83' lang='lat' dir='ltr'><strong>rrrajora?</strong></span> <span class='ocrx_word' id='word_1_309' title='bbox 1109 3306 1186 3366; x_wconf 84' lang='lat' dir='ltr'><strong>Esto</strong></span> <span class='ocrx_word' id='word_1_310' title='bbox 1210 3307 1289 3367; x_wconf 86' lang='lat' dir='ltr'><strong>enim</strong></span> <span class='ocrx_word' id='word_1_311' title='bbox 1313 3307 1448 3386; x_wconf 88' lang='lat' dir='ltr'><strong>sphaera</strong></span> <span class='ocrx_word' id='word_1_312' title='bbox 1470 3307 1596 3376; x_wconf 69' lang='lat' dir='ltr'><strong>surarum</strong></span> 
     </span>
     <span class='ocr_line' id='line_1_33' title="bbox 249 3393 1595 3475; baseline 0.001 -22"><span class='ocrx_word' id='word_1_313' title='bbox 249 3393 335 3472; x_wconf 91' lang='lat' dir='ltr'><strong>hujus</strong></span> <span class='ocrx_word' id='word_1_314' title='bbox 359 3412 431 3473; x_wconf 86' lang='lat' dir='ltr'><strong>pars</strong></span> <span class='ocrx_word' id='word_1_315' title='bbox 456 3396 532 3454; x_wconf 86' lang='lat' dir='ltr'><strong>l&#39;orte</strong></span> <span class='ocrx_word' id='word_1_316' title='bbox 558 3404 605 3452; x_wconf 91' lang='lat' dir='ltr'><strong>ter</strong></span> <span class='ocrx_word' id='word_1_317' title='bbox 633 3394 791 3454; x_wconf 87' lang='lat' dir='ltr'><strong>millesima</strong></span> <span class='ocrx_word' id='word_1_318' title='bbox 816 3395 942 3456; x_wconf 77' lang='lat' dir='ltr'><strong>Saturni</strong></span> <span class='ocrx_word' id='word_1_319' title='bbox 976 3395 1127 3472; x_wconf 87' lang='lat' dir='ltr'><strong>sphaera,</strong></span> <span class='ocrx_word' id='word_1_320' title='bbox 1161 3395 1249 3473; x_wconf 87' lang='lat' dir='ltr'><strong>hujus</strong></span> <span class='ocrx_word' id='word_1_321' title='bbox 1282 3395 1355 3456; x_wconf 90' lang='lat' dir='ltr'><strong>item</strong></span> <span class='ocrx_word' id='word_1_322' title='bbox 1387 3396 1508 3457; x_wconf 81' lang='lat' dir='ltr'><strong>decima</strong></span> <span class='ocrx_word' id='word_1_323' title='bbox 1538 3415 1595 3475; x_wconf 81' lang='lat' dir='ltr'><strong>pam</strong></span> 
     </span>
     <span class='ocr_line' id='line_1_34' title="bbox 248 3481 1595 3562; baseline 0.001 -21"><span class='ocrx_word' id='word_1_324' title='bbox 248 3481 378 3543; x_wconf 88' lang='lat' dir='ltr'><strong>Telluris</strong></span> <span class='ocrx_word' id='word_1_325' title='bbox 398 3483 538 3561; x_wconf 86' lang='lat' dir='ltr'><strong>sphaera,</strong></span> <span class='ocrx_word' id='word_1_326' title='bbox 564 3482 694 3562; x_wconf 85' lang='lat' dir='ltr'><strong>Telluris</strong></span> <span class='ocrx_word' id='word_1_327' title='bbox 716 3503 802 3561; x_wconf 90' lang='lat' dir='ltr'><strong>porro</strong></span> <span class='ocrx_word' id='word_1_328' title='bbox 828 3485 989 3545; x_wconf 80' lang='lat' dir='ltr'><strong>tercenties</strong></span> <span class='ocrx_word' id='word_1_329' title='bbox 1015 3484 1175 3544; x_wconf 89' lang='lat' dir='ltr'><strong>millesima</strong></span> <span class='ocrx_word' id='word_1_330' title='bbox 1194 3485 1332 3545; x_wconf 85' lang='lat' dir='ltr'><strong>diametri</strong></span> <span class='ocrx_word' id='word_1_331' title='bbox 1358 3485 1458 3558; x_wconf 89' lang='lat' dir='ltr'><strong>homo,</strong></span> <span class='ocrx_word' id='word_1_332' title='bbox 1484 3484 1595 3546; x_wconf 85' lang='lat' dir='ltr'><strong>hominis</strong></span> 
     </span>
     <span class='ocr_line' id='line_1_35' title="bbox 245 3572 1594 3652; baseline -0.001 -19"><span class='ocrx_word' id='word_1_333' title='bbox 245 3572 364 3633; x_wconf 85' lang='lat' dir='ltr'><strong>tantula</strong></span> <span class='ocrx_word' id='word_1_334' title='bbox 399 3591 470 3652; x_wconf 84' lang='lat' dir='ltr'><strong>pars</strong></span> <span class='ocrx_word' id='word_1_335' title='bbox 500 3572 653 3632; x_wconf 90' lang='lat' dir='ltr'><strong>cuniculus</strong></span> <span class='ocrx_word' id='word_1_336' title='bbox 682 3573 893 3634; x_wconf 79' lang='lat' dir='ltr'><strong>subcutaneus.</strong></span> <span class='ocrx_word' id='word_1_337' title='bbox 943 3574 999 3633; x_wconf 84' lang='lat' dir='ltr'><strong>llic</strong></span> <span class='ocrx_word' id='word_1_338' title='bbox 1029 3573 1165 3633; x_wconf 88' lang='lat' dir='ltr'><strong>sistimus</strong></span> <span class='ocrx_word' id='word_1_339' title='bbox 1195 3593 1249 3634; x_wconf 91' lang='lat' dir='ltr'><strong>nec</strong></span> <span class='ocrx_word' id='word_1_340' title='bbox 1282 3574 1476 3652; x_wconf 86' lang='lat' dir='ltr'><strong>progreditur</strong></span> <span class='ocrx_word' id='word_1_341' title='bbox 1500 3587 1594 3636; x_wconf 81' lang='lat' dir='ltr'><strong>natura</strong></span> 
     </span>
     <span class='ocr_line' id='line_1_36' title="bbox 248 3660 1593 3738; baseline -0.001 -17"><span class='ocrx_word' id='word_1_342' title='bbox 248 3660 287 3721; x_wconf 85' lang='lat' dir='ltr'><strong>ad</strong></span> <span class='ocrx_word' id='word_1_343' title='bbox 316 3660 441 3723; x_wconf 84' lang='lat' dir='ltr'><strong>minora.</strong></span> <span class='ocrx_word' id='word_1_344' title='bbox 494 3661 659 3738; x_wconf 86' lang='lat' dir='ltr'><strong>Pergamus</strong></span> <span class='ocrx_word' id='word_1_345' title='bbox 694 3661 785 3738; x_wconf 92' lang='lat' dir='ltr'><strong>igitur</strong></span> <span class='ocrx_word' id='word_1_346' title='bbox 814 3664 851 3721; x_wconf 84' lang='lat' dir='ltr'><strong>od</strong></span> <span class='ocrx_word' id='word_1_347' title='bbox 884 3663 1012 3721; x_wconf 90' lang='lat' dir='ltr'><strong>alterum</strong></span> <span class='ocrx_word' id='word_1_348' title='bbox 1044 3663 1209 3724; x_wconf 86' lang='lat' dir='ltr'><strong>membrum</strong></span> <span class='ocrx_word' id='word_1_349' title='bbox 1241 3663 1445 3724; x_wconf 83' lang='lat' dir='ltr'><strong>dilerumatis:</strong></span> <span class='ocrx_word' id='word_1_350' title='bbox 1476 3665 1536 3726; x_wconf 89' lang='lat' dir='ltr'><strong>sint</strong></span> <span class='ocrx_word' id='word_1_351' title='bbox 1562 3661 1593 3722; x_wconf 91' lang='lat' dir='ltr'><strong>illi</strong></span> 
     </span>
     <span class='ocr_line' id='line_1_37' title="bbox 248 3749 1594 3831; baseline -0.001 -22"><span class='ocrx_word' id='word_1_352' title='bbox 248 3749 356 3809; x_wconf 86' lang='lat' dir='ltr'><strong>infiniti</strong></span> <span class='ocrx_word' id='word_1_353' title='bbox 379 3750 480 3810; x_wconf 93' lang='lat' dir='ltr'><strong>mundi</strong></span> <span class='ocrx_word' id='word_1_354' title='bbox 510 3750 671 3810; x_wconf 88' lang='lat' dir='ltr'><strong>dissimiles</strong></span> <span class='ocrx_word' id='word_1_355' title='bbox 704 3750 818 3811; x_wconf 73' lang='lat' dir='ltr'><strong>nostri:</strong></span> <span class='ocrx_word' id='word_1_356' title='bbox 853 3751 921 3810; x_wconf 86' lang='lat' dir='ltr'><strong>aliis</strong></span> <span class='ocrx_word' id='word_1_357' title='bbox 950 3751 1040 3827; x_wconf 91' lang='lat' dir='ltr'><strong>igitur</strong></span> <span class='ocrx_word' id='word_1_358' title='bbox 1063 3771 1152 3829; x_wconf 88' lang='lat' dir='ltr'><strong>quam</strong></span> <span class='ocrx_word' id='word_1_359' title='bbox 1183 3752 1327 3831; x_wconf 86' lang='lat' dir='ltr'><strong>perlectis</strong></span> <span class='ocrx_word' id='word_1_360' title='bbox 1351 3751 1371 3813; x_wconf 79' lang='grc' dir='ltr'><strong>ὁ</strong></span> <span class='ocrx_word' id='word_1_361' title='bbox 1396 3752 1500 3830; x_wconf 80' lang='lat' dir='ltr'><strong>liguris</strong></span> <span class='ocrx_word' id='word_1_362' title='bbox 1522 3763 1594 3814; x_wconf 86' lang='lat' dir='ltr'><strong>eruut</strong></span> 
     </span>
     <span class='ocr_line' id='line_1_38' title="bbox 248 3838 1592 3916; baseline 0.001 -18"><span class='ocrx_word' id='word_1_363' title='bbox 248 3838 395 3910; x_wconf 80' lang='lat' dir='ltr'><strong>exornati,</strong></span> <span class='ocrx_word' id='word_1_364' title='bbox 421 3838 614 3916; x_wconf 87' lang='lat' dir='ltr'><strong>ignobiliores</strong></span> <span class='ocrx_word' id='word_1_365' title='bbox 640 3838 729 3916; x_wconf 92' lang='lat' dir='ltr'><strong>igitur</strong></span> <span class='ocrx_word' id='word_1_366' title='bbox 745 3839 799 3898; x_wconf 86' lang='lat' dir='ltr'><strong>lroc</strong></span> <span class='ocrx_word' id='word_1_367' title='bbox 816 3852 940 3899; x_wconf 79' lang='lat' dir='ltr'><strong>nostro:</strong></span> <span class='ocrx_word' id='word_1_368' title='bbox 967 3840 1043 3899; x_wconf 88' lang='lat' dir='ltr'><strong>unde</strong></span> <span class='ocrx_word' id='word_1_369' title='bbox 1058 3841 1222 3913; x_wconf 88' lang='lat' dir='ltr'><strong>conficitur,</strong></span> <span class='ocrx_word' id='word_1_370' title='bbox 1240 3853 1272 3902; x_wconf 92' lang='lat' dir='ltr'><strong>ut</strong></span> <span class='ocrx_word' id='word_1_371' title='bbox 1287 3850 1391 3902; x_wconf 90' lang='lat' dir='ltr'><strong>noster</strong></span> <span class='ocrx_word' id='word_1_372' title='bbox 1411 3842 1458 3902; x_wconf 88' lang='lat' dir='ltr'><strong>hic</strong></span> <span class='ocrx_word' id='word_1_373' title='bbox 1482 3842 1592 3903; x_wconf 83' lang='lat' dir='ltr'><strong>mondus</strong></span> 
     </span>
     <span class='ocr_line' id='line_1_39' title="bbox 247 3925 1591 4010; baseline 0.002 -25"><span class='ocrx_word' id='word_1_374' title='bbox 247 3925 289 3985; x_wconf 88' lang='lat' dir='ltr'><strong>sit</strong></span> <span class='ocrx_word' id='word_1_375' title='bbox 312 3925 429 3986; x_wconf 85' lang='lat' dir='ltr'><strong>illorum</strong></span> <span class='ocrx_word' id='word_1_376' title='bbox 453 3928 591 4002; x_wconf 92' lang='lat' dir='ltr'><strong>omnium,</strong></span> <span class='ocrx_word' id='word_1_377' title='bbox 616 3928 642 3987; x_wconf 90' lang='lat' dir='ltr'><strong>si</strong></span> <span class='ocrx_word' id='word_1_378' title='bbox 664 3929 765 4007; x_wconf 87' lang='lat' dir='ltr'><strong>plnres</strong></span> <span class='ocrx_word' id='word_1_379' title='bbox 791 3941 902 4000; x_wconf 79' lang='lat' dir='ltr'><strong>esseut,</strong></span> <span class='ocrx_word' id='word_1_380' title='bbox 929 3929 1219 4006; x_wconf 82' lang='lat' dir='ltr'><strong>praestantissiruus.</strong></span> <span class='ocrx_word' id='word_1_381' title='bbox 1261 3930 1408 3990; x_wconf 86' lang='lat' dir='ltr'><strong>Dicamus</strong></span> <span class='ocrx_word' id='word_1_382' title='bbox 1428 3931 1495 4010; x_wconf 87' lang='lat' dir='ltr'><strong>jam</strong></span> <span class='ocrx_word' id='word_1_383' title='bbox 1517 3930 1591 3991; x_wconf 80' lang='lat' dir='ltr'><strong>etiam</strong></span> 
     </span>
     <span class='ocr_line' id='line_1_40' title="bbox 247 4014 1590 4096; baseline 0.003 -22"><span class='ocrx_word' id='word_1_384' title='bbox 247 4014 314 4087; x_wconf 89' lang='lat' dir='ltr'><strong>hoc,</strong></span> <span class='ocrx_word' id='word_1_385' title='bbox 338 4033 390 4075; x_wconf 90' lang='lat' dir='ltr'><strong>cur</strong></span> <span class='ocrx_word' id='word_1_386' title='bbox 405 4016 506 4076; x_wconf 90' lang='lat' dir='ltr'><strong>Tellus</strong></span> <span class='ocrx_word' id='word_1_387' title='bbox 522 4017 611 4096; x_wconf 88' lang='lat' dir='ltr'><strong>globo</strong></span> <span class='ocrx_word' id='word_1_388' title='bbox 625 4017 714 4076; x_wconf 81' lang='lat' dir='ltr'><strong>dorio</strong></span> <span class='ocrx_word' id='word_1_389' title='bbox 730 4028 867 4096; x_wconf 83' lang='lat' dir='ltr'><strong>praestet</strong></span> <span class='ocrx_word' id='word_1_390' title='bbox 882 4018 1055 4095; x_wconf 85' lang='lat' dir='ltr'><strong>digniorque</strong></span> <span class='ocrx_word' id='word_1_391' title='bbox 1071 4018 1112 4078; x_wconf 85' lang='lat' dir='ltr'><strong>sit</strong></span> <span class='ocrx_word' id='word_1_392' title='bbox 1127 4020 1308 4079; x_wconf 89' lang='lat' dir='ltr'><strong>dominantis</strong></span> <span class='ocrx_word' id='word_1_393' title='bbox 1332 4029 1492 4081; x_wconf 84' lang='lat' dir='ltr'><strong>creaturae</strong></span> <span class='ocrx_word' id='word_1_394' title='bbox 1508 4021 1590 4080; x_wconf 78' lang='lat' dir='ltr'><strong>sedeo.</strong></span> 
     </span>
    </p>

    <p class='ocr_par' dir='ltr' id='par_1_6' title="bbox 239 4101 1590 5080">
     <span class='ocr_line' id='line_1_41' title="bbox 335 4101 1590 4182; baseline 0.001 -17"><span class='ocrx_word' id='word_1_395' title='bbox 335 4101 389 4165; x_wconf 87' lang='lat' dir='ltr'><strong>Sol</strong></span> <span class='ocrx_word' id='word_1_396' title='bbox 414 4104 531 4182; x_wconf 89' lang='lat' dir='ltr'><strong>quidem</strong></span> <span class='ocrx_word' id='word_1_397' title='bbox 557 4106 586 4165; x_wconf 92' lang='lat' dir='ltr'><strong>in</strong></span> <span class='ocrx_word' id='word_1_398' title='bbox 610 4115 712 4166; x_wconf 89' lang='lat' dir='ltr'><strong>centro</strong></span> <span class='ocrx_word' id='word_1_399' title='bbox 743 4107 841 4166; x_wconf 92' lang='lat' dir='ltr'><strong>nmndi</strong></span> <span class='ocrx_word' id='word_1_400' title='bbox 867 4118 929 4178; x_wconf 84' lang='lat' dir='ltr'><strong>est,</strong></span> <span class='ocrx_word' id='word_1_401' title='bbox 960 4126 1010 4166; x_wconf 94' lang='lat' dir='ltr'><strong>cor</strong></span> <span class='ocrx_word' id='word_1_402' title='bbox 1033 4106 1135 4167; x_wconf 91' lang='lat' dir='ltr'><strong>ruuudi</strong></span> <span class='ocrx_word' id='word_1_403' title='bbox 1159 4116 1221 4181; x_wconf 86' lang='lat' dir='ltr'><strong>est,</strong></span> <span class='ocrx_word' id='word_1_404' title='bbox 1252 4109 1318 4168; x_wconf 87' lang='lat' dir='ltr'><strong>lbos</strong></span> <span class='ocrx_word' id='word_1_405' title='bbox 1347 4109 1423 4170; x_wconf 88' lang='lat' dir='ltr'><strong>lucis</strong></span> <span class='ocrx_word' id='word_1_406' title='bbox 1447 4121 1511 4182; x_wconf 89' lang='lat' dir='ltr'><strong>est,</strong></span> <span class='ocrx_word' id='word_1_407' title='bbox 1537 4111 1590 4168; x_wconf 83' lang='lat' dir='ltr'><strong>lom</strong></span> 
     </span>
     <span class='ocr_line' id='line_1_42' title="bbox 242 4192 1588 4278; baseline 0.003 -26"><span class='ocrx_word' id='word_1_408' title='bbox 242 4192 362 4267; x_wconf 89' lang='lat' dir='ltr'><strong>caloris,</strong></span> <span class='ocrx_word' id='word_1_409' title='bbox 390 4193 473 4272; x_wconf 90' lang='lat' dir='ltr'><strong>origo</strong></span> <span class='ocrx_word' id='word_1_410' title='bbox 498 4196 579 4255; x_wconf 85' lang='lat' dir='ltr'><strong>ritae</strong></span> <span class='ocrx_word' id='word_1_411' title='bbox 604 4204 759 4274; x_wconf 89' lang='lat' dir='ltr'><strong>motusque</strong></span> <span class='ocrx_word' id='word_1_412' title='bbox 784 4195 924 4256; x_wconf 88' lang='lat' dir='ltr'><strong>rrrundaui</strong></span> <span class='ocrx_word' id='word_1_413' title='bbox 949 4203 1007 4254; x_wconf 89' lang='lat' dir='ltr'><strong>est.</strong></span> <span class='ocrx_word' id='word_1_414' title='bbox 1054 4197 1100 4256; x_wconf 78' lang='lat' dir='ltr'><strong>At</strong></span> <span class='ocrx_word' id='word_1_415' title='bbox 1124 4195 1242 4257; x_wconf 83' lang='lat' dir='ltr'><strong>ridetur</strong></span> <span class='ocrx_word' id='word_1_416' title='bbox 1266 4198 1355 4259; x_wconf 90' lang='lat' dir='ltr'><strong>homo</strong></span> <span class='ocrx_word' id='word_1_417' title='bbox 1385 4217 1483 4278; x_wconf 87' lang='lat' dir='ltr'><strong>aequo</strong></span> <span class='ocrx_word' id='word_1_418' title='bbox 1506 4197 1588 4258; x_wconf 82' lang='lat' dir='ltr'><strong>mino</strong></span> 
     </span>
     <span class='ocr_line' id='line_1_43' title="bbox 242 4281 1585 4367; baseline 0.007 -26"><span class='ocrx_word' id='word_1_419' title='bbox 242 4281 292 4341; x_wconf 93' lang='lat' dir='ltr'><strong>illo</strong></span> <span class='ocrx_word' id='word_1_420' title='bbox 324 4282 432 4342; x_wconf 89' lang='lat' dir='ltr'><strong>throno</strong></span> <span class='ocrx_word' id='word_1_421' title='bbox 463 4285 551 4360; x_wconf 91' lang='lat' dir='ltr'><strong>regio</strong></span> <span class='ocrx_word' id='word_1_422' title='bbox 581 4283 732 4343; x_wconf 85' lang='lat' dir='ltr'><strong>abstinere</strong></span> <span class='ocrx_word' id='word_1_423' title='bbox 767 4285 886 4346; x_wconf 84' lang='lat' dir='ltr'><strong>debere.</strong></span> <span class='ocrx_word' id='word_1_424' title='bbox 936 4281 1059 4345; x_wconf 86' lang='lat' dir='ltr'><strong>Coelmn</strong></span> <span class='ocrx_word' id='word_1_425' title='bbox 1093 4286 1169 4346; x_wconf 85' lang='lat' dir='ltr'><strong>coeli</strong></span> <span class='ocrx_word' id='word_1_426' title='bbox 1193 4285 1336 4354; x_wconf 87' lang='lat' dir='ltr'><strong>Domino,</strong></span> <span class='ocrx_word' id='word_1_427' title='bbox 1362 4287 1429 4348; x_wconf 90' lang='lat' dir='ltr'><strong>Soli</strong></span> <span class='ocrx_word' id='word_1_428' title='bbox 1454 4287 1585 4367; x_wconf 82' lang='lat' dir='ltr'><strong>justitiae.</strong></span> 
     </span>
     <span class='ocr_line' id='line_1_44' title="bbox 241 4369 1585 4452; baseline 0.004 -23"><span class='ocrx_word' id='word_1_429' title='bbox 241 4369 365 4430; x_wconf 90' lang='lat' dir='ltr'><strong>Terram</strong></span> <span class='ocrx_word' id='word_1_430' title='bbox 391 4381 492 4431; x_wconf 89' lang='lat' dir='ltr'><strong>autem</strong></span> <span class='ocrx_word' id='word_1_431' title='bbox 518 4371 602 4431; x_wconf 87' lang='lat' dir='ltr'><strong>dedit</strong></span> <span class='ocrx_word' id='word_1_432' title='bbox 626 4372 693 4431; x_wconf 84' lang='lat' dir='ltr'><strong>tiliis</strong></span> <span class='ocrx_word' id='word_1_433' title='bbox 718 4371 879 4434; x_wconf 88' lang='lat' dir='ltr'><strong>hominum.</strong></span> <span class='ocrx_word' id='word_1_434' title='bbox 926 4374 1005 4434; x_wconf 73' lang='lat' dir='ltr'><strong>b&#39;am</strong></span> <span class='ocrx_word' id='word_1_435' title='bbox 1030 4373 1088 4432; x_wconf 79' lang='lat' dir='ltr'><strong>etsi</strong></span> <span class='ocrx_word' id='word_1_436' title='bbox 1107 4375 1191 4435; x_wconf 86' lang='lat' dir='ltr'><strong>Deus</strong></span> <span class='ocrx_word' id='word_1_437' title='bbox 1215 4393 1323 4452; x_wconf 82' lang='lat' dir='ltr'><strong>corpus</strong></span> <span class='ocrx_word' id='word_1_438' title='bbox 1349 4395 1408 4436; x_wconf 91' lang='lat' dir='ltr'><strong>nou</strong></span> <span class='ocrx_word' id='word_1_439' title='bbox 1433 4377 1523 4436; x_wconf 85' lang='lat' dir='ltr'><strong>habet</strong></span> <span class='ocrx_word' id='word_1_440' title='bbox 1543 4391 1585 4434; x_wconf 83' lang='lat' dir='ltr'><strong>ner</strong></span> 
     </span>
     <span class='ocr_line' id='line_1_45' title="bbox 242 4456 1584 4542; baseline 0.004 -25"><span class='ocrx_word' id='word_1_441' title='bbox 242 4456 415 4519; x_wconf 84' lang='lat' dir='ltr'><strong>habitaculo</strong></span> <span class='ocrx_word' id='word_1_442' title='bbox 440 4460 572 4538; x_wconf 75' lang='lat' dir='ltr'><strong>indiget,</strong></span> <span class='ocrx_word' id='word_1_443' title='bbox 599 4460 627 4519; x_wconf 94' lang='lat' dir='ltr'><strong>in</strong></span> <span class='ocrx_word' id='word_1_444' title='bbox 648 4460 718 4519; x_wconf 85' lang='lat' dir='ltr'><strong>Sole</strong></span> <span class='ocrx_word' id='word_1_445' title='bbox 743 4472 844 4523; x_wconf 81' lang='lat' dir='ltr'><strong>tanuen</strong></span> <span class='ocrx_word' id='word_1_446' title='bbox 872 4464 919 4532; x_wconf 81' lang='lat' dir='ltr'><strong>(ut</strong></span> <span class='ocrx_word' id='word_1_447' title='bbox 943 4462 1056 4539; x_wconf 73' lang='lat' dir='ltr'><strong>passim</strong></span> <span class='ocrx_word' id='word_1_448' title='bbox 1080 4482 1134 4540; x_wconf 89' lang='lat' dir='ltr'><strong>per</strong></span> <span class='ocrx_word' id='word_1_449' title='bbox 1157 4464 1338 4541; x_wconf 77' lang='lat' dir='ltr'><strong>scripturam</strong></span> <span class='ocrx_word' id='word_1_450' title='bbox 1359 4464 1388 4526; x_wconf 91' lang='lat' dir='ltr'><strong>iu</strong></span> <span class='ocrx_word' id='word_1_451' title='bbox 1413 4465 1511 4536; x_wconf 87' lang='lat' dir='ltr'><strong>coelo)</strong></span> <span class='ocrx_word' id='word_1_452' title='bbox 1531 4465 1584 4542; x_wconf 80' lang='lat' dir='ltr'><strong>plor</strong></span> 
     </span>
     <span class='ocr_line' id='line_1_46' title="bbox 243 4548 1584 4632; baseline 0.001 -26"><span class='ocrx_word' id='word_1_453' title='bbox 243 4548 355 4608; x_wconf 82' lang='lat' dir='ltr'><strong>exserit</strong></span> <span class='ocrx_word' id='word_1_454' title='bbox 380 4549 514 4622; x_wconf 77' lang='lat' dir='ltr'><strong>virturis,</strong></span> <span class='ocrx_word' id='word_1_455' title='bbox 540 4569 599 4627; x_wconf 87' lang='lat' dir='ltr'><strong>qua</strong></span> <span class='ocrx_word' id='word_1_456' title='bbox 623 4550 749 4608; x_wconf 89' lang='lat' dir='ltr'><strong>uruudus</strong></span> <span class='ocrx_word' id='word_1_457' title='bbox 773 4552 971 4627; x_wconf 84' lang='lat' dir='ltr'><strong>gubernatur,</strong></span> <span class='ocrx_word' id='word_1_458' title='bbox 997 4572 1084 4628; x_wconf 78' lang='lat' dir='ltr'><strong>qurum</strong></span> <span class='ocrx_word' id='word_1_459' title='bbox 1110 4553 1139 4611; x_wconf 88' lang='lat' dir='ltr'><strong>iu</strong></span> <span class='ocrx_word' id='word_1_460' title='bbox 1163 4552 1261 4629; x_wconf 85' lang='lat' dir='ltr'><strong>globis</strong></span> <span class='ocrx_word' id='word_1_461' title='bbox 1286 4554 1408 4614; x_wconf 84' lang='lat' dir='ltr'><strong>ceteris.</strong></span> <span class='ocrx_word' id='word_1_462' title='bbox 1446 4555 1584 4632; x_wconf 77' lang='lat' dir='ltr'><strong>Agnoscat</strong></span> 
     </span>
     <span class='ocr_line' id='line_1_47' title="bbox 242 4634 1582 4722; baseline 0.006 -28"><span class='ocrx_word' id='word_1_463' title='bbox 242 4634 337 4713; x_wconf 91' lang='lat' dir='ltr'><strong>igitur</strong></span> <span class='ocrx_word' id='word_1_464' title='bbox 361 4636 447 4696; x_wconf 90' lang='lat' dir='ltr'><strong>horno</strong></span> <span class='ocrx_word' id='word_1_465' title='bbox 472 4638 564 4714; x_wconf 85' lang='lat' dir='ltr'><strong>ipsius</strong></span> <span class='ocrx_word' id='word_1_466' title='bbox 590 4638 681 4697; x_wconf 89' lang='lat' dir='ltr'><strong>etiam</strong></span> <span class='ocrx_word' id='word_1_467' title='bbox 705 4637 867 4698; x_wconf 87' lang='lat' dir='ltr'><strong>habitaculi</strong></span> <span class='ocrx_word' id='word_1_468' title='bbox 892 4639 939 4698; x_wconf 84' lang='lat' dir='ltr'><strong>sui</strong></span> <span class='ocrx_word' id='word_1_469' title='bbox 968 4639 1162 4702; x_wconf 82' lang='lat' dir='ltr'><strong>distinctione</strong></span> <span class='ocrx_word' id='word_1_470' title='bbox 1192 4662 1277 4703; x_wconf 77' lang='lat' dir='ltr'><strong>suom</strong></span> <span class='ocrx_word' id='word_1_471' title='bbox 1307 4637 1582 4722; x_wconf 53' lang='lat' dir='ltr'><strong>indigentissimo</strong></span> 
     </span>
     <span class='ocr_line' id='line_1_48' title="bbox 243 4723 1579 4807; baseline 0.009 -25"><span class='ocrx_word' id='word_1_472' title='bbox 243 4723 478 4798; x_wconf 86' lang='lat' dir='ltr'><strong>abundarrtiam;</strong></span> <span class='ocrx_word' id='word_1_473' title='bbox 510 4739 666 4800; x_wconf 66' lang='lat' dir='ltr'><strong>agitemur,</strong></span> <span class='ocrx_word' id='word_1_474' title='bbox 691 4746 724 4785; x_wconf 89' lang='lat' dir='ltr'><strong>se</strong></span> <span class='ocrx_word' id='word_1_475' title='bbox 748 4746 805 4786; x_wconf 93' lang='lat' dir='ltr'><strong>non</strong></span> <span class='ocrx_word' id='word_1_476' title='bbox 831 4747 897 4786; x_wconf 83' lang='lat' dir='ltr'><strong>esse</strong></span> <span class='ocrx_word' id='word_1_477' title='bbox 923 4729 1036 4788; x_wconf 86' lang='lat' dir='ltr'><strong>sontem</strong></span> <span class='ocrx_word' id='word_1_478' title='bbox 1060 4743 1091 4789; x_wconf 91' lang='lat' dir='ltr'><strong>et</strong></span> <span class='ocrx_word' id='word_1_479' title='bbox 1114 4730 1258 4807; x_wconf 88' lang='lat' dir='ltr'><strong>originem</strong></span> <span class='ocrx_word' id='word_1_480' title='bbox 1292 4745 1418 4792; x_wconf 83' lang='lat' dir='ltr'><strong>ornatus</strong></span> <span class='ocrx_word' id='word_1_481' title='bbox 1450 4727 1579 4794; x_wconf 78' lang='lat' dir='ltr'><strong>mundani</strong></span> 
     </span>
     <span class='ocr_line' id='line_1_49' title="bbox 241 4812 1579 4900; baseline 0.003 -30"><span class='ocrx_word' id='word_1_482' title='bbox 241 4812 298 4872; x_wconf 87' lang='lat' dir='ltr'><strong>sed</strong></span> <span class='ocrx_word' id='word_1_483' title='bbox 323 4835 342 4873; x_wconf 88' lang='lat' dir='ltr'><strong>a</strong></span> <span class='ocrx_word' id='word_1_484' title='bbox 366 4815 447 4874; x_wconf 76' lang='lat' dir='ltr'><strong>tonte</strong></span> <span class='ocrx_word' id='word_1_485' title='bbox 472 4828 503 4874; x_wconf 89' lang='lat' dir='ltr'><strong>et</strong></span> <span class='ocrx_word' id='word_1_486' title='bbox 525 4816 565 4887; x_wconf 81' lang='lat' dir='ltr'><strong>ab</strong></span> <span class='ocrx_word' id='word_1_487' title='bbox 590 4815 704 4892; x_wconf 87' lang='lat' dir='ltr'><strong>origine</strong></span> <span class='ocrx_word' id='word_1_488' title='bbox 730 4833 801 4874; x_wconf 79' lang='lat' dir='ltr'><strong>rora</strong></span> <span class='ocrx_word' id='word_1_489' title='bbox 834 4816 1011 4893; x_wconf 82' lang='lat' dir='ltr'><strong>dependere.</strong></span> <span class='ocrx_word' id='word_1_490' title='bbox 1059 4819 1148 4879; x_wconf 78' lang='lat' dir='ltr'><strong>Adde</strong></span> <span class='ocrx_word' id='word_1_491' title='bbox 1173 4831 1206 4879; x_wconf 88' lang='lat' dir='ltr'><strong>et</strong></span> <span class='ocrx_word' id='word_1_492' title='bbox 1234 4820 1291 4881; x_wconf 88' lang='lat' dir='ltr'><strong>hoc</strong></span> <span class='ocrx_word' id='word_1_493' title='bbox 1325 4823 1405 4900; x_wconf 89' lang='lat' dir='ltr'><strong>quod</strong></span> <span class='ocrx_word' id='word_1_494' title='bbox 1429 4824 1458 4882; x_wconf 90' lang='lat' dir='ltr'><strong>in</strong></span> <span class='ocrx_word' id='word_1_495' title='bbox 1481 4817 1579 4898; x_wconf 79' lang='lat' dir='ltr'><strong>Optitis</strong></span> 
     </span>
     <span class='ocr_line' id='line_1_50' title="bbox 239 4899 1578 4989; baseline 0.009 -32"><span class='ocrx_word' id='word_1_496' title='bbox 239 4899 319 4973; x_wconf 79' lang='lat' dir='ltr'><strong>dixi,</strong></span> <span class='ocrx_word' id='word_1_497' title='bbox 345 4904 607 4981; x_wconf 86' lang='lat' dir='ltr'><strong>contemplationis</strong></span> <span class='ocrx_word' id='word_1_498' title='bbox 640 4923 749 4976; x_wconf 80' lang='lat' dir='ltr'><strong>causa,</strong></span> <span class='ocrx_word' id='word_1_499' title='bbox 784 4905 822 4964; x_wconf 86' lang='lat' dir='ltr'><strong>ad</strong></span> <span class='ocrx_word' id='word_1_500' title='bbox 852 4925 940 4983; x_wconf 89' lang='lat' dir='ltr'><strong>quum</strong></span> <span class='ocrx_word' id='word_1_501' title='bbox 974 4905 1062 4967; x_wconf 88' lang='lat' dir='ltr'><strong>homo</strong></span> <span class='ocrx_word' id='word_1_502' title='bbox 1098 4908 1197 4968; x_wconf 88' lang='lat' dir='ltr'><strong>t&#39;actus</strong></span> <span class='ocrx_word' id='word_1_503' title='bbox 1227 4909 1382 4989; x_wconf 84' lang='lat' dir='ltr'><strong>oculisque</strong></span> <span class='ocrx_word' id='word_1_504' title='bbox 1415 4921 1530 4973; x_wconf 82' lang='lat' dir='ltr'><strong>ornatus</strong></span> <span class='ocrx_word' id='word_1_505' title='bbox 1555 4915 1578 4962; x_wconf 77' lang='lat' dir='ltr'><strong>rt</strong></span> 
     </span>
     <span class='ocr_line' id='line_1_51' title="bbox 242 4985 1576 5080; baseline 0.01 -34"><span class='ocrx_word' id='word_1_506' title='bbox 242 4985 407 5051; x_wconf 81' lang='lat' dir='ltr'><strong>instructus</strong></span> <span class='ocrx_word' id='word_1_507' title='bbox 431 5005 488 5064; x_wconf 82' lang='lat' dir='ltr'><strong>est,</strong></span> <span class='ocrx_word' id='word_1_508' title='bbox 515 5012 572 5052; x_wconf 91' lang='lat' dir='ltr'><strong>uou</strong></span> <span class='ocrx_word' id='word_1_509' title='bbox 597 4994 731 5070; x_wconf 79' lang='lat' dir='ltr'><strong>potuisse</strong></span> <span class='ocrx_word' id='word_1_510' title='bbox 761 4992 909 5054; x_wconf 87' lang='lat' dir='ltr'><strong>homiuem</strong></span> <span class='ocrx_word' id='word_1_511' title='bbox 934 4994 963 5054; x_wconf 91' lang='lat' dir='ltr'><strong>iu</strong></span> <span class='ocrx_word' id='word_1_512' title='bbox 987 5008 1090 5056; x_wconf 87' lang='lat' dir='ltr'><strong>centro</strong></span> <span class='ocrx_word' id='word_1_513' title='bbox 1122 4997 1290 5074; x_wconf 84' lang='lat' dir='ltr'><strong>quiescere,</strong></span> <span class='ocrx_word' id='word_1_514' title='bbox 1319 4999 1376 5060; x_wconf 90' lang='lat' dir='ltr'><strong>sed</strong></span> <span class='ocrx_word' id='word_1_515' title='bbox 1405 5015 1533 5080; x_wconf 80' lang='lat' dir='ltr'><strong>oportere</strong></span> <span class='ocrx_word' id='word_1_516' title='bbox 1552 5003 1576 5052; x_wconf 79' lang='lat' dir='ltr'><strong>td</strong></span> 
     </span>
    </p>
   </div>
   <div class='ocr_carea' id='block_1_3' title="bbox 0 0 1850 5842">
    <p class='ocr_par' dir='ltr' id='par_1_7' title="bbox 0 0 1850 5842">
     <span class='ocr_line' id='line_1_52' title="bbox 0 0 1850 5842; baseline 0 13"><span class='ocrx_word' id='word_1_517' title='bbox 0 0 1850 5842; x_wconf 95' lang='lat' dir='ltr'><strong> </strong></span> 
     </span>
    </p>
   </div>
  </div>
 </body>
</html>
