3692 5842
742 465 824 534 caput
844 469 889 520 111.
910 465 933 519 2.
1450 463 1513 531 169

250 643 369 720 Quarto
391 648 493 729 itaque
517 647 781 726 considerandum,
806 647 885 727 qnod
907 647 938 707 in
969 646 1141 709 humoribus
1165 647 1242 709 oculi
1266 655 1348 710 certa
1371 648 1412 710 sit
1435 647 1512 710 den-

157 736 265 800 sitatis
290 748 322 800 et
345 738 504 801 tenuitatis
528 737 615 812 ratio,
640 736 698 817 ipsi
722 737 807 798 oculo
832 737 868 797 de
893 756 926 797 se
949 737 1041 816 probe
1066 744 1147 797 nota.
1183 736 1259 799 Cum
1282 737 1373 817 igitur
1396 745 1428 799 et
1450 744 1511 810 abr,

157 845 219 908 quo
242 827 395 888 mediante
419 827 453 888 lit
474 826 568 896 visio,
593 835 625 888 et
649 827 700 888 Ιιιιι
723 845 800 905 quae
823 825 960 900 videtur,
986 846 1056 887 suas
1080 826 1238 887 densitatis
1267 826 1397 888 rationes
1422 846 1513 907 supra

157 915 365 979 obtinuerint:
389 924 623 978 consentaneum
647 923 695 976 est
717 914 816 976 inesse
840 916 927 977 oculo
951 916 1020 989 vim,
1049 914 1203 996 utriusque
1228 922 1259 977 et
1282 916 1361 978 aeris
1385 924 1417 978 et
1439 916 1513 977 lucis

159 1024 215 1068 sou
239 1004 404 1072 densitatis
426 1023 482 1067 sen
504 1004 642 1067 raritatis
665 1003 844 1066 metiendae.

252 1094 422 1174 Propositio
445 1094 520 1157 XII.
567 1093 628 1156 Sed
652 1093 690 1153 ab
714 1099 786 1155 atre
811 1100 989 1171 argumenta
1011 1092 1098 1171 plura
1120 1092 1248 1154 collecta
1267 1093 1295 1154 in
1320 1094 1415 1156 lucem
1439 1093 1513 1156 diri-

158 1201 278 1264 gemus.
325 1182 448 1246 Etenim
472 1184 590 1245 videtur
622 1182 725 1244 oculus
749 1203 768 1242 a
790 1181 912 1244 videndi
945 1181 1043 1242 officio
1068 1181 1129 1243 fere
1159 1182 1321 1259 decisurus,
1347 1190 1514 1263 exaequato

158 1271 260 1334 medio
283 1271 433 1353 pellucido
457 1291 524 1334 cum
557 1273 678 1334 humore
711 1271 803 1345 oculi,
838 1280 871 1331 nt
894 1271 920 1331 si
952 1270 1055 1332 oculus
1079 1270 1158 1333 infra
1180 1291 1288 1351 aquam
1312 1272 1513 1352 demergatur.

161 1361 236 1425 ldeo
262 1371 295 1422 et
317 1361 436 1423 omniuo
461 1362 560 1423 factus
584 1359 760 1440 albugineus
783 1360 813 1421 in
828 1359 964 1439 spirabili
988 1358 1184 1422 animantium
1207 1380 1326 1437 genere,
1352 1362 1390 1423 ad
1413 1381 1462 1422 res
1486 1362 1515 1423 in

160 1456 232 1513 aere
257 1468 319 1512 non
342 1448 373 1511 in
396 1469 476 1531 aqua
498 1450 674 1512 cernendas.
712 1448 877 1529 Propterea
896 1448 1037 1529 piscibus,
1062 1458 1096 1511 nt
1109 1468 1162 1528 per
1182 1470 1276 1531 aquas
1299 1450 1514 1530 perspicerent,

161 1538 298 1602 crassior
321 1548 354 1601 et
375 1539 477 1602 durior
499 1540 604 1602 humor
627 1550 676 1599 eat
699 1538 806 1611 datus,
837 1557 981 1617 peneus,
1015 1556 1073 1599 non
1097 1539 1212 1601 humor.
1257 1540 1319 1601 Par
1342 1548 1390 1600 est
1413 1541 1514 1620 itaque

158 1627 244 1692 credi
267 1627 423 1690 humorem
447 1628 637 1708 albugineum
660 1627 773 1707 primas
793 1628 821 1688 in
841 1628 927 1688 oculo
947 1635 1047 1688 tenere
1071 1629 1119 1689 vel
1134 1629 1210 1702 ideo,
1236 1638 1269 1691 ut
1283 1629 1324 1690 sit
1347 1629 1516 1690 differentia

160 1716 382 1799 pellucidorum
414 1718 494 1780 aeris
517 1729 550 1779 et
572 1716 659 1778 oculi.
707 1716 863 1779 Potuisset
892 1716 971 1776 enim
999 1725 1125 1792 natura,
1159 1718 1215 1778 nisi
1244 1719 1299 1780 hoc
1332 1726 1514 1797 spectasset,

161 1809 262 1870 lucem
285 1807 496 1886 perforamen
528 1825 621 1868 ureae
652 1815 789 1886 apertum
821 1805 1030 1867 intromittere.
1078 1804 1223 1875 Quamvis
1247 1808 1338 1869 etiam
1362 1828 1399 1868 ex
1422 1809 1517 1887 ligura

159 1895 241 1959 idem
266 1896 430 1958 elucescat.
476 1896 556 1958 Nam
580 1915 646 1957 cum
670 1897 815 1957 rotundus
839 1894 890 1964 sit,
913 1894 1009 1955 multa
1032 1897 1208 1974 contingunt
1231 1898 1324 1958 radiis
1348 1896 1454 1957 lucidis
1478 1915 1516 1956 ex

159 1991 234 2048 aere
259 1983 291 2046 iu
314 1985 473 2046 rotundum
506 1983 628 2046 densius
660 1984 898 2062 ingredientibus
931 1984 1078 2052 refracta,
1110 2004 1184 2065 quae
1214 2005 1270 2046 non
1303 1993 1431 2065 possunt
1452 1984 1516 2046 fieri

160 2074 250 2137 oculo
274 2073 362 2154 aquis
384 2074 510 2149 obruto,
534 2074 585 2136 ubi
608 2083 776 2152 exaequato
800 2075 922 2135 humore
953 2073 1111 2152 albugines
1144 2094 1210 2136 cum
1234 2075 1382 2136 ambiente
1406 2074 1514 2147 medio,

158 2162 338 2244 superficies
371 2162 523 2243 albuginei
550 2164 679 2225 rotunda
711 2162 902 2225 annihilatur.
949 2162 1000 2223 Ad
1029 2163 1181 2224 minimum
1213 2163 1303 2242 igitur
1326 2163 1406 2224 inest
1429 2162 1515 2224 oculo

159 2271 272 2314 amaus
295 2249 383 2329 hujus
408 2251 565 2314 tenuitatis
594 2251 694 2313 seriae
718 2251 884 2326 eomodo,
919 2270 977 2331 quo
1001 2271 1098 2313 rerum
1126 2252 1256 2314 omnium
1280 2253 1385 2331 quibus
1408 2269 1516 2313 assue-

160 2342 259 2404 rimus
283 2358 407 2402 sensum
424 2341 544 2419 penitus
563 2341 684 2402 infixum
707 2342 862 2404 habemus.
901 2341 991 2401 vids
1005 2360 1089 2422 prop.
1108 2337 1137 2403 3.
1158 2337 1189 2403 4.
1215 2341 1265 2403 lib.
1283 2338 1313 2404 3.
1331 2341 1514 2402 Vitellionis.

163 2429 262 2512 Supra
292 2447 366 2490 vero
390 2427 483 2510 (Cap.
508 2432 533 2503 l,
557 2426 592 2503 6)
626 2439 658 2490 et
688 2430 747 2493 luci
778 2439 810 2491 et
842 2429 1008 2511 superficiei
1042 2430 1121 2492 aeris
1153 2431 1278 2492 eandem
1311 2430 1517 2493 tribuebamus

165 2517 355 2581 mationem
379 2518 555 2591 densitatis,
588 2519 700 2580 sentiet
732 2519 822 2598 igitur
845 2527 877 2581 et
900 2519 1003 2580 oculus
1029 2520 1208 2580 densitatem
1233 2519 1317 2582 lucis.
1364 2519 1456 2598 quue
1480 2537 1515 2580 eo

162 2608 271 2689 magis,
296 2608 375 2687 quod
399 2605 493 2692 (Cep.
518 2604 615 2682 1,20)
639 2610 749 2688 patuit,
773 2611 871 2671 lucem
889 2610 945 2670 hoc
970 2608 1131 2670 densitatis
1154 2616 1292 2688 respectu
1317 2608 1380 2689 pati
1404 2607 1515 2688 aliquid

160 2697 199 2760 ab
223 2694 365 2758 omnibus
388 2697 496 2759 mediis
527 2698 662 2759 interae
686 2699 715 2760 in
748 2698 899 2760 densitate
923 2717 977 2759 seu
1006 2699 1222 2777 perspicuitate
1255 2697 1460 2759 differentibus
1484 2705 1516 2758 et

159 2788 203 2849 sio
226 2785 325 2849 stiam
348 2786 386 2847 ab
411 2787 583 2850 humoribus
615 2789 711 2849 oculi:
751 2788 820 2867 quin
851 2788 943 2866 igitur
971 2795 1003 2848 et
1034 2788 1137 2849 oculus
1161 2806 1213 2848 seu
1247 2788 1329 2849 visus
1352 2788 1381 2848 in
1405 2805 1515 2866 genere

159 2874 276 2956 aliquid
299 2874 392 2937 etiam
416 2884 522 2938 contra
544 2878 680 2956 patiatur
702 2878 740 2938 ab
765 2878 822 2938 hac
846 2877 998 2938 densitate
1023 2877 1107 2949 lucis,
1131 2895 1203 2939 snae
1229 2876 1330 2938 itidem
1354 2875 1515 2937 densitatis

157 2962 327 3045 respectu?

249 3051 421 3134 Propositio
443 3051 532 3115 Xlll.
581 3052 704 3128 Quinto,
730 3056 757 3115 si
781 3053 962 3116 densitatem
986 3055 1061 3116 lucis
1089 3055 1192 3116 oculus
1216 3054 1309 3115 sentit
1333 3056 1402 3133 (per
1424 3072 1516 3134 prae·

158 3143 334 3214 cedentem)
368 3142 604 3204 attenuationem
638 3163 753 3224 qnoque
783 3154 815 3205 et
847 3143 1112 3226 condensationem
1149 3144 1213 3223 ejus
1246 3163 1369 3204 necesse
1404 3151 1453 3205 est
1482 3150 1519 3204 ut

157 3231 288 3303 sentiat,
312 3249 388 3309 quae
412 3230 530 3311 quidem
555 3231 636 3294 intra
659 3233 776 3295 oculum
800 3234 833 3293 lit
856 3251 980 3312 eumque
1009 3234 1226 3314 quodammodo
1258 3233 1420 3313 contingit,
1451 3251 1518 3294 cum

157 3319 398 3403 profunditatem
414 3320 552 3381 humores
568 3322 689 3400 insuper
703 3322 870 3395 obtineant,
885 3341 939 3400 per
954 3342 1042 3401 quani
1058 3324 1132 3383 haec
1146 3323 1314 3383 attenuatio
1330 3321 1422 3400 (Cap.
1438 3323 1462 3395 l,
1480 3319 1516 3395 6)

158 3409 326 3492 perficitur.
372 3408 451 3470 Dum
475 3409 554 3497 enim
577 3429 631 3490 per
654 3410 731 3471 hanc
754 3412 991 3491 profunditatem
1012 3412 1062 3473 lim
1086 3412 1207 3486 transit,
1233 3412 1261 3472 in
1282 3419 1365 3472 certa
1387 3429 1516 3491 propor-

159 3500 245 3562 tione
278 3497 432 3578 spargitur
465 3499 590 3571 (ceteris
620 3500 743 3579 paribus
771 3510 802 3562 et
829 3509 946 3563 remota
972 3501 1036 3579 jam
1069 3501 1307 3561 consideratione
1341 3498 1515 3572 coactionis,

159 3608 238 3670 quae
262 3588 297 3649 lit
318 3606 373 3667 per
390 3587 516 3666 liguram
533 3589 703 3650 densiomm
726 3590 905 3664 humorum),
931 3590 1105 3669 tenuiorque
1125 3590 1227 3650 evadit
1247 3590 1275 3649 in
1299 3588 1515 3668 profunditate,

160 3696 255 3759 quam
287 3684 355 3738 erat
387 3676 417 3737 in
447 3677 542 3758 primo
574 3678 722 3757 ingressu.
775 3678 920 3750 Quamvis
954 3680 1073 3752 oculus,
1111 3679 1202 3739 etiam
1236 3685 1412 3757 argomento
1444 3695 1517 3737 usus

160 3765 282 3829 latioris
305 3765 475 3826 illustratae
499 3767 667 3846 superficiei
683 3766 711 3829 in
731 3770 887 3849 profundo,
913 3769 950 3831 de
974 3768 1184 3829 extenuatione
1209 3768 1282 3829 lucis
1297 3768 1377 3829 intra
1399 3767 1515 3828 oculum

160 3857 247 3918 facta
270 3861 406 3916 statuere
430 3854 548 3934 possit:
574 3857 644 3936 quia
658 3876 750 3937 supra
765 3860 865 3939 (prop.
882 3857 917 3931 7)
932 3858 991 3938 ipsi
1015 3857 1359 3919 tribuebamnssensum
1379 3864 1516 3918 attactae

159 3966 180 4006 a
204 3945 272 4008 luce
297 3943 476 4023 quantitatis
500 3946 676 4024 superficiei.

249 4032 423 4113 Propositio
455 4032 546 4095 XIV.
603 4035 660 4096 His
693 4036 738 4096 ita
770 4053 823 4114 per
855 4042 983 4114 quatuor
1012 4035 1229 4115 praecedentes
1266 4034 1418 4116 probatis,
1452 4036 1515 4114 jam

159 4121 422 4186 demonstratione
445 4124 630 4202 geometrica
645 4126 779 4186 evincam
799 4124 893 4204 (qnod
907 4142 992 4204 prop.
1010 4122 1040 4188 9.
1064 4125 1262 4206 probabiliter
1279 4134 1396 4187 tantum
1416 4124 1515 4186 stabi·

159 4213 248 4274 litum
263 4210 346 4286 fuit),
371 4211 410 4273 ab
425 4212 511 4273 oculo
535 4213 690 4293 singulari,
716 4213 893 4276 adminiculo
909 4214 1049 4276 altiorum
1069 4216 1257 4287 facultatum,
1281 4223 1312 4274 et
1332 4232 1385 4294 per
1409 4214 1516 4274 immo·

159 4320 225 4364 rum
258 4300 338 4362 oculi
366 4300 527 4380 passiones
557 4321 577 4364 a
608 4303 759 4365 densitate
794 4301 867 4363 lucis
900 4322 955 4365 ceu
985 4322 1039 4384 per
1071 4304 1301 4365 instrumentum
1341 4301 1453 4381 percipi
1484 4310 1517 4363 et

159 4388 334 4471 comparari
356 4400 532 4469 punctorum
556 4392 597 4453 rei
621 4392 704 4453 visae
738 4391 917 4466 distantias,
942 4393 981 4453 ad
1005 4412 1079 4473 quas
1111 4401 1159 4454 est
1186 4392 1339 4453 sensibilis
1369 4391 1516 4452 diameter

158 4479 250 4542 oculi.
298 4478 399 4540 Primo
422 4479 499 4541 enim
523 4489 664 4559 punctum
688 4481 844 4562 quodlibet
872 4481 1024 4543 radiatio
1049 4482 1151 4543 orbem
1175 4479 1266 4559 (Cap.
1289 4481 1315 4553 l,
1340 4478 1395 4553 2);
1422 4498 1514 4559 quare

97 4645 99 4650 Ι
157 4580 192 4631 et
213 4569 245 4630 in
269 4567 460 4629 latitudinem
484 4570 562 4632 oculi
587 4570 695 4645 radiat,
721 4590 796 4651 quae
822 4569 959 4645 latitudo,
984 4591 1036 4632 seu
1061 4571 1154 4631 totius
1183 4569 1260 4631 oculi
1283 4589 1336 4630 seu
1361 4568 1516 4631 foraminis

158 4678 273 4733 ureae,
308 4665 439 4719 nonest
469 4656 652 4721 insensibilis
676 4680 714 4720 ex
747 4659 918 4741 hypothesi.
967 4660 1083 4721 Deinde
1117 4660 1200 4721 visus
1232 4657 1361 4738 percipit
1383 4666 1415 4719 et
1438 4658 1513 4718 den-

157 4749 284 4810 sitatem
318 4747 554 4828 tenuitatemque
588 4749 755 4826 specierum
784 4769 836 4809 sen
866 4750 940 4810 lucis
965 4768 1002 4809 ex
1029 4755 1139 4827 puncto
1163 4767 1217 4828 per
1245 4748 1346 4808 radios
1379 4748 1514 4827 allapsus

158 4841 260 4918 (prop.
290 4833 585 4910 obsesssorem
610 4838 689 4899 intra
711 4837 946 4916 profunditatem
972 4838 1049 4900 oculi
1074 4836 1274 4917 quantitatem
1298 4837 1514 4900 attenuationis

157 4931 260 5007 (prop.
289 4921 355 4992 13).
402 4926 498 4987 Tenet
521 4935 620 4989 antem
644 4927 837 4988 assuetudine
860 4927 1096 5006 profunditatem
1120 4926 1271 4989 humorum
1296 4944 1426 4988 suornm.
1465 4923 1516 4988 Sit

160 5017 205 5094 αβ
228 5015 380 5078 diameter
410 5015 561 5096 pupillae,
591 5017 617 5078 ei
641 5017 803 5096 parallelos
826 5022 877 5096 γᾶ,
910 5026 1026 5080 tantum
1059 5016 1196 5092 distans,
1229 5024 1371 5096 quantum
1400 5017 1516 5096 patitur
