3692 5842
831 461 914 529 capus
932 461 964 513 V.
987 459 1012 512 3.
1537 465 1602 532 245

241 649 292 704 ast
320 640 507 723 impossrlrile
539 660 594 721 per
622 642 832 721 praemissam.
878 641 960 719 Ergo
989 638 1049 702 ΟΗ
1078 659 1136 701 uon
1169 637 1343 718 refringitur
1371 641 1400 703 in
1423 642 1481 704 ΗΡ
1510 663 1603 724 supra

239 729 312 805 HG,
337 730 445 793 sedin
469 730 600 811 aliquam
622 730 702 792 infra
724 729 797 803 HG,
821 739 853 791 et
875 730 904 791 in
929 730 958 791 H
981 738 1092 809 puncto
1115 730 1149 790 fit
1171 728 1357 790 intersectio.

329 818 442 882 Aliter.
489 818 523 884 Si
546 818 626 882 eninr
650 838 708 881 non
743 819 900 881 descendit
923 816 982 881 ΟΗ
1014 819 1094 880 infra
1116 816 1209 889 mc,
1244 818 1377 880 sectione
1402 818 1482 881 inii
1507 820 1600 897 facta,

238 926 312 988 erge
336 926 441 970 ornnes
465 908 636 989 superiores
653 928 745 989 qnam
760 909 805 970 III
829 908 977 969 refractus
1001 907 1156 969 habebunt
1178 906 1358 985 superiores,
1382 907 1453 987 quia
1471 909 1601 972 omnium

239 1005 288 1059 est
317 997 425 1059 eadem
453 998 548 1067 ratio,
581 1016 649 1059 cum
675 1016 811 1060 crescere
844 996 1042 1058 refractiores
1071 1014 1135 1057 cum
1164 995 1408 1057 inclinationibus
1441 998 1600 1077 probatum

237 1084 289 1160 sit,
315 1092 348 1147 et
370 1104 428 1167 quo
453 1086 577 1167 quisque
600 1086 745 1166 superior,
769 1086 826 1147 hcc
841 1086 899 1147 erit
919 1086 1054 1165 superior
1070 1093 1101 1145 et
1125 1085 1191 1163 ejus
1217 1085 1375 1145 refractus.
1402 1083 1601 1148 continuetur

239 1172 521 1256 Gli-aliquousque
544 1174 574 1236 in
599 1175 648 1249 1³3
681 1175 752 1255 quia
784 1175 877 1254 igitur
899 1174 959 1235 RH
984 1173 1119 1252 superior
1148 1192 1236 1251 quam
1260 1171 1332 1246 OH,
1362 1175 1511 1236 refractus
1535 1176 1600 1252 ejus

238 1261 298 1325 erit
331 1262 469 1343 superior
500 1281 588 1343 qnam
617 1261 687 1325 HG.
733 1261 783 1326 Sit
810 1264 865 1324 ΗΡ
875 1282 884 1337 ;
917 1282 984 1324 cum
1016 1262 1107 1340 igitur
1136 1259 1226 1322 RHG
1255 1262 1296 1323 sit
1329 1272 1413 1324 recta
1443 1282 1516 1339 nna,
1541 1263 1601 1325 RH

239 1351 397 1430 ingressus
427 1350 559 1413 medium
591 1352 713 1413 densius
746 1354 827 1413 inH
862 1352 1043 1430 refringetur
1067 1372 1085 1411 a
1108 1350 1346 1429 perpendiculari
1380 1352 1440 1414 HA
1472 1353 1501 1414 in
1534 1353 1598 1426 ΗΡ,

238 1441 318 1521 quod
342 1440 507 1502 absurdum
529 1449 597 1503 est:
631 1441 735 1502 debuit
762 1442 840 1502 euim
870 1442 908 1502 ad
939 1439 1217 1519 perpendicularem
1241 1439 1269 1501 in
1301 1440 1430 1501 densiori
1465 1442 1598 1522 refringi.

239 1528 324 1608 Ergo
357 1528 546 1607 superiorum
578 1528 769 1591 incidentium
804 1529 926 1591 refracti
952 1548 1008 1589 non
1033 1534 1103 1589 suut
1135 1527 1316 1606 superiores.
1364 1528 1409 1590 At
1432 1549 1486 1590 nee
1510 1531 1599 1592 iidem

237 1635 292 1697 per
326 1618 536 1697 praemissam.
591 1619 755 1681 Inferiores
788 1636 869 1697 erge.
929 1618 1038 1697 Itaque
1070 1616 1105 1677 fit
1135 1616 1165 1678 in
1196 1617 1227 1678 Η
1263 1617 1379 1680 sectio:
1417 1621 1495 1699 quod
1534 1628 1600 1681 erat

238 1706 518 1771 demonstrandum.

327 1795 546 1875 Propositio
569 1795 656 1857 XIII.
703 1794 874 1858 Problema.
920 1794 1100 1855 Punctum
1132 1791 1298 1854 invenire
1324 1793 1359 1855 in
1390 1814 1455 1855 axe
1488 1804 1600 1859 extra

238 1883 447 1965 sphaeram,
472 1885 565 1965 qnod
589 1883 772 1946 terminet
793 1883 921 1945 citime
946 1882 1182 1944 radiationes
1205 1881 1242 1942 in
1271 1882 1486 1961 sphaeram,
1513 1905 1598 1947 con-

238 1981 436 2035 currentes
458 1993 535 2035 eum
550 1991 629 2034 axe.
652 1978 737 2050 (Axis
765 1999 874 2052 semper
895 1982 1031 2052 accipitur
1050 1998 1101 2051 pro
1126 1986 1216 2043 recta,
1249 1997 1320 2049 quae
1345 1998 1396 2050 per
1425 1990 1548 2040 centrum
1570 1994 1600 2041 et
1703 2011 1706 2017 ·

236 2078 372 2143 punctum
391 2071 506 2127 radians
527 2067 656 2136 ducitur.)
702 2062 738 2123 ln
761 2062 917 2123 schemate
943 2057 995 2122 79.
1028 2061 1174 2140 sphaerae
1197 2055 1251 2120 Bc
1276 2059 1318 2120 sit
1347 2060 1413 2122 axis
1436 2063 1522 2124 FAD
1545 2082 1598 2141 per

237 2159 376 2213 centrum
398 2151 438 2224 A,
463 2150 510 2211 cui
534 2151 572 2211 ad
597 2159 696 2211 rectus
719 2170 756 2212 ex
770 2151 800 2211 A
823 2150 972 2212 excitetur
990 2147 1061 2223 AG,
1087 2157 1118 2210 et
1140 2147 1168 2209 in
1187 2144 1216 2208 G
1239 2155 1350 2226 tangat
1372 2149 1513 2212 circulum
1530 2150 1597 2215 GL.

236 2238 305 2301 Erit
337 2240 411 2300 haec
444 2238 626 2313 incidentia,
661 2240 705 2301 uti
728 2239 810 2300 illam
833 2257 926 2317 snpra
959 2259 985 2300 c.
1009 2238 1067 2300 IV.
1103 2235 1348 2306 nominabamus‚
1382 2237 1598 2317 horizontalis;

236 2328 422 2407 refringatur
453 2327 545 2406 igitur
577 2325 634 2388 LG
670 2328 779 2407 angulo
812 2327 1004 2390 refractionis
1042 2325 1257 2398 horizontalis‚
1298 2335 1441 2406 quantum
1474 2331 1598 2409 requirit

236 2415 329 2478 medii
353 2416 500 2479 densitas.
548 2415 655 2496 Sitque
679 2415 768 2478 LGH
796 2417 923 2495 angulus
954 2418 1061 2496 justus.
1108 2414 1145 2475 Ei
1170 2433 1241 2475 vero
1276 2423 1430 2478 statuatur
1462 2420 1597 2499 aequalis

237 2503 328 2580 Ghll,
363 2505 419 2566 hoc
442 2515 494 2567 est
515 2503 658 2567 circulum
690 2506 751 2567 alia
775 2506 804 2566 in
829 2506 857 2568 Η
881 2515 1003 2584 tangat,
1038 2524 1114 2584 quae
1139 2503 1179 2565 sit
1201 2504 1264 2572 HI,
1294 2524 1402 2567 secans
1431 2526 1519 2570 axem
1542 2509 1599 2571 AF

236 2594 265 2656 in
291 2596 319 2655 I.
366 2594 442 2655 Dice
467 2593 544 2656 hunc
567 2613 635 2655 esse
659 2595 819 2656 terminum
852 2595 1055 2657 radiationnm
1079 2612 1145 2654 eum
1169 2612 1225 2653 axe
1254 2596 1507 2671 concurrentium,
1541 2598 1597 2660 hoc

235 2691 284 2745 est
310 2683 440 2763 ipsumI
462 2683 576 2744 nullum
596 2683 725 2762 amplius
750 2684 864 2745 radium
888 2682 1081 2763 projicerem
1101 2682 1269 2763 sphaeram,
1295 2683 1344 2761 qni
1365 2685 1597 2748 refractiouibus

236 2772 327 2834 factis
350 2790 418 2833 cnm
442 2790 499 2833 axe
530 2781 704 2845 concurrat,
739 2774 833 2834 multo
858 2773 971 2845 minus,
996 2771 1125 2851 siquod
1154 2779 1290 2832 sumatur
1311 2782 1456 2851 punctum
1486 2774 1544 2854 ipsi
1569 2778 1598 2838 A

235 2860 362 2940 propius
386 2878 474 2939 qnam
498 2868 546 2921 est
568 2861 593 2922 Ι.
640 2861 686 2922 At
708 2860 734 2921 si
762 2871 898 2923 sumatur
927 2869 1068 2941 punctum
1101 2859 1244 2921 remotius
1274 2861 1311 2921 ab
1335 2861 1365 2921 A
1390 2882 1477 2942 quam
1502 2874 1550 2926 est
1572 2867 1597 2941 1,

235 2948 351 3012 abillo
376 2948 495 3012 omnino
521 2949 639 3029 aliquas
662 2949 847 3011 radiationes
871 2950 902 3011 in
927 2950 1085 3029 sphaeram
1114 2968 1290 3010 concurrere
1319 2969 1385 3011 curu
1411 2971 1478 3014 axe.
1525 2954 1611 3016 Pri-.

234 3057 326 3112 mum,
354 3036 426 3117 quia
447 3038 502 3113 IH,
529 3036 586 3101 GL
618 3045 750 3119 tangunt
780 3037 941 3113 circulum,
976 3038 1187 3118 esterg01H
1220 3037 1350 3100 radiatio
1382 3040 1596 3118 horizontalis3

234 3149 293 3210 qua
320 3126 494 3189 inclinatior
517 3147 555 3189 ex
578 3128 594 3190 Ι
617 3147 676 3190 non
700 3135 804 3207 petest
827 3128 908 3189 exire
933 3128 962 3189 in
987 3128 1157 3208 sphaeram.
1196 3126 1238 3188 Et
1261 3128 1331 3207 quia
1352 3126 1409 3191 GL
1433 3132 1597 3210 parallelus

233 3225 281 3279 est
304 3216 346 3277 ad
369 3217 436 3291 FA,
462 3236 520 3278 non
540 3226 698 3279 concurret
719 3217 812 3297 igitur
830 3217 905 3278 haec
929 3216 1035 3277 ultima

233 3305 367 3369 radiatio
399 3305 542 3385 punctil
572 3325 639 3368 cum
671 3326 739 3368 ane.
787 3307 942 3367 Educatur
970 3306 1034 3385 jam

234 3394 294 3458 alia
313 3395 384 3455 exI
407 3394 437 3455 in
455 3402 597 3474 punctum
621 3396 879 3459 circumferentiae
897 3396 1031 3475 propius,

234 3484 312 3565 quod
336 3483 380 3545 sit
403 3481 444 3556 G,
473 3492 506 3545 et
531 3502 586 3563 per
611 3484 662 3548 10.
695 3485 783 3564 hujus
817 3485 926 3564 capitis
957 3503 1031 3546 con-

233 3591 370 3645 versam,
405 3572 433 3633 in
468 3571 492 3634 C
525 3579 637 3653 puncto
670 3583 754 3636 recta
788 3573 840 3637 CB
873 3574 916 3635 sic
948 3581 1032 3633 secet

233 3662 405 3742 sphaeram,
430 3668 464 3722 ut
486 3662 525 3722 ad
550 3663 626 3725 hunc
649 3662 852 3725 inclinationis
880 3662 1032 3724 modulum

235 3748 317 3814 cBa
349 3750 570 3813 accommodati
605 3752 744 3831 utrinqne
779 3752 880 3832 anguli
914 3751 1031 3812 refrac-

234 3840 349 3903 tionum
381 3858 435 3901 seu
472 3858 573 3901 eorum
611 3843 830 3922 complementa
862 3841 900 3902 ad
938 3839 1030 3901 serni-

234 3927 375 3992 circulum
400 3925 499 4004 CBK,
529 3927 611 3991 Bes*
638 3930 752 3993 faciant
773 3931 830 3992 ΒΚ
854 3930 1032 4011 parallelum

235 4016 372 4081 incedere
407 4036 473 4079 eum
502 4018 598 4082 FAD.
645 4020 728 4082 Talis
761 4020 839 4083 enim
873 4017 1031 4098 dispositio

234 4126 299 4170 esse
323 4114 431 4188 potest
453 4108 532 4186 apud
557 4110 752 4190 quodcunque
775 4117 927 4189 punctum.
971 4106 1029 4180 Sit,

234 4196 364 4278 inquam,
390 4195 463 4258 talis
487 4196 656 4277 dispositio.
701 4200 783 4279 Ergo
807 4216 860 4278 pet
883 4195 914 4261 9.
938 4215 1029 4275 prae-

235 4285 359 4348 missam
383 4283 437 4348 ΟΡ
458 4285 646 4348 secabitDF
669 4286 697 4348 in
717 4289 742 4349 F
765 4287 915 4349 remotiori
940 4304 1029 4366 quam

1256 3277 1310 3342 rig.
1331 3276 1373 3327 79.

234 4374 284 4450 ΗΙ,
307 4386 474 4454 prepterea
497 4375 575 4455 quod
599 4377 750 4454 posuimus
770 4375 795 4438 C
819 4377 942 4456 propius
962 4394 1029 4436 esse

233 4463 473 4544 perpendiculari
496 4463 553 4527 ΡΑ
576 4484 664 4544 qnam
687 4466 725 4540 H,
749 4466 827 4528 unde
851 4474 884 4527 et
906 4464 932 4525 B
955 4482 1027 4544 pro-

233 4552 298 4632 pius
323 4560 392 4616 erat
415 4573 504 4634 qnam
529 4551 568 4615 G.
602 4555 631 4617 A
656 4555 770 4616 dnobus
794 4554 886 4634 igitur
908 4554 1028 4633 punctis

233 4642 262 4704 in
285 4649 372 4719 aere,
397 4662 473 4725 quas
497 4650 567 4705 sunt
589 4645 615 4705 F
637 4652 669 4706 et
691 4645 719 4720 I,
749 4645 778 4706 in
807 4646 885 4706 idem
914 4661 1027 4724 aqueae

234 4731 382 4811 sphaerae
409 4741 552 4813 punctum
580 4732 714 4796 existunt
741 4733 927 4797 radiationes
951 4734 1027 4795 duae

233 4819 283 4885 FC
313 4829 348 4884 et
376 4820 437 4896 10,
472 4842 564 4905 quare
595 4842 649 4904 per
684 4820 733 4885 12.
767 4824 966 4904 praemissam
995 4826 1029 4886 fit

234 4912 328 4974 sectio
358 4911 513 4976 radiorum
536 4913 564 4975 in
590 4910 625 4977 C.
672 4914 714 4975 Et
743 4914 792 4994 qni
820 4915 876 4977 fuit
903 4913 1027 4975 interior

234 5000 275 5066 lc
298 5011 371 5084 post
402 5002 612 5065 refractionem
641 5011 673 5064 et
703 5004 868 5066 sectionem
890 5004 920 5064 in
945 5000 970 5065 G
994 5004 1027 5064 lit
