3692 5842
250 442 316 510 320
745 446 917 497 Aauonomtae
935 445 997 496 Para
1015 442 1115 510 ossea

250 623 304 684 sed
329 622 482 683 rarissime
506 621 644 682 adhunc
674 622 813 683 effectum
843 643 936 704 usqne
960 624 987 686 is
1010 624 1152 702 progredi
1180 624 1288 705 possit.
1333 623 1380 685 At
1401 623 1498 685 multo
1531 622 1611 684 malo

250 712 331 773 illam
357 711 519 790 penultimo
544 711 609 772 loco
634 713 757 771 allatam
782 732 904 775 causam
928 714 1044 788 valere,
1070 713 1147 775 hanc
1171 731 1243 775 vero
1266 732 1325 774 non
1348 711 1378 772 in
1402 731 1460 775 usn
1482 710 1610 787 versari,

250 801 304 861 sed
328 802 356 862 iu
381 801 564 880 promtuario
589 793 762 875 extare.⁸⁰)

484 939 513 1003 4.
562 920 775 1005 Corollaria
798 944 941 1022 aliquot
964 945 1005 1004 de
1030 942 1131 1005 Solis
1155 943 1372 1023 eclipsibus.

338 1066 381 1127 Ut
404 1067 495 1145 igitur
519 1067 574 1126 hoc
599 1077 690 1146 caput
713 1086 771 1128 non
796 1068 860 1128 sine
885 1068 1007 1130 foenore
1035 1068 1185 1142 finiamus,
1216 1086 1255 1129 ex
1278 1065 1465 1129 antedictis
1489 1066 1609 1145 regulas

249 1156 340 1215 hasce
364 1156 542 1217 notabimus.

341 1242 368 1305 1.
395 1242 638 1325 Quotiescunque
661 1245 784 1324 eclipsis
805 1245 906 1324 aliqua
922 1244 1004 1307 Solis
1020 1246 1057 1306 de
1077 1238 1126 1307 die
1148 1246 1291 1308 tenebras
1314 1243 1471 1307 nocturnis
1496 1243 1607 1305 similes

249 1333 350 1395 Terris
375 1335 509 1409 otluudit,
536 1343 631 1395 totum
656 1333 758 1396 Solem
783 1354 801 1394 a
824 1334 911 1395 Luna
935 1335 1145 1397 absconditum
1170 1337 1262 1397 fuisse
1286 1344 1401 1397 certum
1426 1342 1486 1396 est.

337 1420 366 1484 2.
393 1424 437 1483 At
461 1443 518 1484 nou
539 1424 606 1484 ideo
631 1423 773 1485 tenebras
794 1423 910 1486 futuras
934 1424 1090 1504 praedicet
1113 1426 1295 1504 astrologus,
1321 1424 1379 1484 etsi
1393 1430 1494 1485 totum
1509 1421 1607 1484 Solem

248 1519 361 1573 tectum
386 1511 421 1572 iri
445 1513 537 1587 videt,
563 1514 619 1574 nisi
644 1522 675 1573 et
689 1512 776 1573 Luna
799 1515 942 1593 perigaeo
965 1514 1073 1590 vicina,
1100 1521 1200 1576 etaer
1221 1532 1312 1594 purus
1337 1511 1437 1575 fuerit.
1478 1509 1608 1574 Causam

253 1600 340 1680 hujus
364 1600 407 1662 rei
430 1601 524 1663 habes
548 1622 639 1681 supra
662 1621 727 1680 cap.
756 1601 811 1674 VI,
835 1603 908 1665 liro.
939 1603 988 1664 11.

338 1688 368 1751 3.
393 1691 499 1771 b'eque
515 1692 607 1752 etiam
623 1691 768 1771 sequitur,
795 1691 820 1751 si
836 1692 944 1752 stellae
965 1691 1169 1772 appamerint,
1194 1693 1322 1755 totalem
1337 1691 1431 1753 fuisse
1446 1691 1604 1753 delectum.

249 1779 328 1840 Nam
353 1799 371 1838 a
394 1780 495 1841 multis
519 1780 698 1860 partialibus
722 1780 829 1841 stellas
853 1782 991 1843 detectas
1018 1781 1153 1859 legimus.

336 1864 367 1930 4.
392 1870 437 1929 At
459 1869 515 1930 hoc
533 1879 583 1931 sat
606 1879 731 1944 certum,
756 1868 782 1929 si
797 1872 903 1932 totalis
928 1870 1050 1949 eclipsis
1065 1870 1150 1932 coelo
1174 1889 1281 1932 sereno
1305 1870 1407 1932 futura
1426 1868 1479 1944 sit,
1505 1867 1604 1931 stellas

248 1957 400 2018 detectum
425 1957 470 2018 iri.

337 2045 367 2108 5.
397 2048 568 2108 Matutinae
588 2049 717 2127 eclipses
734 2068 852 2129 semper
867 2050 905 2109 ad
925 2048 1068 2109 tenebras
1084 2057 1154 2110 sunt
1172 2047 1368 2128 procliviores
1384 2058 1457 2111 ante
1472 2050 1602 2120 medinm,

246 2137 438 2214 vespertinae
462 2146 533 2217 post
557 2138 701 2209 medium,
730 2137 800 2198 illae
825 2139 943 2218 quidem
968 2139 997 2199 in
1022 2138 1100 2199 nodo
1125 2146 1157 2199 et
1184 2137 1371 2199 semicirculo
1405 2139 1524 2201 zodiaci
1556 2140 1602 2200 de·

250 2225 480 2300 scendentibus‚
504 2227 562 2287 hae
587 2227 616 2286 in
648 2227 725 2286 uodo
750 2236 780 2287 et
809 2227 995 2289 semicirculo
1020 2227 1262 2289 ascendentibus.
1307 2227 1503 2307 Extiugnunt
1534 2228 1602 2289 enin

248 2332 315 2374 earn
340 2316 419 2376 atris
444 2337 463 2375 a
486 2315 557 2377 Sole
586 2315 731 2377 illustrati
758 2317 941 2395 portionem,
971 2335 1048 2396 qnae
1072 2336 1164 2397 supra
1192 2317 1294 2395 capita
1321 2324 1430 2380 nostra
1453 2318 1602 2400 plurimun

247 2403 333 2464 nobis
359 2404 433 2465 lucis
457 2404 559 2467 infert.

338 2489 369 2552 b'.
408 2492 500 2555 Color
523 2512 593 2556 vero
624 2493 712 2554 rebus
744 2501 877 2557 mutatur
909 2513 969 2556 non
1001 2504 1064 2555 tam
1098 2494 1137 2555 ab
1168 2492 1331 2572 eclipsibus
1361 2493 1599 2566 horizontalibua

248 2599 336 2659 quam
361 2602 380 2644 a
403 2583 608 2656 verticalibus,
634 2582 770 2654 aestivis,
795 2585 879 2644 coelo
904 2584 1108 2645 serenissimo.
1149 2580 1216 2653 Quo
1241 2583 1351 2645 clarior
1374 2584 1455 2646 enirn
1475 2596 1527 2649 est
1549 2593 1600 2658 aer,

247 2669 303 2730 hoc
328 2670 435 2732 fortius
461 2672 633 2733 obscuratio
664 2672 740 2733 lucis
764 2672 866 2733 subita
890 2673 1015 2734 incurrit
1043 2674 1160 2745 oculos,
1193 2679 1298 2751 utpote
1327 2673 1450 2736 fortiter
1480 2677 1601 2739 imbutos

248 2768 349 2832 antea,
375 2770 405 2822 et
430 2761 523 2822 fortes
548 2762 623 2822 lucis
643 2761 761 2841 species
785 2762 962 2822 retinentes.
1001 2760 1118 2824 Contra
1136 2761 1161 2823 si
1184 2760 1305 2841 pluviae
1337 2763 1473 2825 nubesve
1498 2766 1600 2828 coelun

249 2848 422 2923 obtineant,
461 2850 734 2930 obscuritatemque
768 2857 859 2910 antea
893 2851 1021 2926 faciant,
1063 2850 1134 2911 nihil
1168 2849 1299 2911 insolens
1336 2862 1477 2915 occurret
1509 2854 1600 2926 oculis,

249 2937 308 2997 etsi
331 2939 474 3000 tenebrae
499 2960 552 3020 per
577 2940 701 3020 eclipsin
727 2948 903 3018 augeantur.
950 2941 1001 3002 Ita
1025 2960 1103 3001 anno
1131 2935 1224 3002 1590.
1248 2934 1356 3022 21131.
1380 2938 1456 3003 Julii
1491 2942 1599 3023 eclipsis

248 3024 276 3084 in
302 3024 414 3087 Suevia
438 3030 620 3090 messoribus
646 3030 756 3089 flavum
779 3027 908 3108 undique
938 3030 1082 3098 colorem,
1116 3028 1146 3090 in
1170 3026 1275 3109 Styria
1298 3028 1459 3092 rubentem
1483 3032 1598 3113 objeclt;

247 3132 323 3193 quae
348 3116 423 3177 adeo
448 3138 558 3198 magna
582 3137 639 3178 non
666 3118 730 3179 tuit.
777 3120 822 3178 At
845 3118 939 3180 multo
963 3118 1020 3179 hac
1044 3119 1141 3197 major
1164 3136 1242 3177 anno
1269 3113 1363 3181 1598.
1388 3114 1441 3183 25.
1464 3121 1538 3183 Feb.
1559 3119 1598 3180 vel

248 3202 277 3265 7.
295 3204 408 3280 Martii,
435 3208 519 3267 coelo
535 3208 664 3280 turbido,
690 3205 801 3286 pluvio,
828 3205 971 3287 hybeino,
988 3206 1059 3269 Sole
1078 3206 1244 3280 humiliore,
1269 3206 1381 3268 nullam
1397 3208 1434 3269 de
1460 3210 1597 3273 coloribus

247 3294 400 3372 querelam
425 3296 589 3371 excitavit3
615 3298 672 3357 etsi
698 3296 756 3357 diei
781 3296 877 3355 lucem
901 3297 940 3356 ad
964 3298 1166 3377 vespertinam
1197 3295 1414 3358 obscuritatem
1437 3299 1595 3361 inclinaret.

336 3382 365 3445 7.
391 3385 507 3446 Multae
532 3405 590 3447 non
614 3387 703 3466 plane
735 3384 847 3445 totales
871 3394 959 3460 sunt,
989 3405 1065 3466 quae
1093 3386 1235 3466 maj0rem
1264 3384 1483 3451 obscuritatem
1507 3388 1594 3449 Terris

246 3470 403 3546 inducant,
433 3494 520 3554 quam
550 3476 662 3536 totales
686 3475 772 3535 Luna
800 3493 938 3554 apogaea
961 3476 1007 3534 vel
1039 3481 1108 3537 aere
1133 3474 1332 3554 splendente:
1364 3475 1435 3554 quia
1459 3477 1513 3540 Sol
1534 3484 1593 3556 post

245 3560 361 3623 Lunam
394 3581 560 3643 apogaeam
592 3563 784 3625 circumcirca
812 3582 870 3623 uon
902 3562 1050 3643 profunde
1084 3564 1170 3625 latet.
1216 3565 1262 3624 At
1285 3563 1311 3624 si
1335 3561 1388 3625 Sol
1418 3565 1501 3628 circa
1522 3564 1590 3626 luori-

244 3661 361 3711 zontem
386 3674 404 3711 a
427 3653 515 3714 Luna
538 3654 627 3733 paulo
661 3652 813 3731 superiore
837 3671 914 3732 pene
946 3661 1028 3713 totus
1062 3659 1200 3732 tegatur,
1234 3652 1313 3713 inira
1335 3659 1438 3716 tamen
1471 3651 1588 3717 nonnihil

244 3740 424 3816 prominens,
450 3747 502 3803 abr
526 3761 616 3821 supra
640 3742 743 3820 capita
766 3751 871 3802 nostra
895 3761 952 3821 quo
977 3743 1066 3802 altior
1085 3743 1141 3802 lroc
1165 3741 1262 3820 magis
1286 3748 1412 3821 aspectu
1433 3742 1513 3806 Solis
1534 3740 1585 3824 prl-

244 3834 349 3889 vatur:
374 3837 408 3890 ut
430 3829 475 3891 ita
497 3850 580 3892 mera
603 3851 662 3892 nox
686 3850 738 3892 seu
762 3832 868 3892 umbra
891 3831 995 3892 Lunae
1019 3831 1170 3911 capitibus
1195 3828 1307 3892 uostris
1331 3829 1465 3910 ingmat.

372 3966 402 4033 5.
450 3972 502 4033 De
530 3973 754 4052 reliquorum
782 3971 945 4034 sidorum
972 3970 1297 4035 occultatiouibus
1326 3973 1474 4038 mutuis.

333 4094 428 4156 Tenui
451 4095 585 4174 quidem,
614 4096 669 4156 sed
694 4103 795 4157 tamen
819 4096 918 4176 aliquo
944 4115 1022 4157 nexu
1052 4096 1195 4159 cohaeret
1217 4095 1293 4157 haec
1321 4114 1439 4178 quoque
1463 4097 1578 4161 conside-

244 4181 322 4243 ratio
354 4181 435 4244 Solis
466 4194 497 4245 et
520 4186 624 4246 Lunae
649 4184 821 4262 eclipsibus.

332 4272 480 4347 Primum,
515 4284 550 4336 ut
578 4274 669 4335 stella
702 4274 802 4353 aliqua
826 4292 860 4334 eo
884 4273 973 4334 modo
1007 4272 1144 4347 deficiat,
1169 4292 1226 4353 quo
1249 4273 1354 4348 Luna,
1388 4293 1510 4339 necesso
1535 4277 1575 4343 etl

243 4359 326 4421 illam
350 4362 470 4441 proprio
495 4363 603 4424 lumine
637 4381 755 4433 carere,
789 4363 867 4443 quod
896 4381 990 4442 supra
1018 4381 1084 4442 cap.
1108 4361 1164 4436 VI,
1189 4362 1262 4424 Nro.
1289 4359 1340 4424 12.
1374 4372 1513 4444 negatum
1534 4368 1575 4424 est.

243 4445 277 4509 Si
301 4457 400 4511 tamen
430 4451 485 4512 hoc
519 4453 715 4526 coucedatur,
746 4451 898 4513 videbitur
929 4452 1019 4514 stella
1049 4451 1159 4513 Martis
1186 4470 1245 4512 non
1278 4450 1398 4513 omniuo
1432 4453 1574 4535 suspicione

242 4536 347 4613 libera,
373 4539 451 4619 quod
475 4539 505 4600 in
529 4542 662 4602 umbram
687 4541 798 4602 Terrae
821 4542 963 4602 incurrat.
1008 4540 1087 4602 Nam
1112 4540 1149 4600 de
1176 4540 1300 4602 umbrae
1323 4539 1475 4604 Terrenae
1497 4536 1573 4619 loup‘·

243 4625 345 4687 tudine
371 4637 403 4688 et
425 4626 584 4689 latitudine
601 4627 742 4710 Solisque
765 4630 916 4709 parallaxi
932 4630 958 4690 si
979 4629 1179 4708 quantitatem
1203 4636 1333 4708 spectes,
1360 4629 1571 4693 timidarum

242 4733 312 4774 num
336 4715 441 4777 existit
464 4719 656 4780 consultatio.
701 4715 834 4798 Cumque
849 4718 979 4781 Lunaris
1003 4718 1125 4780 umbrae
1145 4736 1245 4780 mucro
1268 4718 1570 4797 praeciosiorem

241 4800 372 4878 incidat,
407 4815 641 4868 consentaneum
664 4806 796 4882 videtur,
831 4815 864 4869 ut
887 4806 1038 4869 Veneriae
1061 4807 1184 4868 umbrae
1214 4825 1315 4868 mucro
1338 4807 1368 4869 in
1392 4808 1506 4871 Lunam
1525 4797 1570 4870 Seli

241 4892 417 4969 proximam,
442 4895 632 4957 Mercurialis
656 4894 685 4957 in
701 4895 852 4958 Venerem
877 4896 1014 4973 desinat3
1037 4896 1082 4960 uti
1103 4913 1193 4976 porro
1213 4895 1380 4958 Terrestris
1403 4895 1434 4960 in
1455 4896 1569 4963 Martem»

241 4976 372 5044 Martias
396 4982 428 5044 in
449 4982 567 5061 Jovoru,
592 4993 624 5046 et
646 4983 735 5064 hujus
758 4982 788 5047 in
812 4985 987 5048 Saturnum.
