3692 5842
744 490 825 555 cepa
842 490 917 542 xxx.
1382 432 1384 437 ¹
1432 492 1506 562 ω

154 670 247 733 fldem
265 668 408 746 naneti,
434 687 523 751 quarn
551 688 628 732 uuus
658 669 767 752 aliquis
791 687 828 731 ex
855 668 990 751 ipsorum
1017 668 1117 730 medio
1139 677 1175 732 ut
1195 669 1425 734 instrumentum
1447 672 1506 734 Dei

154 759 198 823 sit
217 767 442 842 procuraturus
490 758 574 821 Gens
599 758 677 820 enim
701 758 948 820 numerosissima
970 764 1031 836 est,
1057 758 1187 840 quaein
1211 777 1326 821 summo
1354 767 1506 825 contemtu

154 867 224 912 sese
246 857 347 912 tamen
375 854 539 930 propagat,
572 867 649 930 quae
671 866 725 929 per
750 847 888 910 infinitas
918 847 1145 930 persecutiones
1177 848 1276 909 locum
1304 855 1404 912 amen
1426 850 1505 911 inter
1618 850 1624 865 '

136 945 263 1021 'gentes
294 939 411 1002 invenit
438 935 612 1007 habitandi,
646 936 733 1019 idque
763 936 868 1018 procul
899 936 989 998 dubio
1014 955 1052 998 ex
1075 936 1274 1018 dispositione
1307 936 1427 1013 diviua,
1456 940 1506 1020 qui

152 1045 260 1109 regum
291 1028 384 1090 corda
413 1025 517 1107 dirigit
538 1033 572 1088 ut
594 1025 669 1088 vult.
715 1027 757 1089 Et
777 1026 858 1107 quod
886 1018 994 1088 summi
1024 1025 1160 1087 miraculi
1192 1025 1258 1088 loco
1292 1034 1358 1102 est,
1391 1028 1506 1090 nostris

152 1116 231 1180 vivit
253 1114 438 1180 laboribus
430 1134 499 1197 rpsa
514 1116 623 1177 otiosa.
659 1115 752 1195 Eripe
777 1134 815 1176 ex
832 1114 1073 1178 Christianorum
1088 1114 1153 1176 vita
1171 1114 1340 1191 avaritiam,
1364 1115 1505 1179 inhuma-

151 1205 300 1281 nitatem,
330 1206 500 1286 neglectum
528 1203 676 1284 proximi,
707 1206 836 1280 fastum,
866 1204 1101 1287 pompositatem
1124 1204 1155 1268 in
1178 1204 1311 1280 vestitu,
1343 1204 1503 1268 libidines:

150 1295 308 1370 Iudaeos,
340 1301 375 1358 ut
402 1312 480 1356 nunc
512 1293 632 1375 quidem
654 1294 775 1370 vivunt,
806 1312 944 1355 ererum
973 1302 1082 1355 natura
1112 1294 1246 1356 funditus
1276 1294 1503 1375 exstirpaveris.

150 1385 262 1467 Itaque
285 1403 335 1446 res
358 1384 427 1464 ipsa
450 1383 570 1457 clamat,
594 1390 717 1462 gentem
739 1383 817 1445 hauc
839 1382 1001 1445 etiamnum
1024 1382 1145 1444 hodie'
1137 1403 1167 1443 ιιι
1182 1391 1268 1463 parte
1293 1401 1360 1445 esse
1384 1383 1504 1447 divinae

148 1472 381 1556 providentiae:
406 1492 464 1553 qua
485 1472 602 1534 iactum
611 1480 654 1549 ut,
678 1492 744 1534 cum
768 1491 871 1534 omues
894 1471 1032 1533 nationes
1055 1471 1184 1533 invicem
1212 1472 1354 1534 confusae
1378 1480 1409 1535 et
1430 1493 1503 1555 per-

147 1562 268 1628 mixtae
291 1563 361 1637 sint,
386 1561 472 1637 adeo,
496 1570 530 1622 ut
543 1579 786 1641 paucrssrmae
767 1561 900 1622 familiae
924 1560 1069 1640 originem
1092 1581 1111 1620 a
1129 1554 1288 1623 millesimo
1311 1581 1390 1632 auno
1407 1581 1503 1665 'repe-

147 1660 231 1730 taut,
255 1652 313 1715 soli
334 1651 446 1714 Iudaei
467 1659 593 1725 restent,
618 1670 743 1732 quorum
765 1650 876 1712 notitia
898 1650 1008 1712 mundo
1031 1668 1146 1711 coaeva
1170 1650 1219 1712 sit
1259 1651 1364 1733 Itaque
1388 1652 1415 1712 si
1438 1651 1506 1734 quis

136 1750 201 1806 'est
228 1742 443 1822 interpretum,
474 1740 524 1822 qui
556 1739 715 1802 locum-D.
739 1738 828 1804 Pauli
859 1739 1023 1819 allegatum
1052 1738 1142 1801 aliter
1170 1740 1247 1801 forte
1278 1738 1448 1817 intellexit,
1477 1739 1505 1803 is

146 1839 255 1920 tamen
278 1839 421 1894 venturae
445 1829 602 1910 experient
603 1829 649 1891 iae
589 1829 740 1891 tuihil
755 1828 933 1909 derogatum
946 1829 1052 1905 voluit,
1076 1847 1189 1890 memor
1204 1829 1356 1909 generalis
1371 1829 1504 1911 regulae,

102 1955 105 1962 ·
145 1940 230 2005 quaa
253 1929 393 1997 eventum
415 1918 625 1981 vaticiniorum
647 1919 807 1998 genuinum
836 1919 944 1980 statuit
970 1917 1174 1999 interpretem.
1223 1919 1387 2000 comparet
1409 1919 1505 1981 lector

144 2010 287 2094 phrasim
309 2011 347 2071 D.
372 2008 474 2072 Pauli:
503 2017 648 2083 ,Caecitas
670 2037 707 2072 ex
720 2026 802 2088 parte
823 2018 963 2091 contigit'
955 2036 983 2072 ιιι
997 2019 1093 2083 lsrael,
1116 2020 1203 2072 donec
1215 2019 1358 2088 plenitudo
1378 2019 1505 2091 gentium

146 2113 272 2187 ιισειιῃ,
295 2115 325 2162 et
345 2110 384 2163 rte
404 2108 490 2163 omnir
512 2108 599 2162 lsrael
619 2108 801 2178 σιιιησειιιι.α
851 2097 1054 2178 Comparet
1046 2117 1166 2178 mquam
1196 2097 1270 2160 haec
1303 2116 1370 2159 cum
1399 2098 1504 2178 phrasi

147 2188 269 2255 Christi
292 2190 393 2250 Lucae
417 2187 469 2263 21,
493 2208 522 2248 v.
545 2184 597 2250 24.
629 2199 683 2260 „Et
697 2198 853 2253 Jerusalem
874 2197 1030 2251 calcabitur
1043 2214 1062 2252 a
1075 2197 1215 2268 gentibus,
1236 2199 1323 2253 donec
1336 2198 1504 2269 ιιιιριοιιιιιιιι

145 2294 279 2361 &mpura
298 2286 464 2343 nabouum“
490 2316 525 2326 -
560 2278 682 2339 Ducunt
704 2285 805 2339 autem
827 2296 883 2339 uos
907 2276 1032 2339 eaedem
1055 2275 1334 2339 verisimilitudines
1357 2276 1388 2339 iu
1411 2299 1505 2340 causa

143 2368 353 2443 Judaeorum,
387 2384 462 2447 quae
492 2366 575 2447 prius
608 2366 639 2428 iu
671 2387 763 2428 causa
795 2367 969 2428 Turcarum.
1021 2365 1111 2427 Dixit
1139 2365 1212 2427 mihi
1245 2366 1350 2430 doctus
1384 2368 1503 2450 quidam

144 2458 318 2532 Hebraeus,
342 2456 515 2517 exclamans
539 2455 650 2517 altum:
684 2466 789 2530 ,Hodie
810 2482 859 2520 uos
880 2466 975 2520 multis
1003 2465 1123 2520 millibus
1149 2464 1305 2521 milliarium
1330 2467 1445 2538 propius
1468 2469 1503 2524 ad

143 2574 199 2614 noa
221 2543 376 2612 maistre
398 2571 479 2627 quam
500 2554 618 2624 majores
643 2555 757 2610 vertrif
796 2545 946 2608 Nimirum
965 2553 999 2608 ut
1017 2552 1065 2606 est
1086 2563 1162 2624 gens
1185 2545 1333 2608 virulento
1356 2554 1388 2607 et
1402 2545 1502 2609 culmo

144 2644 182 2699 et
204 2636 308 2717 lingua
331 2643 363 2697 et
385 2634 601 2697 calumniarum
625 2636 772 2708 studiosa,
788 2634 902 2698 Christ
880 2634 972 2696 hunis
996 2635 1107 2696 multas
1130 2634 1335 2716 blasphemias
1357 2635 1500 2699 tribuunt

142 2727 256 2809 Itaque
279 2733 311 2786 ct
332 2725 391 2786 boc
422 2723 557 2786 occultae
580 2723 639 2786 Dei
660 2724 868 2807 prouidentiae
891 2722 1170 2786 transscribendum
1196 2725 1390 2807 puto,‚quod
1412 2724 1502 2788 hodie

142 2814 245 2880 tantis
269 2833 336 2878 cum
358 2814 527 2876 fervoribus
549 2813 664 2895 passim
688 2812 863 2876 occasiones
885 2814 1012 2877 Judaeis
1036 2813 1251 2876 calumniarum
1273 2812 1499 2895 praeciduntur.

142 2905 240 2969 Alius
264 2903 385 2984 quidam
399 2902 535 2965 Judaeus
558 2902 631 2964 mihi
655 2902 742 2978 dixit,
766 2904 797 2964 iu
813 2903 953 2965 confesso
977 2922 1045 2965 esse
1070 2903 1149 2984 apud
1172 2902 1265 2984 ipsos,
1289 2902 1327 2965 ab
1347 2904 1435 2966 aunis
1458 2901 1502 2970 80
1526 2923 1530 2927 ·

145 3013 183 3058 se
206 2991 397 3055 tolerabilius
421 2993 547 3054 tractari
570 2992 748 3072 agentibus
771 3012 860 3073 quam
879 2993 960 3054 olim.
997 2994 1041 3055 Et
1062 2992 1218 3055 celebrant
1240 2992 1393 3055 decretum
1408 2993 1502 3077 Soly-

144 3081 252 3148 manni
283 3084 448 3143 'lurcamm
477 3081 685 3161 imperatoris,
715 3081 766 3163 qui
796 3101 873 3144 anuo
907 3078 1001 3145 1540.
1036 3082 1165 3163 jusserit
1202 3082 1365 3144 instaurari
1400 3101 1501 3146 muros

144 3171 410 3253 Jcrosolymorum
434 3178 465 3232 et
487 3191 582 3252 aquas
604 3190 659 3251 per
677 3171 766 3233 tubos
790 3171 897 3233 deduci
920 3172 951 3232 in
966 3172 1129 3233 civitatem.
1147 3204 1187 3214 -
1211 3174 1246 3234 Iu
1264 3191 1374 3252 genere
1398 3192 1501 3236 omues

143 3253 413 3346 hodieruas'lnter
435 3259 625 3324 Christianos
649 3260 779 3322 usitatas
802 3261 1012 3322 contentiones
1035 3271 1067 3323 et
1089 3262 1288 3325 differentiam
1311 3262 1443 3325 cultuum
1465 3281 1500 3326 eo

143 3368 275 3431 vergere
308 3350 430 3432 opinor,
460 3357 494 3411 ut
516 3369 554 3411 ex
585 3358 688 3411 mutua
717 3351 802 3412 ruina
831 3351 872 3411 sit
902 3351 1021 3413 occasio
1055 3352 1323 3413 convertendarum
1353 3351 1501 3414 dictarum

142 3439 300 3522 gentium,
341 3438 410 3502 binc
441 3438 597 3516 Indorum,
637 3438 705 3501 iude
736 3439 920 3503 Judaeorum
958 3447 990 3501 et
1019 3441 1193 3503 Ihrcamm.
1253 3440 1405 3512 Quorsum
1440 3460 1501 3503 non

141 3528 335 3594 incommode
358 3528 484 3604 referas,
507 3546 582 3610 quae
607 3528 643 3589 de
666 3529 808 3590 Indorum
831 3528 983 3591 idololat
946 3537 1005 3591 trra
1033 3530 1154 3612 ejusque
1182 3530 1324 3592 remediis
1346 3531 1499 3612 Josephus

142 3640 182 3684 a
180 3617 288 3683 Costa
311 3616 362 3680 ιιιι.
387 3618 427 3679 V
451 3619 488 3680 de
510 3617 701 3698 procuranda
722 3607 864 3680 Indorum
887 3617 1017 3681 salute
1009 3639 1040 3681 ιιι
1062 3620 1140 3681 hunc
1163 3619 1282 3682 modum
1305 3620 1496 3702 perscripsit:

92 3753 94 3758 ·
144 3707 225 3789 Gap.
249 3707 304 3770 IX
346 3717 446 3772 Nescio
471 3719 609 3789 equidem,
636 3716 735 3788 quihus
761 3718 852 3772 uerbis
879 3718 1045 3791 significem:
1071 3725 1205 3773 nontam
1228 3719 1347 3773 imbutos
1369 3738 1450 3792 quam
1469 3720 1499 3776 iu

141 3797 334 3854 idololatriam
354 3798 465 3867 penitus
486 3799 719 3854 hanaformatos'
711 3807 826 3853 ustorum
839 3799 954 3865 animos,
975 3806 1006 3854 ut
1021 3798 1151 3871 usquein
1165 3798 1221 3853 otio
1239 3817 1328 3871 neque
1342 3800 1371 3854 in
1384 3800 1498 3874 negotio

140 3896 237 3974 neque
257 3878 468 3949 inpublicare
494 3897 582 3951 neque
603 3879 632 3934 iu
655 3880 768 3949 priuata
797 3879 942 3960 quicquam
971 3885 1124 3951 peragant,
1152 3879 1205 3934 nisi
1226 3880 1358 3936 idolorum
1388 3899 1498 3937 suorum

139 3960 225 4033 prius
244 3958 444 4029 superstitione
465 3959 599 4013 adhibita
629 3960 691 4014 Nou
712 3961 842 4016 laetari
835 3980 863 4015 ιιι
877 3961 989 4031 nuptiis,
1011 3978 1066 4015 nou
1079 3961 1178 4032 lugere
1198 3960 1288 4026 fuurrs¹
1310 3979 1365 4016 uon
1385 3965 1497 4033 epulum

138 4040 283 4114 praebere
304 4047 354 4094 aut
382 4039 520 4109 accipere,
551 4058 607 4094 nou
631 4040 748 4111 denique
773 4046 824 4095 aut
848 4043 947 4112 pedem
975 4042 1072 4095 efferre
1101 4039 1180 4095 domo
1206 4048 1257 4096 aut
1282 4042 1359 4112 operi
1387 4060 1519 4100 manum.

139 4123 293 4178 admovere
314 4120 372 4174 sine
387 4119 535 4193 sacrilegio
555 4119 663 4191 gentili.
695 4122 785 4192 Usque
799 4123 868 4175 adeo
883 4122 1009 4182 diabolus
1030 4139 1177 4192 oppressos
1199 4129 1277 4177 tenet
1290 4140 1384 4179 eorum
1398 4141 1495 4180 sensus

134 4201 282 4258 servitute
311 4200 470 4256 miserrima.
514 4201 623 4263 Quanto
647 4217 713 4254 reto
743 4201 859 4255 artificio
880 4203 937 4256 ista
962 4203 1054 4257 omnia
1082 4204 1173 4257 celent
1201 4210 1284 4274 atque
1314 4204 1494 4271 dissImulent,

138 4297 208 4339 omn
227 4279 338 4353 publice
360 4297 446 4352 agere
465 4281 541 4335 baud
561 4281 678 4335 liberum
698 4281 751 4335 sibi
774 4300 836 4335 essa
863 4283 1048 4378 perspiciunt,
1075 4292 1181 4354 quauta
1199 4300 1294 4338 rursus
1315 4284 1494 4355 impudentia,

137 4387 209 4427 cum
227 4369 312 4426 licere
333 4370 386 4426 sibi
405 4377 519 4441 putant,
547 4371 703 4437 insaniant,
728 4372 821 4427 mitari
847 4372 939 4442 potius
961 4390 1074 4443 possum
1096 4389 1177 4464 quam
1198 4373 1267 4428 satis
1288 4374 1387 4430 dicere.
1452 4365 1496 4428 Et

136 4448 307 4534 recensitis
328 4468 406 4532 pene
428 4449 552 4512 infinitis
583 4451 740 4532 speciebus
773 4451 925 4514 idololat'
887 4460 964 4513 triae
993 4453 1071 4514 iuter
1094 4451 1178 4555 ipsos
1209 4453 1359 4529 usitatae,
1390 4454 1491 4516 addit:

137 4548 216 4615 quot
244 4547 337 4595 autem
365 4540 549 4605 uictimarum,
581 4550 648 4613 quot
674 4542 846 4606 libaminum,
878 4550 981 4613 quanto
1012 4543 1225 4598 ceremoniarum
1256 4543 1349 4598 ordine
1378 4545 1493 4600 istorum

137 4620 266 4678 omnium
285 4623 389 4678 cultum
408 4631 640 4691 persequerentur
659 4623 790 4694 Iugerum
809 4640 953 4692 proceres,
982 4623 1115 4678 infinitum
1136 4633 1180 4679 est
1200 4624 1289 4678 dicere
1311 4622 1358 4682 dxc.
1400 4629 1442 4678 Ac
1461 4642 1493 4679 re

136 4704 210 4776 ipsa
228 4710 359 4774 certoque
379 4718 430 4756 usu
445 4703 620 4757 observatum
634 4709 686 4767 est,
708 4720 757 4757 eas
777 4704 904 4758 Indorum
924 4705 1050 4758 nationes
1070 4705 1165 4775 plures
1187 4722 1220 4759 ac
1233 4705 1375 4777 grammes
1396 4722 1492 4777 super·

137 4779 273 4840 annone·
294 4783 448 4838 dlabolicae
469 4783 570 4851 speciei
591 4784 721 4848 tenuisse,
743 4785 770 4838 in
792 4784 889 4855 quibus
909 4801 1007 4856 regum
1028 4801 1062 4839 ac
1081 4785 1150 4855 reip.
1171 4786 1289 4840 maxime
1314 4786 1443 4855 potentia
1462 4794 1493 4841 et

136 4872 248 4947 peritia
267 4872 403 4928 excelluit
422 4871 469 4927 tre.
512 4863 625 4925 Postea
649 4881 715 4924 cum
738 4882 803 4944 cap.
819 4863 860 4925 X.
878 4871 909 4924 et
922 4864 979 4926 XI.
1004 4864 1138 4927 remedia
1160 4868 1266 4926 contra
1288 4864 1492 4929 idololatriam

137 4952 309 5018 sumsisset
330 4952 528 5032 explicanda:
558 4952 712 5034 subjungit
732 4953 808 5014 haec
831 4953 959 5017 ultimo:
984 4964 1036 5019 Sed
1057 4964 1125 5018 illud
1146 4981 1316 5035 summopere
1343 4969 1492 5022 curandum

136 5053 205 5112 ert,
226 5050 260 5100 ιιι
277 5060 329 5116 pro
348 5044 439 5099 noxiis
465 5043 563 5099 ritibus
588 5046 728 5101 salutares
756 5044 965 5101 introducantur
992 5051 1022 5099 et
1041 5045 1200 5101 cemmoniis
1225 5046 1397 5104 ceremoniae
1421 5048 1491 5104 obli·
