3692 5842
692 481 805 547 spsna
822 481 994 534 nauseasse.
1466 477 1528 549 tat

165 653 295 728 lumine,
332 655 395 719 situ
418 664 450 717 et
472 665 555 720 motu
579 658 722 733 sidemm,
757 678 833 738 quae
857 660 1007 739 capitibus
1034 661 1086 733 Vl,
1112 660 1166 734 lX,
1191 660 1222 722 X
1245 681 1310 723 sum
1338 671 1532 741 persecutus:

166 743 252 805 Nam
276 752 450 807 etcertum
473 754 505 808 et
528 766 637 809 nonum
662 748 844 810 famulantur
867 748 1038 822 undecimo;
1062 750 1134 810 illud
1160 750 1197 809 ad
1214 751 1433 812 aestimandam
1459 751 1529 812 dia-

167 841 300 894 metrum
326 833 445 907 Lunae‚
469 835 525 896 hnc
549 837 588 897 ad
613 837 766 898 mirabiles
791 838 996 918 apparitiones
1020 838 1175 917 eclipsium
1199 847 1230 898 et
1253 840 1434 899 mutationes
1458 841 1529 920 pla·

165 940 276 1001 garum
298 920 491 1001 παραδοξους
514 927 614 1003 optice
639 927 898 989 demonstrandas.
938 925 1026 997 Quae
1051 927 1143 1005 igitur
1158 928 1194 988 de
1210 927 1256 987 his
1280 928 1408 989 residuis
1432 930 1528 989 tribus

166 1010 303 1072 sidemm
328 1012 484 1073 attributis
517 1015 595 1093 apud
629 1016 705 1076 alios
739 1016 850 1095 reperi,
885 1037 922 1075 ea
956 1028 1098 1096 quantum
1132 1016 1325 1094 patiebantur
1349 1017 1529 1095 amplificari

166 1100 324 1179 multoque
348 1100 656 1182 limatius-proposui.
703 1104 843 1182 Inprimis
876 1106 976 1183 capite
1000 1105 1055 1165 IX.
1089 1105 1256 1165 doctrinam
1290 1105 1328 1164 de
1358 1106 1529 1184 parallaxi-

167 1188 240 1261 bns,
267 1208 344 1267 qnae
369 1190 435 1250 sola
458 1193 551 1253 totius
576 1195 778 1253 astronomiae
796 1195 882 1273 longe
903 1202 952 1254 est
966 1193 1141 1254 difficillima
1156 1202 1188 1253 et
1203 1194 1427 1268 molestissima,
1453 1196 1529 1255 hanc

167 1277 293 1356 inquam
318 1279 503 1357 compendiis
527 1282 627 1360 adjuvi
654 1283 804 1342 facillimis
830 1283 931 1361 itaque
955 1283 1080 1355 excolui,
1106 1290 1140 1342 nt
1159 1300 1233 1360 pene
1258 1302 1335 1342 nova
1350 1284 1449 1362 possit
1471 1284 1529 1344 ba-

168 1365 234 1426 beri
259 1383 426 1446 novamque
450 1370 678 1447 parallaeticnm
702 1371 830 1445 condidi,
856 1390 932 1449 qnae
958 1369 1076 1450 quidem
1100 1372 1138 1430 ab
1163 1371 1219 1431 hac
1244 1371 1310 1450 ipsa
1333 1372 1528 1449 parallaxeon

169 1453 314 1516 doctrina
337 1474 444 1517 nomen
468 1457 575 1531 habet,
609 1459 662 1519 sed
696 1461 779 1538 cujus
814 1460 990 1521 latissimum
1023 1469 1055 1519 et
1078 1461 1167 1537 plane
1199 1460 1530 1539 compendiosissimam
1600 1487 1615 1502 ²

170 1563 259 1604 usum
283 1544 313 1604 in
338 1552 406 1606 tota
428 1546 544 1625 reliqua
567 1548 705 1609 doctrina
728 1549 925 1609 secundorum
942 1546 1093 1609 mobilium
1117 1566 1171 1609 suo
1195 1557 1343 1628 tempore,
1369 1550 1433 1610 Deo
1457 1568 1530 1629 per·

170 1632 330 1707 mittente,
354 1635 547 1712 patefaciam.
599 1654 603 1660 ·

262 1721 330 1782 Hoc
353 1722 456 1802 itaque
480 1725 618 1805 quiequid
643 1731 692 1784 est
715 1724 827 1786 laboris
850 1724 880 1785 in
904 1725 1054 1804 publicum
1070 1725 1126 1786 hoc
1146 1734 1279 1808 tempore
1304 1727 1387 1800 dedi,
1413 1737 1444 1789 ut
1461 1727 1531 1806 quia

168 1809 318 1887 neglecta
336 1812 422 1890 jacet
445 1812 520 1874 baec
543 1812 743 1893 pulcherrima
767 1813 913 1887 scientia,
939 1814 1118 1876 suscitarem
1134 1815 1250 1893 aliquos
1267 1835 1304 1876 ex
1319 1817 1374 1877 hoc
1390 1818 1529 1878 diuturno

169 1917 279 1960 somno
310 1900 349 1960 ad
380 1919 447 1962 eam
477 1902 718 1982 amplectandam
744 1902 840 1982 adque
865 1902 920 1963 hoc
946 1904 1030 1983 qumi
1048 1921 1153 1964 novum
1179 1904 1286 1964 fretum
1306 1924 1371 1965 cum
1397 1906 1530 1967 utilitate

168 1987 389 2065 navigandum,
416 1991 494 2069 quod
519 2010 575 2068 ego
598 2011 664 2052 crnn
679 1990 811 2071 periculo
826 2001 858 2051 et
881 1992 1038 2071 dispendio
1055 1992 1157 2051 forsan
1172 1992 1272 2071 aliquo
1286 1994 1401 2070 primus
1416 1994 1528 2073 aperui,

169 2095 280 2155 nempe
305 2077 344 2137 ad
368 2079 477 2153 nodos,
503 2080 532 2141 in
557 2080 663 2160 quibus
688 2080 851 2153 desudavi,
877 2081 903 2141 si
929 2080 1155 2159 quidfortasse
1172 2081 1395 2156 desiderabunt,
1421 2083 1529 2144 dexte·

169 2164 234 2226 rins
259 2166 534 2244 explicandos,·'ea
557 2189 643 2242 vero,
669 2188 744 2248 quae
768 2176 920 2248 procerte
937 2169 1040 2244 attuli,
1066 2169 1271 2247 dijudicanda:
1297 2169 1456 2232 dummodo
1471 2190 1531 2232 non

168 2253 282 2327 illotis,
314 2256 392 2334 quod
425 2256 524 2335 ajunt,
560 2258 696 2319 manibus
721 2258 750 2318 iu
775 2258 849 2318 haec
873 2257 1025 2336 Apollinis
1050 2258 1211 2336 purissima
1240 2278 1330 2319 sacra
1361 2259 1531 2321 involantes

168 2361 234 2404 rem
259 2343 373 2404 viribus
397 2354 429 2405 et
452 2355 542 2424 captu
567 2366 620 2407 suo
644 2346 787 2424 majorem
812 2355 926 2407 temero
952 2347 1063 2407 fuerint
1087 2347 1237 2424 aggressi.

261 2432 306 2494 Ut
330 2451 401 2493 vero
427 2434 503 2495 hunc
527 2454 624 2496 meum
656 2436 790 2496 libellum
815 2436 843 2495 in
867 2443 1062 2514 conspectum
1086 2434 1119 2497 S.
1146 2433 1181 2497 O.
1202 2436 1268 2497 Mais
1287 2436 1369 2496 Tuae
1395 2437 1530 2498 adduce-

169 2540 236 2582 rem
259 2539 385 2599 eumque
404 2523 459 2582 sub
484 2523 569 2601 hujus
586 2525 704 2602 angusti
728 2524 858 2585 nominis
875 2525 1002 2584 tutelam
1017 2526 1266 2597 commendarem,
1292 2525 1392 2585 onmia
1414 2545 1532 2588 summa

170 2609 343 2669 suadebant
367 2610 481 2682 officim
515 2620 547 2672 ut
578 2614 647 2693 quia
671 2613 727 2673 hoe
756 2621 889 2690 tempore
913 2614 1065 2691 MnJ'estas
1090 2612 1155 2672 Tua
1184 2613 1262 2674 bello
1287 2623 1392 2675 contra
1415 2614 1530 2675 Turcas

170 2698 303 2759 omnium
334 2699 465 2761 maximo
489 2709 521 2761 et
552 2701 793 2763 sumtuosissimo
822 2702 962 2763 districta
990 2710 1172 2761 nontamen
1197 2702 1372 2763 indonatum
1392 2712 1531 2782 practer·
1618 2749 1625 2758 -

169 2786 267 2849 mittit
292 2789 525 2863 astronomiam,
551 2810 655 2870 meque
672 2791 862 2873 Tychonicae
879 2790 1080 2851 astronomiae
1101 2791 1240 2852 devotum
1266 2791 1383 2852 liberali
1407 2792 1528 2865 salario,

169 2877 258 2955 cujus
281 2895 338 2956 ope
362 2876 423 2938 ista
438 2879 565 2955 perfeci,
591 2880 735 2941 haetenus
760 2887 929 2940 sustentat:
955 2898 1010 2958 ego
1039 2878 1172 2940 vicissim
1201 2899 1386 2960 quacumque
1410 2900 1531 2961 possem

170 2966 292 3027 ratione
317 2966 533 3045 gratitudinem
558 2987 671 3041 meam,
706 2969 764 3029 imo
796 2979 827 3029 et
853 2969 1054 3046 justissimum
1086 2969 1261 3047 obsequium
1286 2971 1477 3031 ostenderem
1499 2980 1532 3030 et

170 3054 288 3134 regiam
314 3054 390 3115 hanc
424 3055 452 3115 in
484 3056 624 3117 liberales
649 3065 730 3121 artes
755 3058 944 3118 affectionem
977 3075 1137 3119 venerarer
1160 3078 1271 3139 proque
1296 3078 1365 3120 mea
1390 3059 1468 3119 virili
1493 3058 1533 3119 ad

170 3139 388 3223 posteritatem
418 3146 674 3215 commendarem,
707 3157 886 3224 praesentes
917 3166 988 3208 vero
1021 3165 1074 3227 per
1105 3168 1151 3208 nte
1175 3168 1291 3228 quoque
1316 3148 1530 3226 intelligerent,

170 3231 254 3312 quod
276 3231 374 3293 latere
397 3241 502 3312 potest
525 3236 687 3309 neminem,
717 3237 822 3314 quanti
846 3238 901 3296 has
926 3238 1010 3315 pacis
1034 3244 1117 3296 artes
1141 3237 1292 3314 Majestas
1317 3238 1383 3298 Tua
1407 3237 1532 3308 faceret,

171 3339 288 3401 quasve
312 3320 342 3381 in
366 3320 422 3382 hoc
447 3321 586 3383 diuturno
610 3324 689 3384 bello
714 3326 750 3385 de
775 3326 840 3403 ejus
864 3325 991 3404 denique
1014 3324 1172 3403 triumphis
1200 3335 1231 3385 et
1255 3334 1435 3405 recuparata
1457 3345 1532 3405 pace

172 3428 245 3489 spes
270 3409 372 3470 fovere
396 3411 538 3473 debeant.

264 3496 353 3569 Quod
378 3499 498 3579 siquid
522 3509 572 3562 est
593 3499 715 3579 insuper
738 3500 767 3560 in
791 3498 848 3560 hoc
873 3519 973 3581 opere,
998 3500 1077 3580 quod
1092 3500 1161 3560 rnibi
1186 3499 1323 3562 fiduciam
1339 3500 1449 3562 addere
1475 3502 1531 3563 de-

173 3588 247 3650 beat
271 3606 373 3649 coram
397 3588 565 3667 illajestate
589 3589 654 3649 Tua
678 3588 830 3668 loquendi,
866 3589 922 3650 hoe
949 3589 1085 3668 profecto
1114 3598 1175 3663 est,
1211 3589 1288 3668 quod
1321 3589 1477 3651 immanem
1502 3600 1533 3652 et

172 3677 332 3738 insuavem
356 3676 489 3739 laborem
512 3677 600 3740 hausi
624 3678 654 3738 iu
683 3679 876 3739 enucleandis
909 3677 1044 3740 materiis
1079 3686 1126 3739 tot
1151 3678 1216 3756 jam
1249 3679 1352 3739 secula
1375 3678 1531 3757 neglectis,

174 3767 270 3846 iisque
303 3765 413 3841 variis,
447 3767 484 3828 de
519 3768 626 3848 quibus
659 3767 709 3828 alii
739 3767 865 3844 singulis
896 3768 1030 3845 singulos
1059 3768 1150 3828 libros
1179 3767 1364 3846 totidemque
1388 3776 1532 3846 patronos

173 3856 404 3918 constituerint:
435 3875 531 3938 neque
557 3856 686 3917 animum
710 3856 828 3935 explevi
853 3856 1108 3935 speculationibus
1138 3857 1320 3935 geometriae
1345 3857 1530 3933 abstractae,

172 3945 300 4026 picturis
325 3945 452 4020 scilieet,
478 3944 768 4009 surrentinorum
788 3966 828 4022 μη
843 3943 944 4018 ὀντων,
969 3945 999 4006 in
1023 3945 1130 4023 quibus
1149 3964 1225 4024 pene
1240 3946 1313 4007 solis
1337 3945 1425 4007 hodie
1449 3948 1531 4009 cele-

174 4033 295 4096 berrimi
319 4044 541 4113 geometrarum
565 4043 698 4096 aetatem
723 4035 909 4113 transigunt:
936 4035 989 4095 sed
1004 4035 1200 4114 geometriam
1220 4054 1273 4114 per
1297 4036 1363 4115 ipsa
1387 4056 1534 4115 expressa

174 4123 275 4185 mundi
300 4142 443 4203 corpora,
470 4122 626 4186 Creatoris
649 4124 782 4205 vestigia
796 4143 862 4185 curn
885 4125 994 4184 sudore
1010 4133 1041 4183 et
1060 4124 1194 4184 anhelitu
1218 4132 1353 4196 secutus,
1377 4125 1531 4203 indagavi.

174 4211 313 4292 Denique
338 4214 505 4292 quodcum
530 4214 603 4275 baec
629 4221 692 4273 tum
717 4233 792 4293 qnae
816 4214 902 4291 plura
927 4213 1094 4293 hujusmodi
1128 4213 1290 4274 etiamnum
1315 4213 1369 4274 sub
1394 4213 1532 4274 manibus

173 4301 288 4374 habeo,
313 4301 434 4382 suscepi
457 4303 496 4363 ad
521 4302 686 4363 ornandam
710 4300 929 4381 professionem
946 4320 1057 4374 meam,
1082 4321 1169 4381 quarn
1194 4302 1339 4363 hactenus
1354 4300 1532 4380 Majestatis

174 4392 258 4452 Tuae
279 4390 369 4470 jussu
392 4400 425 4454 et
447 4390 608 4471 stipendiis
633 4410 757 4470 sequor,
783 4410 849 4453 cum
874 4391 1031 4471 dispendio
1056 4410 1114 4451 non
1130 4400 1246 4452 tantum
1261 4390 1451 4464 valetudinis,
1478 4391 1533 4451 sed

173 4479 343 4541 studiorum
368 4481 460 4542 etiam
484 4482 625 4553 aliorum,
657 4480 763 4560 quibus
788 4500 873 4542 meae
897 4490 1054 4556 senectae,
1080 4480 1105 4541 si
1130 4500 1189 4560 qua
1214 4482 1313 4541 futura
1338 4487 1401 4553 est,
1427 4487 1460 4552 et
1483 4480 1531 4540 fn-

173 4569 277 4631 miliae
301 4570 485 4649 praesidium
508 4588 684 4649 comparare
709 4578 741 4630 et
764 4578 900 4649 poteram
916 4578 948 4630 et
962 4569 1124 4630 suricorum
1139 4568 1254 4647 judicio
1269 4569 1358 4647 plane
1374 4568 1530 4629 debebam.

174 4657 245 4729 Qua
269 4678 308 4720 ex
331 4678 364 4720 re
386 4660 413 4721 si
437 4659 508 4739 quid
532 4660 641 4721 adme
665 4660 813 4721 redundat
837 4658 1033 4733 incommodi,
1067 4658 1096 4718 id
1125 4677 1210 4719 omne
1239 4657 1309 4718 mihi
1341 4657 1407 4717 leve
1432 4655 1532 4718 reddit

173 4756 208 4811 et
225 4748 393 4828 jucundum
416 4768 475 4811 una
499 4748 574 4810 haee
598 4748 715 4810 homine
731 4746 884 4810 Germano
907 4748 999 4828 digna
1022 4747 1183 4826 cogitatio:
1209 4747 1287 4826 quod
1310 4745 1466 4825 pulchrum
1489 4745 1532 4807 sit

176 4839 206 4898 in
229 4835 310 4899 tanti
333 4838 478 4917 principis
503 4848 566 4901 tam
590 4838 725 4900 honestis
749 4837 901 4917 obsequiis
926 4838 1018 4898 etiarn
1042 4837 1115 4897 mori
1140 4855 1234 4915 neque
1253 4835 1302 4896 hic
1317 4834 1396 4895 vinci
1419 4835 1530 4897 virtute

174 4947 195 4988 a
217 4925 380 5001 militibus,
405 4928 459 4990 sed
482 4948 587 4990 munus
618 4926 831 4988 demandatum
859 4946 913 4989 ceu
938 4927 1096 4988 castellum
1129 4925 1289 5004 quodpiam
1312 4931 1434 4986 suenus
1457 4943 1531 5005 pro-

172 5034 321 5097 pugnare.
368 5014 468 5088 Quam
491 5035 589 5080 meam
612 5015 867 5095 subjectissimum
890 5016 1078 5078 affectionem
1101 5014 1127 5075 si
1143 5014 1293 5093 Majestas
1308 5013 1374 5076 Tua
1396 5016 1529 5077 clemen-
