3692 5842
249 463 315 536 624
572 529 584 539 ,
730 469 771 523 Do
789 469 869 522 sulla
884 469 961 524 Nora
977 467 1130 538 &murt

192 680 198 686 ·
249 648 316 711 cius
341 649 409 725 ille,
441 650 673 714 facundissimus
701 648 789 711 simul
812 656 903 728 atque
927 645 1212 728 famigeratissimus
1233 647 1421 730 astrologiae
1443 647 1602 732 professor,

251 737 401 812 babeant,
432 740 569 820 inquam,
600 738 672 820 quid
695 738 732 798 de
755 738 889 816 ipsorum
913 736 1035 817 scriptis
1057 757 1134 800 unns
1156 736 1269 820 aliquis
1292 737 1429 818 judioet,
1462 756 1551 820 qno·
1570 737 1603 800 tle

248 826 323 889 artis
347 827 519 906 ignorantia
542 846 684 890 accusare
708 845 767 888 non
791 833 928 905 possunt

338 915 460 977 Etenim
485 918 510 978 si
534 909 617 995 vulgi
640 922 689 977 est
712 915 748 975 de
772 915 829 975 hoc
851 912 1060 994 pronunciare,
1083 921 1150 976 uter
1171 913 1280 978 melior
1301 915 1492 996 astrologus,
1514 913 1605 976 sciant

248 1021 296 1064 me
320 1011 403 1065 stare
427 1005 641 1084 pulcherrime:
667 1004 714 1064 siu
738 1003 895 1064 doctorum
911 1003 1027 1081 eligunt
1044 1001 1208 1081 judicium,
1232 1004 1292 1084 ipsi
1302 1005 1371 1083 jam
1384 1001 1506 1086 pridem
1529 1002 1603 1064 ceci·

247 1091 366 1154 derunt.
414 1092 486 1154 Sive
509 1094 602 1173 igitur
624 1112 739 1154 mecum
762 1092 808 1153 illi
832 1097 915 1153 stent
938 1109 1039 1152 coram
1061 1089 1152 1171 vulgo
1176 1091 1241 1153 sive
1257 1111 1325 1154 curn
1340 1091 1406 1156 illis
1420 1109 1481 1171 ego
1491 1091 1603 1170 jaceam

247 1199 349 1241 coram
372 1181 486 1243 doctis:
511 1182 650 1262 utrinque
674 1199 712 1241 ex
734 1180 867 1260 ipsorum
884 1179 988 1241 ordine
1009 1198 1085 1254 snm,
1110 1178 1185 1260 ipsis
1199 1199 1257 1261 par
1272 1199 1350 1256 snm,
1373 1179 1531 1262 repudiari
1551 1197 1603 1240 non

249 1268 363 1344 debeo;
387 1270 425 1331 ab
449 1270 583 1332 Herlicio
608 1276 689 1331 certe
712 1288 782 1344 non,
806 1269 855 1350 qui
879 1288 927 1330 me
951 1268 1088 1330 laudavit
1108 1268 1238 1348 publice.
1277 1268 1431 1340 Quamvis
1452 1267 1603 1349 potissima

249 1356 299 1418 hic
322 1357 400 1419 ratio
423 1358 562 1420 habenda
592 1367 641 1419 est
670 1357 912 1419 doctissimorum
943 1357 1091 1430 uirorum,
1121 1356 1171 1437 qui
1200 1357 1421 1420 mathematica
1451 1375 1515 1420 non
1535 1355 1603 1418 adeo

249 1444 354 1506 imbuti
379 1446 550 1526 frequenter
573 1455 729 1526 quaerunt,
753 1447 891 1507 naturale
914 1445 986 1526 qnid
1009 1445 1050 1506 sit
1071 1444 1222 1524 Trigonus
1244 1445 1353 1525 igneus
1376 1465 1417 1508 an
1440 1449 1601 1506 Omra

338 1534 519 1614 Trigonus
543 1535 678 1608 Graece,
701 1534 926 1613 Triangulus
949 1533 1073 1608 Latine,
1096 1553 1157 1595 vox
1179 1542 1229 1596 est
1249 1534 1457 1614 geometrica,
1486 1533 1602 1614 figam

249 1620 423 1700 significans
447 1623 583 1684 omnibus
610 1624 808 1685 notissimam.
854 1622 953 1701 Hujus
982 1621 1067 1684 vocis
1097 1621 1128 1682 in
1157 1622 1326 1702 astrologia
1356 1623 1437 1685 dnae
1467 1620 1518 1683 rel
1546 1629 1602 1682 tres

248 1709 327 1770 aliae
358 1720 429 1773 sunt
458 1712 605 1773 notiones.
652 1712 784 1775 Primum
814 1710 909 1785 enim,
941 1710 1059 1790 quando
1088 1708 1225 1772 binomm
1246 1712 1444 1792 planetarum
1466 1709 1545 1772 radii
1564 1707 1602 1770 sir

246 1805 356 1860 coeunt
379 1799 409 1860 in
433 1802 542 1874 Terra,
566 1808 600 1861 ut
623 1799 816 1880 intercipiant
839 1798 942 1860 circuli
966 1816 1004 1858 ex
1026 1806 1137 1877 puncto
1156 1799 1298 1862 coitionis
1321 1799 1473 1880 descripti
1493 1805 1600 1878 purten

246 1887 383 1965 praecise
406 1889 544 1961 tertiam,
569 1889 644 1950 haec
667 1888 812 1951 habitudo
835 1886 973 1949 binorum
995 1887 1147 1948 radiorum
1170 1905 1186 1946 e
1209 1906 1334 1950 numero
1348 1895 1531 1968 aspectuum
1550 1895 1600 1958 est,

246 1981 279 2035 et
308 1975 480 2055 trigonus
511 1978 558 2038 rel
589 1978 709 2039 trinus
740 1984 914 2055 aspectus
945 1975 1062 2037 dicitur.
1108 1974 1202 2037 Ratio
1231 1976 1363 2038 nominis
1391 1983 1460 2048 est,
1491 1971 1599 2056 qniasi

249 2064 358 2125 tertius
381 2061 504 2143 planeta
527 2066 685 2127 accederet
708 2065 812 2127 eodem
829 2063 947 2125 scilicet
969 2064 1129 2125 intervallo
1145 2065 1184 2126 ab
1199 2063 1356 2145 utriusque
1371 2063 1473 2139 radio,
1496 2063 1601 2126 ndns

246 2152 361 2230 etipse
385 2154 424 2214 ad
450 2173 633 2215 communem
657 2155 821 2216 sectionem
845 2153 1018 2226 demittens,
1048 2161 1080 2214 et
1101 2161 1215 2232 puncta
1239 2152 1361 2227 circuli,
1386 2151 1484 2215 radiis
1512 2151 1600 2214 tribur

246 2240 337 2314 secti,
369 2241 460 2303 rectis
494 2250 760 2317 connecterentur,
793 2235 954 2320 genuirium
986 2250 1139 2303 crearetur
1171 2241 1356 2320 triangulum
1388 2240 1599 2323 aequilaterus

243 2329 366 2390 notione
391 2332 584 2409 geometrico.

332 2418 390 2479 Hic
413 2439 485 2480 vcro
509 2418 667 2498 astrologi,
691 2437 728 2478 ne
752 2424 932 2497 cogerentur
955 2434 1073 2495 semper
1096 2425 1266 2495 expuncto
1290 2416 1436 2480 coitionis
1459 2417 1600 2482 radioron

244 2504 387 2567 circulum
411 2508 592 2582 describere,
616 2508 662 2569 usi
686 2516 757 2568 sunt
780 2505 966 2585 compendio,
990 2523 1044 2584 pro
1068 2513 1179 2583 puncto
1195 2504 1336 2567 coitionis
1351 2515 1493 2570 centrum
1507 2505 1598 2570 maadi

246 2592 401 2675 ipsiusque
423 2597 550 2672 zodiaci,
575 2617 628 2675 pro
653 2594 765 2657 circulo
788 2614 860 2656 vero
882 2592 1080 2655 describendo
1099 2593 1166 2672 jam
1181 2593 1253 2656 olim
1273 2593 1463 2674 descriptum
1478 2595 1509 2658 in
1523 2595 1599 2658 coelo

245 2683 416 2758 zodiacum,
450 2685 504 2748 sub
534 2705 592 2766 quo
623 2685 764 2764 planetae
788 2702 893 2744 omncs
926 2681 1082 2756 incedunt,
1113 2681 1277 2761 elegerunt
1324 2684 1436 2766 Itaque
1470 2683 1530 2746 etsi
1556 2703 1599 2746 rer

245 2770 322 2849 ipsa,
347 2774 483 2853 trigonus
507 2793 624 2853 nempe,
649 2773 678 2835 in
702 2780 813 2852 puncto
830 2779 879 2833 cst
894 2769 1037 2833 sectionis
1053 2767 1205 2832 radiorum
1220 2771 1300 2849 apud
1323 2781 1464 2836 centnrm
1480 2773 1597 2836 Terrae:

244 2859 310 2938 ejus
335 2868 438 2922 tamen
462 2862 635 2924 aestimatio
659 2861 810 2939 perficitur
833 2860 864 2920 in
887 2857 1038 2921 altissimo
1061 2858 1195 2934 aethere,
1218 2879 1278 2922 non
1294 2879 1387 2923 secus
1402 2881 1441 2924 ac
1458 2861 1486 2925 si
1505 2879 1598 2924 ornnes

244 2948 386 3025 planetae
411 2968 580 3028 supremum
604 2950 687 3011 illurn
704 2950 846 3010 circulum
862 2946 1038 3026 corporibus
1053 2947 1116 3008 suis
1130 2957 1330 3026 permearent,
1354 2949 1599 3031 quemadmodum

246 3035 366 3114 quidem
396 3036 487 3098 etiam
518 3048 665 3118 apparent
695 3039 734 3099 ad
763 3037 870 3098 risum.
919 3035 995 3098 Cum
1018 3035 1110 3115 igitur
1138 3053 1193 3115 pro
1222 3036 1393 3099 radiatione
1416 3039 1599 3118 planetarum

247 3124 306 3184 loci
329 3124 465 3187 binorum
488 3129 676 3205 planetarum
701 3127 730 3187 in
744 3126 878 3199 zodiaco,
903 3123 1021 3185 scilicet
1043 3143 1096 3202 pro
1121 3144 1152 3186 re
1169 3125 1236 3203 ipsa
1248 3144 1393 3187 mensura
1416 3127 1475 3202 rei,
1498 3127 1598 3206 trigoni

245 3232 353 3274 nomen
380 3217 560 3295 susceperit:
586 3217 654 3276 hinc
679 3215 769 3276 ctiam
793 3224 865 3275 nata
889 3232 956 3274 esse
980 3214 1100 3274 videtur
1122 3233 1181 3275 vox
1204 3225 1364 3294 aspectus,
1396 3235 1477 3296 quae
1500 3235 1598 3295 proso-

246 3303 392 3380 popoeiae
415 3306 509 3382 figura
533 3315 589 3376 cst,
615 3304 664 3366 ubi
688 3304 825 3383 partibus
846 3302 962 3363 zodiaci
979 3301 1214 3382 aliquammultis
1237 3303 1357 3383 aequali
1381 3305 1485 3385 spatio
1506 3303 1598 3366 circuli

245 3389 436 3453 circumcirca
460 3394 643 3455 distantibus
668 3393 729 3464 (vol
754 3391 885 3469 planetis
909 3391 940 3451 in
962 3391 1020 3451 has
1042 3391 1157 3451 zodiaci
1179 3399 1299 3470 partes,
1331 3411 1371 3453 ex
1395 3393 1521 3455 orbibus
1543 3392 1598 3454 suis

241 3477 432 3541 inferioribus
462 3501 516 3560 per
548 3482 794 3559 imaginationem
824 3480 892 3540 risu
922 3478 1024 3540 fallaci
1050 3480 1124 3539 duce
1149 3480 1292 3554 sublatis)
1323 3480 1404 3542 oculi
1428 3491 1597 3561 mutunsqne

241 3578 420 3646 conspectus
440 3571 589 3632 tribuitur.

332 3659 434 3738 Atque
458 3660 515 3719 lroc
539 3679 633 3736 genus
657 3676 765 3729 rerum,
790 3663 932 3733 aspectus
956 3673 1062 3732 nempe
1078 3655 1202 3716 duarum
1222 3654 1392 3730 stellarum,
1417 3675 1543 3737 quarum
1556 3655 1595 3718 rel

242 3751 368 3823 utraque
393 3747 440 3805 vel
466 3748 564 3808 altera
588 3748 626 3807 sit
650 3745 781 3818 mobilis,
806 3744 878 3804 illud
903 3751 961 3816 est,
986 3743 1065 3822 quod
1088 3761 1235 3823 egopene
1259 3743 1358 3806 solum
1383 3744 1413 3807 in
1438 3747 1596 3824 astrologia

244 3832 432 3894 retinendum
456 3855 524 3895 csso
549 3854 667 3896 censeo.
709 3833 799 3903 Quod
821 3831 941 3912 quidem
964 3839 1050 3892 tanta
1065 3832 1256 3893 contentione
1279 3843 1387 3895 eontra
1404 3833 1596 3914 philosophos

245 3919 321 3980 artis
344 3921 464 3999 penitus
484 3924 606 4000 ignaros
636 3921 842 4000 philosophice
874 3928 906 3980 et
934 3939 970 3980 cr
999 3919 1136 3981 doctrina
1159 3920 1333 3982 harmonica
1357 3925 1453 4004 (pene
1477 3924 1508 3984 in
1530 3923 1595 3984 soli·

243 4005 313 4067 dum
336 4008 491 4086 ignorata)
515 4011 654 4083 defendo,
679 4018 792 4090 quanta
814 4009 936 4070 fidentia
960 4007 1106 4088 reliquam
1125 4010 1346 4088 astrologorum
1363 4011 1595 4090 suppellectilem

240 4113 317 4174 pene
342 4115 459 4158 omnem
483 4100 695 4161 eliminandam
720 4118 788 4158 esse
812 4117 920 4158 censeo
945 4096 1033 4176 idque
1053 4096 1081 4158 in
1105 4098 1331 4160 omnibusmeis
1354 4099 1481 4180 scriptis
1503 4111 1594 4162 astro-

242 4182 349 4263 logicis
374 4185 576 4249 indesinenter
599 4194 759 4267 protestor.

829 4409 1013 4424 ‘-

809 4589 929 4687 Caput
955 4587 1022 4660 ΙΙΙ.

263 4747 321 4808 De
343 4745 442 4807 altero
466 4748 643 4828 sigmificutu
666 4749 750 4810 cocis
775 4750 944 4829 Tripouua,
969 4769 1023 4810 scri
1046 4749 1086 4809 de
1106 4747 1379 4830 Triunpulotiouc
1395 4749 1569 4833 Sipnorum

330 4887 377 4946 Ex
407 4887 464 4948 hac.
494 4889 679 4965 astrologica
710 4891 829 4951 notione
861 4891 945 4952 vocis
969 4891 1129 4971 trianguli,
1165 4911 1242 4972 quae
1272 4893 1388 4972 origine
1417 4895 1514 4974 prima
1539 4907 1587 4958 est.

240 4971 392 5033 fluxerunt
423 4976 566 5056 reliquae.
614 4979 692 5038 liam
721 4980 851 5039 secundo
883 4980 950 5040 loco
978 4981 1129 5041 translata
1160 4990 1209 5041 est
1239 4981 1314 5042 haec
1346 5001 1407 5043 vox
1437 5005 1455 5044 a
1483 4981 1586 5062 punctis
