3692 5842
245 445 311 512 548
857 445 986 512 Dicptrice

246 625 405 687 intervallo
430 625 500 698 PV‚
534 629 605 684 tunc
637 624 752 703 majora
784 624 878 684 videri
912 623 1046 685 visibilia
1076 625 1158 686 lente
1185 621 1256 694 ΡΟ,
1285 621 1370 702 cujus
1393 621 1434 684 ab
1461 625 1590 686 oeuloV

246 713 394 775 distantia
427 713 522 791 major
555 719 603 772 est
626 712 655 772 iu
688 713 880 793 proportione
904 713 960 774 PR
989 713 1204 774 semidiametri
1237 729 1327 791 quam
1356 721 1405 772 est
1438 713 1527 774 lentis
1548 713 1593 776 S‘l'

246 802 393 863 distantia
417 800 469 862 SO
494 801 531 860 ab
556 801 641 861 oculo
666 800 693 862 0
717 802 746 861 iu
770 802 962 880 proportione
987 801 1043 862 SV
1067 799 1299 862 semidiametri:
1324 799 1436 880 quippe
1458 821 1525 864 cum
1545 801 1592 864 OS

248 892 285 952 ad
310 890 365 952 SV
390 891 429 951 sit
453 899 485 951 ut
509 889 563 950 ΟΡ
587 891 625 950 ad
650 891 714 962 PR,
739 889 793 951 ΟΡ
817 910 887 950 vero
912 891 953 951 sit
976 890 1095 951 brevior
1118 909 1208 970 quarn
1230 889 1297 951 VP.

335 981 414 1041 b'arn
439 998 492 1057 per
507 978 671 1040 LXXXII.
697 980 777 1039 lente
797 978 853 1048 PQ
875 981 991 1059 posita,
1016 978 1132 1057 majora
1154 979 1294 1040 videntur
1316 977 1451 1042 visibilia
1473 979 1590 1040 oculoV

246 1088 333 1148 quam
363 1069 447 1128 oculo
473 1067 509 1127 O.
557 1068 601 1127 At
628 1086 681 1145 per
710 1068 853 1128 hactenus
886 1070 1094 1128 demonstrata
1125 1067 1210 1127 oculo
1234 1066 1263 1126 0
1291 1067 1434 1145 aequalia
1465 1067 1593 1129 videntur

246 1157 377 1218 visibilia
408 1176 461 1235 per
491 1155 541 1217 ST
574 1163 605 1215 et
638 1174 691 1233 per
715 1155 770 1225 I'Q
804 1157 900 1216 lentes
933 1157 960 1217 in
995 1157 1051 1216 lroe
1085 1155 1155 1217 situ.
1203 1156 1285 1234 Ergo
1315 1155 1433 1234 majora
1465 1157 1592 1218 videntur

246 1245 377 1307 visibilia
401 1245 486 1305 oculo
512 1244 541 1304 V
567 1244 646 1304 lente
670 1244 735 1318 PQ,
762 1264 849 1324 quam
873 1246 959 1305 oculo
983 1245 1010 1306 O
1037 1245 1115 1306 lente
1140 1245 1200 1306 ST.

332 1334 512 1396 LXXXIV.
544 1334 766 1412 Propositio.
799 1332 912 1394 Oculus
937 1353 994 1413 quo
1018 1334 1136 1412 longius
1160 1341 1249 1394 extra
1270 1343 1417 1414 punctum
1440 1353 1591 1396 concursus

246 1423 363 1490 abierit,
388 1424 443 1482 lroc
469 1441 575 1482 eversa
598 1423 681 1482 videt
704 1423 827 1483 minora.

331 1512 429 1590 Hujus
462 1510 675 1589 propositionis
708 1511 926 1573 demonstratio
964 1511 1169 1572 declaratione
1202 1511 1304 1592 potius
1336 1511 1591 1591 comprehenditur

246 1610 277 1661 et
300 1600 523 1678 comparatione
547 1601 799 1677 praecedentium.

333 1689 412 1751 Nam
445 1688 623 1766 incipiamus
654 1710 672 1749 a
699 1688 869 1749 XXXVII.
895 1706 1061 1756 convorsa,
1094 1697 1127 1748 et
1160 1688 1200 1748 sit
1231 1705 1285 1766 pro
1317 1699 1435 1768 puncto
1467 1689 1591 1750 radiante

245 1778 356 1851 oculus,
382 1777 504 1856 perinde
529 1777 607 1837 enim
633 1787 680 1838 cst
708 1780 776 1856 (per
800 1777 872 1849 III).
921 1777 1034 1837 Oculus
1068 1776 1159 1856 igitur
1191 1777 1217 1836 si
1250 1777 1291 1838 sit
1321 1787 1387 1838 tanr
1420 1777 1591 1856 propinquus

246 1867 327 1940 lenti,
354 1875 424 1927 tuno
449 1867 511 1945 ejus
537 1865 610 1925 radii
636 1886 689 1945 per
714 1869 823 1927 lentem
840 1875 1031 1925 transeuntes
1052 1866 1211 1942 direrprmt
1234 1866 1326 1927 etiarn
1351 1866 1477 1926 refracti
1500 1885 1591 1926 versus

246 1954 384 2027 visibile,
420 1963 451 2016 et
474 1955 522 2022 lit,
558 1956 635 2035 quod
661 1957 898 2017 demonstratum
933 1963 982 2014 cst
1004 1974 1089 2034 prop.
1116 1955 1226 2026 Lxx,
1254 1963 1288 2014 nt
1315 1954 1437 2015 visibile
1461 1965 1592 2034 appareat

246 2052 388 2105 erectum.
437 2042 533 2104 Oculo
556 2062 628 2104 vero
653 2066 671 2104 a
693 2045 774 2105 lente
806 2044 966 2104 recedente
999 2044 1089 2123 paulo
1122 2044 1258 2122 longius,
1293 2053 1445 2120 augentur
1475 2045 1591 2106 risibilia

245 2137 314 2213 (per
324 2131 515 2205 LXXXII),
534 2134 669 2211 quamvis
684 2133 824 2193 minuitur
840 2151 941 2193 eornm
957 2152 1095 2193 numerus
1110 2137 1179 2211 (per
1195 2132 1361 2204 LXXXI).
1382 2131 1501 2196 Exiode
1518 2133 1590 2194 oculo

245 2222 384 2282 veniente
409 2239 499 2298 prope
524 2231 666 2299 punctum
691 2241 862 2296 conemsus,
888 2222 952 2300 ejus
976 2221 1052 2281 radii
1076 2222 1188 2282 lentem
1216 2221 1346 2300 ingressi
1372 2223 1447 2283 liunt
1467 2223 1589 2302 paralleli

245 2330 298 2390 per
330 2309 466 2371 XXXV.
501 2329 688 2372 conversam.
743 2310 777 2372 Si
808 2311 901 2371 latum
931 2329 1059 2388 unguem
1088 2311 1217 2389 amplius
1246 2311 1411 2371 removeris
1445 2312 1590 2374 oculuma

244 2400 333 2472 lente,
358 2418 462 2460 ornnes
486 2398 563 2460 oculi
587 2399 663 2461 radii
687 2420 740 2479 per
771 2401 882 2460 lentem
914 2399 1037 2460 refracti
1070 2398 1216 2477 incipiunt
1247 2417 1445 2472 concurrere,
1478 2403 1588 2480 primurn

243 2495 314 2568 post
337 2487 454 2549 visibile
479 2488 504 2548 si
536 2488 795 2560 continuarentur,
828 2489 895 2549 inde
920 2488 948 2549 in
978 2487 1043 2566 ipso
1077 2488 1163 2548 unico
1194 2489 1236 2549 rei
1270 2488 1400 2549 visibilis
1426 2489 1589 2570 longInquae

243 2587 364 2656 puncto.
411 2578 454 2638 Et
477 2584 547 2638 tuuc
581 2578 617 2637 dc
653 2578 704 2638 illo
735 2577 848 2638 visibili
877 2576 951 2636 nihil
975 2577 1030 2636 nisi
1054 2583 1196 2654 punctum
1221 2597 1310 2638 unum
1334 2577 1487 2652 cernitur,
1516 2595 1544 2638 et
1564 2579 1588 2638 id

243 2676 305 2728 tam
330 2684 470 2744 magnum
496 2674 608 2746 quanta
632 2667 697 2727 lens
722 2673 849 2744 apparet
872 2675 902 2726 et
926 2663 1146 2726 confusissime.
1194 2664 1227 2726 Si
1258 2665 1348 2744 paulo
1373 2667 1503 2746 ampIIus
1524 2687 1586 2728 ocu·

244 2757 303 2816 lum
337 2776 354 2814 a
387 2756 467 2815 lente
501 2756 707 2830 abstraxeris,
741 2774 902 2814 concursus
936 2755 985 2814 illc
1020 2754 1168 2815 radiorum
1200 2775 1252 2815 sen
1284 2755 1431 2816 linearum
1455 2776 1492 2816 ex
1514 2757 1587 2818 oculo

244 2845 456 2912 (refractorurn
482 2844 509 2905 in
535 2845 631 2915 lente)
659 2845 722 2924 jam
747 2844 859 2903 deserit
893 2863 954 2904 rem
990 2843 1070 2904 illam
1099 2843 1246 2904 risibilem
1280 2855 1312 2904 et
1345 2845 1467 2905 aceedit
1497 2864 1588 2906 versus

244 2935 366 2994 lentem.
414 2931 476 2993 Sed
501 2933 571 3012 quia
603 2942 813 2994 concurrentes
847 2932 923 2993 radii
956 2951 988 2991 se
1021 2941 1123 2993 mutuo
1158 2943 1262 2992 secant
1297 2940 1328 2992 et
1361 2945 1490 3012 pereunt
1522 2935 1589 2994 ultra

242 3041 416 3082 concursum
441 3022 637 3099 (perXXI.),
663 3023 729 3081 ideo
754 3030 785 3081 et
809 3022 865 3081 hac
891 3021 986 3081 lineae
1011 3040 1047 3080 ex
1071 3022 1157 3082 oculo
1181 3041 1234 3100 per
1259 3023 1370 3083 lentem
1390 3023 1500 3084 ductae
1522 3024 1588 3084 ultra

242 3111 318 3169 lianc
343 3130 427 3170 suam
457 3112 621 3171 sectionem
651 3111 768 3172 inverso
799 3110 901 3171 ordine
926 3110 954 3169 in
981 3109 1095 3170 visibile
1124 3110 1259 3171 incidunt
1288 3115 1358 3189 (per
1383 3111 1543 3174 [xxvia
1563 3121 1587 3170 et

242 3199 336 3278 prinro
361 3199 511 3259 minimam
546 3201 609 3278 ejus
643 3199 820 3277 prtrticulam
854 3209 1022 3278 punctoque
1053 3199 1220 3277 proximam
1245 3200 1493 3279 apprelrendunt;
1529 3217 1586 3260 tune

242 3287 333 3366 Igitur
356 3287 460 3366 Incipit
483 3289 562 3360 lieri,
596 3290 672 3367 quod
698 3297 745 3348 est
769 3290 1004 3350 demonstratum
1038 3307 1121 3368 prop.
1146 3287 1276 3350 LXXV.
1302 3301 1336 3349 nt
1359 3288 1481 3351 visibile
1504 3309 1586 3370 appu·

241 3386 307 3437 reat
330 3396 467 3438 eversum
491 3377 591 3456 aliqua
615 3377 659 3438 sui
683 3377 841 3456 particula.

330 3467 404 3526 Inde
429 3467 514 3527 oculo
540 3466 636 3544 magis
661 3486 695 3526 ac
720 3466 816 3545 magis
841 3466 992 3543 elongato,
1019 3466 1071 3526 illa
1095 3467 1189 3526 sectio
1205 3466 1302 3538 mauis
1318 3467 1476 3548 rnapisqne
1494 3485 1586 3530 versus

241 3555 352 3616 lentem
377 3556 534 3616 descendit
560 3557 627 3635 (per
649 3555 749 3627 XLI.)
775 3563 806 3616 et
830 3556 957 3633 angulus
981 3555 1124 3615 sectionis
1149 3557 1183 3615 lit
1206 3556 1318 3632 major,
1350 3557 1440 3635 plura
1464 3557 1501 3618 de
1523 3557 1585 3616 visi-

241 3644 348 3705 bilibus
373 3645 647 3724 comprelrendens,
680 3664 772 3724 usquo
805 3644 874 3704 dnm
906 3645 1008 3705 oculus
1034 3644 1190 3722 elongetur
1222 3644 1398 3722 longissimo
1432 3647 1585 3712 intervallo.

242 3742 311 3793 tunc
336 3734 432 3793 lineae
458 3754 493 3793 es
519 3734 581 3812 ejus
606 3742 708 3794 centro
742 3734 863 3794 veniunt
900 3734 937 3793 ad
971 3735 1083 3794 lentem
1116 3752 1191 3813 pene
1225 3735 1412 3812 parallelae,
1447 3747 1479 3796 et
1510 3737 1585 3796 litut

242 3839 365 3899 propos.
396 3822 568 3895 xxxiv„
601 3831 634 3883 nt
664 3829 773 3882 coeant
806 3824 832 3883 in
867 3831 949 3882 certo
983 3832 1010 3882 et
1046 3823 1179 3882 dimenso
1211 3834 1321 3902 puncto
1355 3833 1442 3884 trans
1479 3825 1585 3885 lentem.

242 3907 380 3978 Quantus
405 3912 494 3989 igitur
516 3912 607 3971 estin
629 3911 782 3972 selremate
799 3909 828 3972 8.
850 3910 976 3989 angulus
996 3913 1087 3985 BFI),
1111 3918 1197 3972 tanta
1212 3911 1309 3991 portio
1325 3913 1363 3971 de
1379 3913 1586 3992 hemisphaerio

240 3997 359 4059 videtur
383 4000 442 4060 situ
468 4020 583 4060 everso.
632 4001 708 4061 Nam
734 4001 796 4074 BF,
820 4000 874 4061 DF
897 4001 1049 4078 progressi
1075 4003 1198 4062 ulterius
1228 4023 1260 4060 se
1292 4021 1410 4064 rursum
1441 4015 1540 4064 seeaut
1560 4013 1585 4058 et

240 4087 283 4146 sie
308 4087 440 4148 incidunt
465 4088 492 4148 in
519 4089 658 4150 visibilia.

329 4175 454 4256 Semper
483 4186 582 4238 antem
613 4177 799 4256 excipiuntur
828 4179 864 4239 ab
894 4177 950 4237 lrac
985 4177 1151 4238 inversione
1175 4178 1305 4239 visibilia
1330 4180 1402 4248 illa,
1429 4199 1505 4260 quae
1528 4193 1586 4240 suut

241 4265 380 4343 propiora
405 4287 492 4345 urnam
518 4266 576 4326 ista
606 4268 699 4328 sectio
734 4267 877 4328 linearum
911 4287 947 4325 es
982 4275 1085 4326 centro
1118 4267 1195 4327 oerrli
1229 4269 1309 4328 ultra
1341 4269 1465 4330 lentem.
1512 4269 1585 4330 sude

239 4355 300 4414 ueri
325 4363 427 4432 potest
451 4367 483 4416 ut
508 4356 611 4416 evalem
637 4356 736 4434 anguli
762 4358 820 4417 situ
846 4371 962 4417 remota
985 4355 1086 4434 aliqua
1113 4356 1269 4416 videantur
1285 4358 1416 4428 inversa,
1443 4359 1502 4418 alia
1524 4377 1583 4436 pre·

240 4443 350 4522 pinqna
374 4451 485 4506 erecta.

329 4532 420 4592 Hisce
453 4534 496 4594 sic
530 4532 719 4606 constitutis,
756 4536 881 4612 primum
917 4535 980 4593 lens
1015 4543 1082 4612 (per
1107 4533 1254 4596 Lxrlm
1293 4555 1350 4612 qum
1385 4535 1525 4598 retrrotior
1553 4535 1584 4592 al·

240 4621 326 4680 oculo
351 4622 406 4681 lroc
432 4623 534 4685 minori
560 4623 691 4684 cernitur
716 4625 824 4702 angulo
858 4633 887 4684 et
921 4643 987 4684 cum
1012 4643 1048 4681 ea
1073 4631 1167 4682 tartum
1192 4623 1302 4692 etiam,
1333 4627 1412 4704 qnod
1447 4645 1500 4704 per
1527 4641 1583 4684 eam

240 4709 358 4770 inverso
383 4711 441 4770 situ
468 4711 594 4774 videtur.
646 4713 759 4774 Deinde
785 4735 849 4774 cum
876 4713 1060 4788 digressione
1085 4711 1174 4771 lentis
1199 4712 1237 4772 ab
1270 4713 1357 4773 oculo
1386 4716 1473 4792 plura
1503 4713 1583 4774 etiam

241 4800 277 4858 do
302 4799 522 4877 hemisphaerio
546 4801 656 4862 visibili
683 4803 709 4862 in
735 4823 800 4862 eam
824 4805 1025 4882 recipiuntur,
1053 4809 1084 4862 nt
1103 4801 1168 4878 jam
1193 4810 1241 4861 est
1264 4803 1460 4881 explicatum.
1506 4803 1584 4862 Pura

241 4887 331 4966 igitur
354 4889 493 4950 videntur
512 4891 638 4968 junctim
663 4892 776 4953 minora
801 4894 828 4952 in
854 4892 1005 4953 remotiori
1030 4892 1089 4952 situ
1113 4890 1200 4963 oculi,
1226 4909 1313 4970 qnam
1329 4894 1474 4970 pauciora
1491 4891 1582 4954 insitu
