3692 5842
862 401 888 431 Ι

720 482 935 548 capaaxxvm
1436 482 1500 552 72³

149 658 260 722 sideria
283 668 486 743 conspectum.
525 662 669 724 Testatur
691 661 721 723 id
744 660 871 723 historia
894 660 1003 742 capitis
1026 662 1050 724 Ι.
1089 662 1154 726 Hoc
1178 661 1296 724 nomine
1320 662 1502 743 significavit

148 748 244 812 stella
267 751 368 814 varios
391 771 535 821 rumores,
559 752 660 813 varias
684 750 882 813 ominationes
906 752 943 812 de
967 751 1056 812 rebus
1080 749 1202 826 futuris,
1227 752 1502 816 consternationem

149 834 184 899 et'
206 846 360 920 stuporem
382 842 481 920 vulgi,
506 840 600 901 multa
622 841 782 902 multorum
806 839 992 918 negotiorum
1019 839 1245 919 impedimenta,
1274 841 1385 902 multas
1408 861 1500 905 occu-

149 928 292 1008 pationes
314 949 419 992 novas.
467 927 547 1000 Quid
572 928 880 1012 singulis-acciderit,
912 928 970 1008 ipsi
994 928 1115 990 dicant:
1143 929 1296 1009 mequod
1321 928 1446 1007 attinet,
1469 928 1502 994 in

149 1018 341 1097 praefatione
365 1019 510 1082 recensui.
781 1065 783 1070 -

240 1107 292 1170 Ad
315 1107 487 1181 Saturnum,
511 1106 634 1179 Jovem,
658 1106 802 1179 Martem,
834 1106 872 1166 ad
897 1105 1046 1167 Venerem
1070 1114 1101 1167 et
1123 1105 1304 1168 Mercurium
1331 1114 1399 1169 erat
1430 1106 1502 1169 mihi

150 1195 392 1276 respiciendum
422 1198 528 1277 quibus
557 1195 675 1258 omissis
700 1204 731 1257 et
754 1195 848 1256 dilato
877 1195 978 1256 labore
1007 1193 1209 1273 investigandi
1232 1203 1331 1258 motus
1354 1215 1501 1276 perennes
1571 1188 1573 1192 ’

150 1303 191 1346 ex
214 1286 475 1349 observationibus
498 1284 665 1347 Braheanis
698 1284 800 1345 oculos
824 1285 861 1344 ad
881 1302 990 1344 novum
1013 1285 1095 1346 sidus
1119 1284 1263 1359 converti,
1286 1284 1317 1346 in
1340 1303 1376 1345 eo
1399 1294 1500 1349 mutos

150 1375 246 1436 haesi.
294 1374 432 1447 Quaeras
456 1377 526 1457 quid
549 1373 738 1455 portenderit
761 1392 869 1435 novum
897 1373 1003 1435 sidus?
1037 1373 1321 1437 Nimirumrnnltas
1342 1373 1502 1437 multorum

150 1463 332 1544 scriptiones
354 1465 390 1526 de
410 1484 487 1527 novo
507 1464 615 1538 sidere,
641 1463 752 1524 multas
773 1462 1026 1544 typographorum
1049 1461 1272 1542 occupationes,
1296 1482 1371 1544 quos
1388 1462 1501 1526 lucrum

151 1562 185 1614 et
207 1554 394 1616 conscientia
421 1552 604 1616 curiositatis
632 1551 784 1614 hominum
811 1551 981 1614 inducebat.
1029 1549 1115 1623 Quae
1139 1551 1164 1613 si
1188 1551 1343 1631 panciores
1374 1553 1500 1628 fuerunt,

151 1639 244 1722 qnam
267 1641 297 1704 in
321 1643 449 1724 pagellis
473 1642 548 1704 meis
572 1641 732 1704 vernaculo
765 1639 906 1702 idiomate
940 1640 1061 1720 scriptis
1091 1640 1241 1702 ominatae
1265 1660 1349 1715 snm,
1381 1641 1502 1716 nescio;

150 1731 228 1795 illud
256 1732 329 1806 scio,
355 1741 386 1793 et
409 1751 455 1794 me
479 1750 600 1812 operam
633 1730 769 1802 dedisse,
803 1749 839 1790 ne
866 1729 1039 1791 vaticinium
1071 1729 1145 1790 illud
1175 1748 1274 1791 meum
1305 1729 1380 1792 meis
1408 1729 1502 1810 ipsius

150 1821 284 1902 pagellis
307 1821 488 1901 impleretur,
514 1820 631 1882 excusis
656 1838 714 1881 non
729 1819 796 1897 plns
816 1819 952 1880 ducentis
976 1818 1197 1898 exemplaribus
1221 1818 1383 1900 additoque
1406 1818 1502 1884 inter·

152 1910 236 1972 dicto
260 1929 302 1972 ne
326 1909 405 1990 quis
437 1910 622 1983 imitetur,
657 1916 685 1969 et
712 1907 801 1969 alium
823 1907 995 1987 Ambergaa
1027 1908 1183 1969 sedentem
1214 1907 1291 1969 hanc
1322 1926 1446 1984 vocem,
1470 1915 1504 1972 nt

151 2017 222 2062 sam
245 1999 374 2079 excepit,
397 2000 520 2079 perinde
544 2006 634 2079 atque
656 1997 735 2060 solet
757 1997 840 2071 echo,
865 1996 1049 2072 reddidisse3
1074 1993 1213 2058 imitati
1240 2005 1326 2060 sunt
1348 1998 1502 2068 Amber÷

151 2108 303 2168 genaes,
328 2087 437 2150 imitati
463 2089 581 2169 quidem
603 2095 672 2149 sunt
697 2094 728 2147 et
751 2085 781 2146 hi
804 2095 836 2145 et
857 2086 1107 2165 Argentinenses.
1146 2085 1252 2167 Itaque
1276 2086 1404 2166 gratiam
1427 2084 1502 2165 ipsis

150 2177 267 2250 habeo,
291 2178 340 2257 qni
364 2178 536 2239 vaticinium
560 2196 656 2239 meum
680 2175 932 2254 adimpleverunt,
957 2169 1024 2237 mea
1046 2175 1141 2255 ipsius
1163 2176 1279 2255 opella,
1304 2176 1382 2238 citra
1404 2192 1502 2237 meam

152 2286 298 2348 operam·
315 2274 413 2339 (Comp.
434 2274 490 2324 Vol.
508 2275 529 2329 I,
548 2289 572 2339 p.
593 2269 665 2329 66³.)

222 2356 339 2419 ,Estne
362 2374 434 2418 vero
458 2355 528 2434 qnid
552 2353 694 2433 amplius,
719 2353 797 2432 qnod
816 2352 1007 2433 'portenderit
1029 2352 1085 2413 hoc
1113 2351 1196 2414 sidus
1220 2351 1250 2414 in
1274 2353 1348 2415 mais
1371 2350 1504 2416 studiis?

152 2443 293 2516 Quidni?
323 2443 572 2523 Descriptionem-
595 2443 703 2523 quippe
734 2442 798 2520 ejus
829 2440 928 2523 partis
961 2441 1037 2504 coeli
1061 2460 1118 2502 non
1144 2440 1300 2517 fecissem,
1333 2440 1390 2504 nisi
1413 2440 1443 2503 in
1467 2462 1505 2503 ea

152 2541 261 2597 exorta
285 2542 368 2595 esset
391 2553 470 2595 nova
500 2533 610 2595 stella:
642 2533 679 2593 de
702 2538 828 2593 naturae
859 2529 977 2593 arcanis
1002 2532 1057 2592 hoc
1080 2530 1147 2611 ipso
1175 2529 1265 2605 libre,
1296 2550 1384 2612 quem
1406 2530 1504 2594 scribo

152 2642 301 2705 quemque
325 2623 372 2684 hic
401 2624 527 2702 evulgo,
560 2630 621 2684 tam
650 2621 746 2682 multa
777 2629 962 2683 commentus
991 2639 1048 2683 non
1081 2637 1196 2694 essem,
1229 2619 1349 2683 nisiex
1377 2627 1505 2698 naturae

152 2705 275 2775 arcahis
306 2731 385 2773 nova
417 2712 491 2774 haec
523 2712 614 2773 stella
640 2711 813 2791 prodiisset.
861 2711 966 2790 ltaque
994 2709 1020 2771 si
1052 2708 1231 2789 quibusdam
1263 2708 1504 2789 philosophorum

153 2801 289 2864 absurda
313 2801 521 2863 videtur-esse
546 2820 613 2862 mea
636 2801 710 2861 haec
729 2818 808 2860 nova
830 2798 1041 2880 philosophia:
1065 2797 1197 2859 habeant
1212 2798 1260 2860 illi
1275 2799 1330 2862 hnc
1353 2816 1506 2861 commen·

153 2890 285 2953 tationis
313 2898 501 2970 portentum,
535 2890 619 2968 cujus
642 2908 735 2950 cansa
757 2887 909 2950 incensam
937 2907 1006 2950 esse
1037 2894 1247 2968 portentosam
1270 2888 1354 2951 illam
1384 2888 1505 2950 atellam

155 2980 257 3044 dicere
281 2978 407 3059 possint,
433 2998 469 3040 ne
493 2980 623 3042 fortasse
647 2977 720 3057 ipsis
745 2977 916 3039 frustrauea
939 2977 1031 3039 fnisse
1054 2976 1203 3040 videatur.

246 3068 329 3135 Nihil
352 3068 455 3130 homnr
489 3069 556 3148 ipsa
578 3085 632 3147 per
655 3086 688 3127 se
711 3066 803 3128 stella
831 3066 931 3146 potuit
959 3085 1014 3128 nec
1045 3065 1201 3148 quicquam
1226 3065 1283 3127 nisi
1307 3065 1453 3146 fulgorem
1476 3064 1507 3132 in

153 3157 266 3220 Terras
297 3156 428 3220 demisit.
474 3156 536 3220 Sed
560 3175 627 3219 cum
650 3155 766 3236 species
800 3156 864 3235 ejus
894 3163 1018 3236 recepta
1048 3163 1131 3218 esset
1152 3155 1183 3218 in
1211 3155 1361 3218 hominum
1391 3156 1505 3232 oculos,

155 3247 269 3326 illaque
291 3265 346 3328 pro
370 3265 448 3307 nova
471 3246 576 3326 agnita
595 3245 632 3306 ab
647 3243 836 3320 astronomis,
861 3246 910 3325 qui
926 3246 1001 3307 hanc
1026 3244 1182 3307 scientiam
1201 3265 1265 3320 nau,
1290 3245 1507 3308 exercitatione

155 3335 296 3398 studiove
320 3343 586 3414 comparaverant;
611 3353 735 3415 cumque
759 3334 802 3395 illi
817 3332 934 3398 veltali
954 3336 1018 3398 loco
1042 3334 1200 3396 constituti
1224 3341 1336 3412 assent,
1359 3342 1394 3397 ut
1416 3332 1506 3398 officii

153 3423 274 3489 ratione
304 3425 344 3486 ad
377 3424 566 3487 scribendum
598 3423 832 3503 instigarentur,
864 3424 912 3485 vel
948 3431 1045 3485 artem
1080 3421 1303 3502 impressoriam
1331 3430 1507 3487 metuerent

154 3533 251 3595 eaque
279 3513 430 3586 viverent,
460 3515 551 3576 etde
574 3512 725 3574 hominnm
756 3511 931 3572 curiositate
962 3511 1092 3573 scirent:
1126 3510 1173 3571 his
1199 3510 1321 3591 inquam
1352 3512 1451 3582 causis
1475 3513 1506 3575 in

154 3605 253 3668 Terra
276 3603 520 3666 concurrentibus
543 3603 666 3664 effectus
689 3601 742 3663 isti
766 3600 803 3660 ad
826 3600 948 3662 Novam
969 3597 1097 3661 Stellam
1125 3607 1339 3670 annectuntnr;
1366 3609 1402 3661 nt
1425 3602 1506 3681 apud

155 3692 279 3756 atellam
302 3692 343 3755 sit
358 3692 399 3754 nil
415 3691 472 3754 nisi
496 3691 630 3762 occasio,
655 3690 733 3772 apud
757 3708 878 3752 sensnm
901 3707 973 3750 vero
996 3688 1104 3750 stellae
1122 3695 1155 3749 et
1168 3689 1249 3769 apud
1266 3689 1349 3769 ipsos
1372 3688 1506 3752 homines

155 3783 207 3845 sit·
222 3780 316 3843 totius
344 3800 454 3843 causae
482 3780 689 3863 principatns3
719 3778 796 3858 quod
820 3786 941 3841 etcum
970 3777 1172 3859 superioribus
1199 3778 1302 3842 multis
1324 3786 1356 3841 et
1378 3797 1445 3842 cnm
1468 3778 1506 3841 iia

155 3891 234 3955 qnae
258 3878 419 3951 sequentur
440 3871 562 3949 pulchre
586 3870 732 3951 quadrare
755 3867 900 3931 invenies.

246 3960 298 4022 Ad
321 3961 446 4021 eundem
467 3960 594 4022 modum
625 3957 766 4021 etiamsi
790 3958 856 4040 quis
885 3958 962 4021 alius
992 3956 1100 4019 stellae
1132 3974 1238 4018 sensus
1262 3956 1311 4020 vel
1334 3954 1505 4020 aestimatio

156 4069 228 4113 ease
250 4049 363 4130 potnit,
395 4049 580 4129 astrologica
606 4047 741 4110 nimirum
765 4055 818 4110 ant
844 4046 993 4128 vulgaris,
1027 4065 1066 4108 ea
1086 4045 1220 4108 homines
1243 4047 1283 4108 ad
1305 4045 1367 4108 alia
1389 4054 1422 4109 et
1444 4046 1507 4110 alia

156 4138 260 4221 potnit
291 4138 440 4200 inducere.
489 4136 568 4210 Quid
597 4138 622 4199 si
646 4156 772 4217 namque
796 4138 903 4217 vulgus
940 4133 1105 4210 hominnm,
1143 4134 1343 4199 celebratione
1375 4135 1506 4200 Novas

155 4227 267 4292 atellae
281 4227 312 4289 in
327 4228 583 4307 exspectationem
601 4246 698 4290 rernm
722 4246 892 4289 novarum
907 4233 1050 4301 erectum,
1069 4223 1186 4287 facilius
1200 4224 1270 4287 novi
1284 4225 1355 4306 quid
1373 4225 1506 4300 admisit,

153 4333 335 4402 persuasum
357 4316 388 4380 id
412 4317 505 4378 fatale
529 4335 595 4378 ease
619 4324 651 4377 et
674 4316 858 4379 necessitate
882 4316 1013 4397 quadam
1044 4314 1226 4394 promoveri,
1259 4315 1384 4377 incensa
1414 4314 1507 4378 etiam

154 4404 332 4491 prodigiosa
355 4406 446 4468 stella
468 4406 497 4468 in
522 4405 587 4483 ejus
610 4405 761 4487 gratiam?
794 4402 875 4476 Quid
893 4405 919 4467 si
942 4404 1052 4484 privati
1076 4402 1167 4484 aliqui
1190 4422 1243 4484 per
1265 4403 1451 4484 Hungariam
1473 4411 1507 4467 et

155 4495 348 4558 Britanniam
382 4494 641 4573 argumentatione
674 4492 857 4575 astrologica
886 4493 1001 4556 inducti
1031 4493 1152 4554 stellam
1181 4493 1259 4556 hanc
1288 4493 1396 4556 bonnm
1419 4512 1505 4558 oman

155 4584 351 4665 interpretati
374 4592 444 4647 sunt
475 4584 654 4656 (laudabant
681 4582 758 4646 enim
782 4602 849 4646 eam
872 4584 910 4647 ob
934 4582 1052 4646 luminis
1082 4583 1324 4645 amoenissimum
1356 4583 1504 4663 fulgorem

155 4673 308 4756 plurimi),
334 4682 365 4735 et
388 4674 466 4754 quod
489 4674 518 4734 in
542 4674 629 4734 domo
651 4671 739 4734 Jovis
763 4673 912 4749 fulsisset,
947 4691 1036 4735 verae
1067 4672 1204 4749 religioni
1228 4691 1294 4733 eam
1321 4671 1503 4753 patrocinari

156 4762 301 4827 arbitrati
325 4764 428 4845 (quam
452 4781 489 4823 ex
512 4782 565 4824 sno
589 4782 699 4824 suaeve
718 4764 813 4843 partis
833 4763 947 4842 jndicio
970 4760 1087 4841 utrique
1111 4761 1338 4836 aestimabant),
1363 4760 1416 4822 illa
1439 4759 1505 4823 anai

158 4860 231 4916 sunt
254 4863 416 4927 attentare,
441 4871 515 4930 qnae
540 4852 634 4914 omnis
658 4852 794 4932 loquetur
815 4848 1004 4931 posteritas?
1028 4848 1107 4922 Quid
1132 4851 1159 4913 si
1183 4852 1310 4926 exstitit,
1336 4851 1386 4933 qni
1409 4853 1504 4912 novat

157 4943 314 5022 religionis
338 4951 391 5004 aut
412 4960 508 5008 novae
531 4942 615 5022 pacis
638 4942 668 5004 in
692 4941 834 5021 religione
857 4949 1109 5004 commentaretnr
1132 4940 1287 5016 articulos,
1313 4941 1504 5004 confirmatus

151 5033 270 5098 atellae
301 5031 388 5113 bujns
404 5032 739 5094 ¹consideratione-non
769 5031 950 5111 astrologica
974 5032 1028 5093 sed
1055 5030 1183 5112 simplici
1205 5037 1237 5094 et
1258 5030 1390 5109 vulgari,
1424 5030 1504 5113 qnod

1231 5132 1292 5185 dd*
