3692 5842
243 461 288 528 40
645 465 745 516 Literae
764 464 865 530 Kepleri
884 465 1035 529 aliorumque
1052 471 1154 515 mutuae

242 641 370 705 speculum
390 640 510 699 comitur,
536 656 585 689 non
605 640 695 691 cadere
714 644 739 691 in
759 642 886 692 cathetum
905 642 1072 700 incidentiae,
1100 641 1217 706 quidquid
1236 641 1323 691 dicant
1342 639 1425 704 optici.
1465 636 1544 687 Haec
1563 626 1616 684 cir·-

242 724 343 772 rorrrpc
361 712 440 761 scribo
459 718 485 761 ct
503 727 579 776 rogo,
599 719 627 761 ut
646 720 672 762 et
690 712 728 761 'I'u
746 715 771 761 in
790 715 891 777 speculo
910 716 959 762 ista
978 713 1095 777 explores.

315 782 363 831 Sed
383 789 436 833 esto
455 780 510 847 (fig.
531 780 577 842 22)
597 783 664 832 aliud
684 784 811 846 speculum
831 785 913 840 Gna,
943 787 1012 847 cujus
1037 790 1147 833 centrum
1167 784 1206 838 D,
1236 790 1261 832 et
1286 781 1391 831 bacillus
1417 779 1535 843 obliquos
1556 777 1614 837 ΖΜ,

243 854 329 903 oculus
339 853 374 910 E,
394 860 421 902 et
434 854 577 902 extremitas
595 853 677 902 bacilli
697 856 797 903 inferior
809 855 836 904 Μ
847 858 878 905 sit
897 856 970 918 paulo
989 855 1101 904 humilior
1120 846 1204 903 centro
1218 854 1255 901 D:
1275 853 1335 902 dicit
1349 850 1451 901 Vitellio
1466 847 1555 910 (vm.
1568 845 1614 908 lb)

242 925 424 974 extremitatem
442 922 471 971 M
491 936 610 987 apparere
629 926 693 974 citra
711 927 838 989 speculum
856 929 882 975 in
902 927 936 985 L,
959 933 1058 988 propter
1076 926 1202 975 cathetum
1221 924 1374 974 incidentiae
1393 921 1457 970 Illi.
1499 920 1614 970 Alteram

240 1008 316 1050 vero.
336 1002 398 1058 puta
416 995 572 1043 remotiorem
592 995 627 1053 Z,
648 998 725 1045 risum
745 999 773 1045 iri
792 1000 816 1045 in
837 997 875 1050 K.
897 1000 972 1046 etiam
993 998 1054 1045 citra
1073 997 1211 1059 speculum,
1229 1002 1328 1057 propter
1347 992 1479 1042 cathetum
1500 990 1613 1041 inciden-

241 1067 295 1114 tiae
314 1064 359 1113 ZD
379 1066 414 1114 ibi
442 1079 498 1113 cum
525 1065 591 1114 linea
619 1067 759 1116 reflexiouis
779 1075 973 1117 concurrentem.
1012 1069 1046 1116 At
1065 1067 1216 1129 experientia
1240 1074 1371 1128 utramque
1391 1071 1465 1112 extra
1484 1061 1613 1125 speculam

241 1134 324 1190 locat.
345 1141 374 1184 ut
393 1135 496 1184 cuilibet
515 1136 641 1199 explorare
661 1137 735 1186 facile
754 1146 799 1187 est.
838 1138 926 1201 Itaque
946 1146 971 1187 et
983 1138 1030 1186 lrac
1051 1138 1220 1185 observatione
1239 1136 1389 1193 ostenditur,
1409 1133 1551 1198 imaginem
1565 1147 1613 1181 nou

241 1207 267 1254 in
287 1206 389 1255 catheto
409 1220 452 1254 suo
474 1220 607 1269 apparere,
626 1209 693 1256 sicut
711 1208 836 1258 docebant
854 1211 936 1273 optici.
980 1210 1033 1271 Ego
1062 1208 1141 1256 ductis
1164 1206 1288 1269 parallelis
1308 1206 1476 1269 apparentiae
1496 1202 1612 1261 ΒΕΖΗ,

245 1276 381 1342 imaginem
400 1276 499 1326 termini
519 1292 563 1325 seu
582 1280 744 1327 extremitatis
764 1280 789 1328 il
809 1280 916 1328 dicerem
936 1280 1010 1328 rideri
1028 1281 1053 1327 in
1072 1279 1104 1333 F.
1125 1278 1143 1325 Z
1164 1279 1188 1325 in
1207 1278 1239 1325 H.
1278 1277 1310 1324 Et
1328 1278 1386 1339 quia
1405 1278 1493 1339 imago
1512 1273 1614 1323 Hlatet

241 1352 298 1408 post
317 1347 352 1403 I',
382 1356 409 1396 ut
430 1349 539 1410 conspici
558 1364 607 1397 non
626 1351 704 1412 possit
724 1352 755 1399 ab
775 1351 845 1400 ocnlo
865 1351 900 1407 Ε,
928 1358 1065 1413 apponatur
1084 1350 1175 1412 digitus
1194 1348 1345 1397 extremitati
1364 1345 1448 1396 bacilli
1469 1345 1509 1401 Z,
1538 1352 1613 1408 atque

515 1453 567 1517 fig·
589 1451 622 1501 23
912 1423 949 1539 ihta
963 1435 996 1539 gx
1016 1422 1085 1484 signo
1098 1420 1244 1482 prominenti
1258 1419 1326 1467 locus
1345 1418 1464 1482 imaginis
1478 1415 1505 1465 Η
1524 1430 1613 1479 appre-

625 1492 629 1499 ’
931 1507 960 1539 en
980 1493 986 1538 i
1006 1496 1095 1554 potest.

961 1561 1043 1609 Unum
1064 1560 1153 1608 addam
1174 1573 1203 1607 ex
1226 1558 1364 1610 Vitellianis
1384 1558 1427 1606 lib.
1447 1556 1524 1606 VIII.
1545 1571 1613 1621 prop.

909 1628 949 1678 62.
970 1632 1122 1682 desumtum.
1154 1629 1218 1692 quod
1242 1636 1267 1678 et
1285 1630 1365 1693 ipsum
1393 1630 1536 1691 opticornm
1556 1642 1613 1677 aen·

908 1703 1012 1750 tentiam
1041 1710 1175 1764 oppugnat.
1213 1699 1278 1749 Nam
1308 1700 1372 1748 oculi
1392 1699 1425 1754 Β,
1444 1699 1466 1747 Τ
1487 1695 1615 1763 (ngat).

908 1774 972 1819 inter
992 1778 1101 1819 centrum
1121 1770 1212 1833 speculi
1232 1771 1257 1819 K
1278 1779 1304 1819 et
1322 1771 1404 1818 iocum
1425 1768 1445 1817 F
1466 1770 1570 1832 positi..
1588 1783 1616 1817 ac

909 1848 993 1889 mutuo
1020 1843 1172 1903 conspiciunt
1200 1855 1243 1903 per
1271 1847 1390 1903 puuctum
1418 1841 1565 1891 reflexionia
1584 1839 1614 1887 G.

910 1912 1001 1959 Verum
1021 1913 1143 1973 imagines
1161 1926 1244 1959 eorum
1264 1926 1313 1958 non
1333 1918 1457 1972 apparent
1477 1917 1537 1972 post
1554 1924 1616 1959 ocn-

910 1984 960 2040 los‚
981 1983 1021 2029 ubi
1041 1981 1134 2029 catheti
1154 1979 1377 2032 incidentiaeBK.
1398 1980 1447 2029 ΤΚ
1467 1995 1527 2028 curn
1542 1981 1615 2028 iineIa

911 2052 1049 2101 rellerinnis
1065 2051 1122 2102 GT.
1142 2051 1186 2099 (iii
1206 2058 1354 2099 concurrunt
1373 2051 1398 2097 in
1412 2050 1473 2098 Xct
1487 2049 1516 2106 S.
1537 2049 1618 2099 utille

911 2124 977 2180 ruit,
1006 2123 1049 2170 sed
1069 2129 1137 2169 extra
1162 2121 1287 2183 speculum
1307 2129 1334 2168 ut
1354 2119 1429 2168 docet
1449 2122 1617 2183 experientia

912 2193 984 2252 Quod
1009 2194 1028 2239 si
1055 2192 1150 2239 oculum
1170 2191 1190 2238 B
1211 2191 1331 2244 claudas.
1361 2190 1449 2240 oculus
1469 2191 1492 2238 T
1514 2197 1618 2254 apertus

912 2265 1003 2312 ridebit
1026 2264 1092 2311 circa
1112 2261 1133 2311 0
1152 2264 1285 2326 imaginem
1314 2261 1379 2310 oculi
1408 2261 1506 2310 clausi:
1537 2261 1619 2310 sin‘I'

913 2334 1023 2388 claudas,
1035 2333 1055 2380 B
1067 2343 1167 2395 apertus
1181 2332 1273 2380 ridebit
1284 2334 1308 2380 in
1318 2330 1490 2396 Rimaginenr
1501 2332 1524 2381 Τ
1534 2332 1617 2382 clanai

913 2413 968 2468 post
991 2404 1131 2466 speculum.
1160 2406 1183 2451 iu
1211 2404 1263 2451 loco
1289 2403 1433 2468 longissime
1454 2418 1470 2453 a
1492 2417 1618 2454 contami

914 2475 1007 2526 catheti
1028 2489 1081 2522 cum
1101 2473 1168 2522 linea
1186 2473 1324 2523 reflexionis
1343 2482 1448 2522 remoto.

965 2545 1037 2604 Quod
1066 2546 1085 2591 si
1116 2544 1196 2593 adhuc
1223 2545 1357 2606 opticornm
1383 2545 1495 2606 opinioni
1523 2543 1619 2594 adhae-

914 2631 968 2670 res,
998 2629 1094 2663 assume
1114 2614 1197 2663 Vitell.
1218 2613 1288 2669 I’Ill.
1310 2611 1359 2665 67.
1386 2616 1429 2663 ubi
1449 2617 1486 2663 rei
1507 2616 1579 2664 visae
1598 2617 1620 2666 B

914 2685 968 2748 (fig.
981 2683 1026 2744 tt)
1045 2685 1123 2734 iorma
1141 2700 1184 2748 per
1202 2685 1361 2747 multiplicem
1373 2686 1538 2735 reflexionem
1549 2688 1620 2735 atri·

914 2759 959 2805 bus
978 2755 1082 2819 speculis
1102 2758 1216 2805 concavis
1235 2757 1387 2805 intermediis
1401 2757 1433 2809 G.
1445 2755 1479 2812 I),
1496 2757 1621 2807 Basilina

915 2829 1022 2882 iactam,
1050 2827 1151 2874 tandem
1178 2827 1210 2875 ad
1236 2826 1332 2875 oculum
1351 2829 1374 2875 Λ
1394 2828 1565 2877 transfertur:
1596 2837 1622 2877 et

915 2897 1107 2950 ostendamini,
1138 2898 1179 2944 ubi
1206 2897 1274 2945 locus
1302 2898 1419 2962 imaginis
1449 2899 1482 2947 ab
1503 2897 1580 2949 oculo
1601 2903 1621 2948 Δ

914 2971 981 3016 sisae
1000 2970 1032 3015 sit
1050 2968 1160 3015 iuturus:
1181 2976 1206 3015 et
1225 2969 1272 3015 eris
1291 2967 1349 3016 mihi
1368 2982 1479 3032 magnus
1499 2970 1602 3033 Apollo.

970 3038 1102 3087 Ostensum
1128 3045 1166 3085 cst
1191 3040 1265 3101 igitur
1294 3040 1446 3089 rationibus.
1478 3048 1509 3088 nt
1533 3043 1624 3104 opinor

914 3124 963 3158 non
974 3110 1082 3163 lammis,
1102 3109 1134 3156 ab
1144 3110 1296 3170 experientia
1306 3109 1430 3162 deductis.
1452 3112 1520 3174 quod
1536 3114 1623 3178 image

916 3196 977 3228 non
996 3181 1028 3226 sit
1047 3181 1070 3224 in
1091 3178 1190 3227 catheto
1210 3180 1370 3228 incidentiae.
1411 3181 1432 3229 li
1445 3181 1479 3230 bi
1500 3198 1560 3232 rero
1580 3186 1622 3242 ait,

917 3250 1023 3298 nondum
1043 3257 1139 3300 statuo:
1168 3249 1292 3311 probabile
1317 3259 1402 3299 tamen
1423 3254 1506 3308 duco.
1537 3255 1623 3305 iocum

917 3324 970 3381 ejus
980 3322 1004 3367 in
1016 3334 1134 3367 concursu
1145 3320 1181 3367 rel
1193 3321 1369 3369 intersectione
1380 3320 1466 3372 lineae
1477 3325 1624 3374 reflexionia

915 3398 941 3440 et
959 3389 1092 3452 parallelae
1113 3392 1272 3452 apparentiae
1293 3406 1355 3439 esse.
1395 3393 1442 3442 llic
1463 3404 1491 3443 tu
1511 3411 1569 3451 me.
1589 3398 1624 3445 nri

915 3461 1035 3522 Raptam,
1056 3475 1096 3522 pro
1116 3475 1145 3507 eo
1165 3476 1211 3524 quo
1229 3462 1368 3523 praeditum
1382 3474 1408 3512 te
1428 3466 1502 3514 rideo
1524 3469 1622 3532 ingenii

915 3532 1028 3580 acumine
1048 3531 1152 3591 adiuva.
1182 3532 1218 3579 rel
1247 3534 1392 3595 corrigendo
1420 3545 1551 3586 errantem
1583 3538 1623 3586 rel

915 3600 1082 3648 continuando
1104 3610 1171 3649 recte
1190 3603 1354 3651 incedentem.
1383 3604 1497 3655 Habebis
1518 3624 1560 3656 me
1571 3625 1623 3658 uon

916 3670 1055 3719 difficilem:
1076 3672 1194 3734 siquidem
1208 3675 1345 3735 propositus
1356 3674 1415 3723 mihi
1436 3677 1512 3739 hujus
1534 3681 1621 3745 dispu-

916 3742 1017 3790 tationis
1036 3755 1121 3803 scopus
1133 3751 1229 3790 estnon
1244 3745 1345 3792 victoria
1356 3746 1401 3794 sed
1411 3750 1522 3802 veritae:
1544 3766 1624 3815 qnam

918 3815 938 3861 si
958 3819 983 3858 tu
1002 3812 1060 3859 mihi
1085 3816 1271 3866 monstraveris.
1305 3816 1392 3863 lubens
1422 3832 1516 3868 manua
1546 3823 1624 3872 dabo.

919 3883 947 3932 ld
966 3883 1063 3929 unicum
1083 3888 1166 3930 tamen
1185 3883 1274 3943 hortor,
1295 3892 1322 3933 ut
1336 3890 1521 3949 experientiam
1542 3894 1623 3942 arbit·

918 3968 970 4002 rum
991 3966 1117 4000 accerses:
1137 3966 1195 4001 nam
1213 3955 1319 4016 proclive
1339 3965 1378 4005 est
1398 3973 1496 4019 errare,
1525 3965 1547 4010 si
1568 3966 1626 4028 qnia

918 4023 975 4070 solis
994 4023 1141 4074 rationibus.
1162 4026 1328 4086 experientiae
1347 4030 1491 4079 carceribus
1510 4047 1564 4083 non
1584 4037 1623 4084 iu·

918 4093 991 4141 cincla
1021 4092 1064 4139 sed
1084 4092 1157 4140 libere
1183 4097 1346 4159 ragantibus.
1375 4102 1481 4149 nitatur.
1522 4105 1626 4155 Adhibe

917 4161 1043 4224 speculum
1054 4175 1197 4222 concavum,
1212 4181 1260 4213 non
1272 4168 1343 4226 exile,
1364 4170 1408 4219 sed
1417 4174 1505 4232 josue
1519 4179 1624 4244 magni.

917 4231 1026 4287 tudinis;
1055 4233 1074 4278 si
1103 4233 1146 4281 tibi
1165 4234 1257 4284 nullum
1282 4246 1335 4294 est,
1366 4241 1407 4289 iac
1427 4241 1548 4294 i'enetiis
1578 4249 1625 4298 tibi

918 4300 1011 4357 afferri,
1032 4302 1072 4350 nbi
1092 4303 1190 4352 renalia
1208 4314 1299 4367 parata
1316 4309 1450 4361 habentur.

988 4371 1059 4420 Ilaec
1095 4372 1264 4438 Brenggerus;
1301 4394 1366 4441 quae
1402 4398 1476 4446 porro
1510 4401 1624 4454 sequun-

915 4448 970 4495 tur.
991 4441 1090 4490 inierins
1108 4444 1235 4508 legentur:
1259 4450 1311 4508 lam
1330 4466 1344 4499 e
1364 4458 1530 4517 responsione
1551 4461 1625 4525 Kep-

915 4511 1009 4630 lerritiea
1028 4512 1165 4631 {xhibenda
1183 4530 1327 4577 censemus,
1347 4536 1413 4586 quae
1430 4527 1626 4591 supramissa

915 4595 946 4642 pe
980 4596 1047 4631 nen.

341 4661 516 4734 Plurimum,
542 4665 668 4717 exorditur
684 4659 859 4724 liemarus,
893 4670 939 4710 nie
965 4653 1150 4716 delectarunt
1185 4667 1254 4718 tuae
1280 4661 1403 4737 literae,
1435 4665 1626 4734 Clarissima

251 4748 325 4820 Vir,
351 4768 419 4810 corn
450 4756 575 4827 propter
605 4744 666 4804 alia
699 4739 794 4800 inulta
825 4746 886 4799 tom
916 4742 1043 4803 maxime
1074 4743 1150 4821 quod
1176 4746 1347 4812 libertatem
1378 4753 1406 4814 iu
1431 4757 1626 4841 philosopho

250 4840 412 4914 tantopere
437 4833 642 4896 commendas.
691 4826 773 4888 Nihil
797 4834 918 4904 poteras
943 4830 1038 4908 magis
1062 4830 1100 4891 ad
1115 4849 1211 4893 meam
1226 4840 1411 4903 sententiam
1437 4846 1624 4925 exprimen-

251 4920 332 4997 dam,
357 4941 425 4984 uam
450 4929 556 4984 contra
572 4915 764 4980 adversarios
788 4914 875 4991 hujus
891 4915 1019 4979 instituti
1040 4937 1075 4979 ne
1091 4918 1302 4998 disputandum
1319 4929 1440 5010 quidem
1457 4933 1622 5002 esistiuro.
