3692 5842
240 493 306 562 rso
777 546 779 550 .
834 493 999 543 Prooemium·

242 671 408 745 constituit,
434 672 595 749 tubamque
620 670 734 732 invenit
758 670 933 731 dissimilem
959 669 1013 742 iis,
1048 668 1096 747 qui
1127 677 1191 730 tum
1221 667 1249 729 in
1282 686 1338 729 usu
1368 673 1474 742 erant,
1512 684 1595 746 queue

241 761 330 825 bodie
355 778 496 822 vocamus
521 760 850 833 ,astronomicum‘
875 779 929 819 seu
953 759 1071 819 tubum
1095 757 1258 835 Kepleri.

330 849 492 910 Rationem
516 848 651 928 sequitur
674 848 703 908 in
727 867 816 927 opere
840 867 910 920 suo,
943 865 1019 925 quae
1044 847 1159 906 illorum
1184 854 1352 923 temporum
1375 843 1597 904 mathematicis

242 939 304 999 fere
329 938 416 998 unica
440 946 516 1010 erat,
541 937 766 1016 geometricam,
790 936 923 997 innixam
946 934 1082 996 Euclidis
1105 934 1292 1007 Elementis3
1321 931 1501 995 Euclidis
1527 949 1597 994 vero

243 1025 416 1107 Opticam
450 1026 572 1106 ejusque
607 1033 869 1086 commentatorem
891 1025 972 1086 Joh.
998 1024 1129 1084 Penam
1164 1023 1221 1084 sibi
1255 1023 1360 1083 ducem
1394 1020 1508 1098 elegit,
1541 1039 1596 1082 nou

242 1113 389 1193 neglectis
417 1114 471 1185 iis,
500 1116 549 1193 qui
574 1124 643 1175 ante
668 1114 763 1193 ipsum
787 1114 824 1174 de
854 1114 962 1193 opticis
986 1120 1127 1191 egerunt,
1161 1111 1340 1184 Vitellione,
1370 1110 1481 1182 Porta,
1514 1108 1598 1182 aliis;

241 1221 420 1283 quamquam
445 1211 561 1263 tantum
576 1203 683 1275 abfuit,
708 1213 741 1263 ut
764 1211 876 1263 temere
900 1203 1018 1263 illorum
1044 1199 1173 1279 vestigia
1186 1211 1346 1279 premeret,
1371 1207 1487 1259 utnon
1513 1216 1596 1258 rere·

241 1302 343 1363 retur,
377 1310 452 1369 quae
478 1292 534 1369 ipsi
560 1292 638 1351 falsa
672 1292 870 1364 videbantur,
909 1291 1046 1351 refellere
1079 1307 1215 1368 novaque
1249 1298 1281 1350 et
1317 1288 1445 1349 meliora
1478 1305 1595 1364 ponere.

243 1379 445 1441 Praefationis
470 1381 600 1440 maxima
630 1387 718 1457 parte
742 1380 806 1457 agit
829 1379 979 1458 Keplerus
1010 1380 1048 1439 de
1071 1378 1173 1439 Penae
1195 1376 1386 1456 praefatione
1412 1376 1440 1436 iu
1464 1375 1596 1436 Euclidis

242 1466 398 1547 Opticaru,
435 1469 545 1546 partim
577 1470 722 1540 laudans,
754 1468 864 1547 partim
893 1468 1062 1546 increpans.
1110 1466 1231 1527 Laudat
1263 1465 1377 1527 Penam
1412 1464 1595 1542 rejiciente·

244 1557 430 1635 ,sphaeras“
466 1565 598 1617 veterum
622 1557 652 1617 in
677 1557 775 1629 coelo,
807 1557 916 1618 refellit
949 1556 1027 1617 illius
1057 1573 1186 1617 errorem
1224 1554 1423 1616 refractiones
1451 1553 1596 1632 negantis,

244 1645 331 1707 simul
364 1664 450 1704 suam
481 1645 575 1724 ipsius
608 1654 750 1724 repetens
783 1646 891 1706 falsam
924 1646 960 1705 de
995 1643 1154 1705 altitudine
1188 1644 1268 1705 aeris
1291 1641 1465 1721 opinionem
1489 1647 1593 1720 (cavmp.

245 1732 318 1813 Opt.
342 1751 372 1812 p.
394 1730 501 1806 212.);
526 1733 644 1812 probat,
669 1754 744 1813 quae
771 1735 852 1794 Pena
876 1734 964 1795 affert
987 1733 1023 1793 de
1047 1732 1203 1794 itineribus
1226 1732 1417 1811 planetarum
1442 1749 1594 1808 ericumque

244 1822 346 1883 ordine
371 1821 540 1900 Terraeque
565 1831 647 1883 motu
667 1824 746 1884 circa
761 1822 863 1884 Solem
884 1819 1073 1896 immobilem,
1098 1822 1222 1883 fixarum
1245 1829 1353 1883 contra
1376 1827 1492 1880 nictum
1516 1819 1593 1888 inae·

243 1911 374 1989 qualem,
401 1929 487 1989 quem
505 1911 586 1971 Pena
601 1911 708 1990 opticis
728 1912 859 1973 adstruit
878 1910 1053 1984 rationibus,
1079 1918 1188 1988 negat3
1214 1907 1413 1989 Cepernicuur
1432 1905 1594 1969 Ptolemaei

245 2000 368 2072 ,Lunae
392 1998 594 2079 hypotlresin“
619 2001 845 2078 impugnantem
869 2009 976 2062 contra
991 2000 1105 2060 Penam
1128 1999 1279 2071 defendit3
1303 1995 1500 2076 argumentis,
1525 2013 1593 2076 quas

242 2088 326 2148 Pena
349 2102 454 2148 contra
473 2088 651 2149 Aristotelis
676 2090 835 2166 sphaeram
859 2090 938 2167 ignis
961 2088 1086 2166 profert,
1112 2088 1173 2148 alia
1196 2087 1282 2149 addit
1295 2087 1447 2163 Keplerus
1473 2085 1593 2146 firmiora

239 2175 341 2236 Penae
366 2176 566 2254 argumentis,
601 2177 650 2255 qui
681 2177 786 2238 iterum
811 2186 904 2256 negat
927 2178 1124 2238 retractiones
1149 2176 1178 2236 iu
1202 2176 1297 2236 coelo.
1345 2175 1392 2234 De
1416 2183 1591 2234 cometam!

242 2273 351 2325 natura
380 2264 483 2325 Penae
516 2266 697 2327 sententiam
731 2284 788 2327 non
822 2268 911 2345 plane
945 2264 1137 2344 rejiciendam
1168 2273 1272 2326 censet
1300 2264 1472 2343 Keplerus,
1505 2279 1591 2340 neque

241 2353 323 2413 illam
356 2353 392 2412 de
416 2353 465 2413 via
490 2354 607 2427 lactea;
638 2373 714 2433 quae
739 2372 808 2415 vero
833 2356 883 2417 ille
908 2356 945 2415 de
969 2355 1052 2415 visus
1076 2354 1191 2414 ratione
1213 2353 1348 2432 profert,
1377 2352 1469 2430 plane
1493 2349 1588 2430 rejicit,

240 2441 278 2502 ad
304 2460 341 2502 ea
364 2441 537 2521 respiciens,
563 2442 691 2522 quaein
718 2442 829 2522 Optiea
853 2445 889 2504 de
915 2444 981 2504 visu
1004 2443 1133 2504 dixerat.

328 2530 416 2602 llinc,
441 2531 533 2590 misso
558 2532 650 2603 Pena,
675 2532 785 2593 transit
800 2533 949 2612 Keplerus
973 2532 1003 2593 in
1026 2531 1215 2610 praefatione
1239 2548 1296 2589 sua
1318 2528 1358 2589 ad
1378 2527 1589 2598 Galilaeum.

241 2619 374 2680 referens
398 2638 449 2694 ea,
475 2638 551 2697 quae
576 2620 625 2680 ille
649 2638 674 2681 c.
700 2622 786 2681 finem
820 2622 888 2682 anni
919 2618 1000 2684 1610
1024 2629 1057 2681 et
1079 2619 1164 2681 initio
1193 2618 1264 2679 anni
1288 2618 1443 2698 sequentis
1469 2633 1545 2676 noca
1564 2616 1588 2674 iu

240 2708 324 2768 coelo
349 2708 413 2769 tubi
438 2706 529 2786 optici
554 2727 610 2787 ope
634 2709 801 2784 detexerat,
826 2711 1000 2789 praemissis
1020 2708 1134 2787 paucis,
1158 2727 1234 2788 quae
1258 2707 1294 2768 de
1318 2707 1470 2786 prioribus
1493 2705 1587 2766 iuren-

242 2796 374 2857 tionibus
391 2795 522 2857 Galilaei
547 2797 575 2858 in
600 2797 750 2876 publicum
775 2799 958 2877 prodierant.
997 2797 1082 2868 Quae
1108 2816 1196 2877 quum
1219 2796 1342 2875 propius
1366 2797 1536 2876 pertineant
1555 2791 1587 2852 ud

243 2883 378 2958 libellos,
414 2905 488 2963 quos
518 2905 608 2964 supra
632 2887 781 2959 diximus,
814 2888 937 2966 Kepleri
962 2887 1136 2966 Dioptricae
1160 2887 1367 2965 praemissos,
1401 2884 1485 2945 illam
1507 2899 1586 2961 prac-

247 2972 371 3033 fationis
405 2975 444 3033 ad
468 2973 655 3053 Dioptricam
679 2985 796 3054 partem
826 2976 864 3036 ab
896 2976 954 3037 liae
982 2975 1200 3054 sejungendum
1229 2976 1348 3054 illisque
1383 2973 1494 3035 libellis
1523 2989 1585 3032 ooo-

239 3061 426 3139 jungendam
452 3064 630 3136 censuimus,
655 3064 704 3142 qui
724 3064 788 3142 jam
813 3064 991 3142 respiciendi
1015 3074 1095 3125 sunt.

332 3151 422 3211 Anno
451 3148 533 3214 1609
558 3153 639 3213 circa
663 3173 795 3214 mensem
818 3154 933 3231 Majunr
958 3152 1155 3214 Galilaeus
1179 3151 1318 3214 nuncium
1343 3151 1463 3230 accepit
1486 3147 1586 3211 investi

243 3238 270 3297 in
295 3238 403 3318 Belgia
428 3240 626 3319 „perspicilli‚
653 3243 737 3320 eujus
761 3243 904 3304 beneficio
929 3242 1051 3321 objecto
1074 3241 1208 3303 visibilia
1232 3241 1303 3301 lieet
1327 3242 1365 3300 ab
1391 3241 1479 3301 oculo
1502 3237 1586 3316 inspi-

206 3373 209 3382 .
243 3326 350 3388 cientis
374 3329 462 3407 longe
487 3329 597 3390 dissita
621 3330 663 3391 uti
687 3331 853 3410 propinqua
881 3330 1023 3392 distincte
1056 3331 1288 3391 cernebantur.“
1335 3327 1471 3390 Jacobus
1495 3327 1584 3387 liade·

241 3435 311 3478 rere
342 3417 451 3479 nobilis
477 3416 586 3478 Gallus
615 3419 712 3480 literis
736 3420 774 3479 ad
800 3418 971 3481 Galilaeunr
996 3419 1122 3481 Parisiis
1156 3419 1236 3479 datis
1269 3418 1324 3479 hoc
1358 3416 1543 3482 confirmarit
1561 3423 1588 3473 et

245 3506 294 3578 „iu
319 3526 414 3567 causa
438 3507 503 3578 luit,
531 3516 564 3567 ut
587 3509 626 3568 ad
651 3508 783 3569 rationes
808 3509 1001 3587 inquirendas
1025 3527 1080 3570 nee
1103 3528 1162 3570 nou
1187 3507 1287 3569 media
1310 3507 1521 3584 excogitanda,
1543 3519 1588 3584 pet

242 3613 321 3673 «puae
346 3595 384 3655 ad
409 3596 576 3656 consimilis
600 3597 704 3672 organi
728 3597 931 3658 inventionem
955 3597 1128 3671 deveniret,
1163 3595 1322 3658 Galilaeus
1347 3615 1381 3656 se
1406 3603 1502 3657 toturn
1524 3611 1587 3655 con·

240 3684 405 3744 verteret.“
454 3682 567 3762 Optica
599 3686 673 3747 duce
706 3687 835 3747 confecit
867 3685 1026 3747 Galilaeus
1060 3687 1163 3747 tubum
1200 3686 1297 3765 primo
1338 3683 1531 3764 plumbeum,
1564 3681 1588 3740 iu

240 3772 327 3848 cnjus
352 3773 596 3834 extremitatibus
621 3775 718 3835 vitrea
742 3776 800 3835 duo
824 3775 1018 3855 perspicilla,
1054 3775 1143 3836 ambo
1176 3794 1213 3836 ex
1248 3775 1347 3836 altera
1378 3782 1467 3853 parte
1498 3773 1587 3853 ploos,

244 3879 279 3917 ex
305 3859 403 3919 altera
427 3880 498 3921 sero
523 3881 612 3922 uirium
641 3864 800 3939 sphaerico
833 3883 1013 3938 convexum,
1048 3865 1174 3925 alterum
1207 3883 1279 3925 vero
1312 3881 1439 3935 cavum,
1473 3860 1588 3943 aptarit.

242 3948 307 4008 lloc
332 3947 530 4010 instrumento
555 3951 675 4028 objecta
699 3951 788 4028 triplo
812 3954 927 4030 majora
951 3954 1156 4033 apparebant,
1192 3953 1394 4015 instrumento
1418 3969 1490 4012 vero
1512 3957 1588 4028 post-

244 4036 301 4097 hae
325 4037 483 4108 confecto,
517 4040 677 4117 sexagies,
703 4040 762 4100 alio
789 4041 991 4113 ,excellenti“
1026 4042 1136 4104 millies
1166 4043 1245 4118 fere,
1279 4061 1369 4123 quam
1400 4040 1427 4101 si
1451 4035 1589 4114 ,ouunli

245 4132 361 4186 tantum
388 4127 533 4186 facultate
558 4129 762 4206 spectentur.“

330 4215 397 4274 Hoc
422 4234 492 4274 usus
517 4216 715 4278 instrumento
749 4217 777 4277 in
812 4219 926 4278 coelum
958 4219 1059 4279 oeulos
1083 4218 1234 4280 convertit
1258 4215 1440 4289 Galilaeae,
1477 4219 1590 4297 primum

242 4304 368 4373 laruam,
394 4303 502 4363 deinde
527 4305 633 4363 stellas
657 4306 733 4365 fixas
757 4314 789 4366 et
812 4307 889 4366 riam
910 4307 1049 4375 lacteam,
1074 4308 1202 4386 denique
1226 4308 1367 4385 planetas
1392 4319 1425 4368 et
1448 4308 1526 4369 inter
1546 4321 1590 4366 eo·

248 4392 409 4470 praecipue
442 4391 551 4453 dorem
583 4392 757 4455 observans.
809 4393 893 4464 Qiiae
927 4396 984 4475 ipsi
1018 4397 1073 4456 hac
1106 4399 1222 4458 ratione
1255 4407 1461 4476 apparuerunt
1492 4391 1589 4478 publici

239 4481 318 4557 juris
343 4480 414 4541 fecit
437 4479 465 4540 in
490 4481 631 4558 opusculo
661 4483 712 4543 illo
736 4484 864 4556 celebri,
900 4487 977 4564 qrrod
1003 4485 1175 4564 inscripsit:
1208 4485 1391 4547 Siderous
1414 4485 1589 4552 Nuntius.

243 4587 354 4645 inagna
386 4568 533 4647 longeque
567 4570 755 4631 admirabilia
780 4575 957 4650 spectacula
980 4575 1129 4651 pandens,
1155 4574 1409 4654 suspiciendaque
1433 4593 1590 4655 preponens

246 4657 422 4735 unicuique,
452 4659 628 4734 praesertim
653 4677 723 4721 vero
748 4662 935 4740 philosophis
959 4672 1048 4741 strpere
1074 4663 1274 4738 astronomis,
1305 4683 1383 4742 quae
1408 4685 1428 4725 a
1450 4664 1590 4726 Gelileo

244 4743 410 4818 tlalileo,
436 4746 563 4824 patricio
579 4749 760 4821 Florentino,
786 4751 926 4811 Patavini
943 4752 1091 4832 gymnasii
1115 4753 1234 4829 publico
1258 4754 1488 4828 mathematico,
1512 4755 1589 4816 Per·

244 4832 405 4909 spicilli,
432 4853 525 4911 nuper
549 4856 567 4894 a
590 4855 623 4895 se
647 4839 772 4915 reperti,
798 4840 942 4900 beneficio
966 4849 1037 4900 sunt
1060 4839 1224 4902 observata
1248 4842 1279 4904 in
1292 4842 1400 4904 Lunae
1425 4845 1511 4914 facie,
1534 4839 1590 4902 furis

244 4919 416 4994 innumeris,
442 4921 539 4982 lacteo
562 4924 682 4997 circulo,
707 4928 805 4987 stellis
821 4927 983 5001 nebulosis,
1009 4928 1144 5009 apprime
1160 4931 1276 4992 veroin
1292 4939 1460 5010 quatuor
1472 4929 1589 5012 planeti·

247 5005 326 5069 circa
347 5007 366 5068 J
374 5008 454 5070 ovis
478 5010 613 5084 stellam,
644 5013 813 5092 disparibus
837 5016 1005 5079 intervallis
1029 5028 1119 5099 atque
1133 5019 1268 5098 periodis
1291 5020 1452 5084 eeleritate
1475 5014 1589 5084 mirabili
