<?xml version="1.0" encoding="UTF-8"?>
<!DOCTYPE html PUBLIC "-//W3C//DTD XHTML 1.0 Transitional//EN"
    "http://www.w3.org/TR/xhtml1/DTD/xhtml1-transitional.dtd">
<html xmlns="http://www.w3.org/1999/xhtml" xml:lang="en" lang="en">
 <head>
  <title>
</title>
<meta http-equiv="Content-Type" content="text/html;charset=utf-8" />
  <meta name='ocr-system' content='tesseract 3.04.00' />
  <meta name='ocr-capabilities' content='ocr_page ocr_carea ocr_par ocr_line ocrx_word'/>
</head>
<body>
  <div class='ocr_page' id='page_1' title='image "./joanniskepleria01frisgoog/joanniskepleria01frisgoog_0612.png"; bbox 0 0 3692 5842; ppageno 0'>
   <div class='ocr_carea' id='block_1_1' title="bbox 245 473 1180 544">
    <p class='ocr_par' dir='ltr' id='par_1_1' title="bbox 245 473 1180 544">
     <span class='ocr_line' id='line_1_1' title="bbox 245 473 1180 544; baseline 0.001 -18"><span class='ocrx_word' id='word_1_1' title='bbox 245 475 311 544; x_wconf 77' lang='lat'>602</span> <span class='ocrx_word' id='word_1_2' title='bbox 672 475 771 526; x_wconf 86' lang='lat' dir='ltr'>Literae</span> <span class='ocrx_word' id='word_1_3' title='bbox 789 473 891 540; x_wconf 85' lang='lat' dir='ltr'>Kepleri</span> <span class='ocrx_word' id='word_1_4' title='bbox 910 474 1060 541; x_wconf 80' lang='lat' dir='ltr'>aliommqna</span> <span class='ocrx_word' id='word_1_5' title='bbox 1077 482 1180 528; x_wconf 82' lang='lat' dir='ltr'>mutuae</span> 
     </span>
    </p>
   </div>
   <div class='ocr_carea' id='block_1_2' title="bbox 239 652 1597 2333">
    <p class='ocr_par' dir='ltr' id='par_1_2' title="bbox 239 652 1597 2333">
     <span class='ocr_line' id='line_1_2' title="bbox 244 652 1596 734; baseline -0.001 -18"><span class='ocrx_word' id='word_1_6' title='bbox 244 656 308 716; x_wconf 91' lang='lat' dir='ltr'>Imo</span> <span class='ocrx_word' id='word_1_7' title='bbox 331 673 403 715; x_wconf 78' lang='lat' dir='ltr'>sero</span> <span class='ocrx_word' id='word_1_8' title='bbox 427 672 493 715; x_wconf 91' lang='lat' dir='ltr'>cum</span> <span class='ocrx_word' id='word_1_9' title='bbox 517 652 589 714; x_wconf 86' lang='lat' dir='ltr'>nihil</span> <span class='ocrx_word' id='word_1_10' title='bbox 612 672 688 733; x_wconf 91' lang='lat' dir='ltr'>pene</span> <span class='ocrx_word' id='word_1_11' title='bbox 708 652 798 714; x_wconf 87' lang='lat' dir='ltr'>sitin</span> <span class='ocrx_word' id='word_1_12' title='bbox 822 659 886 713; x_wconf 91' lang='lat' dir='ltr'>toto</span> <span class='ocrx_word' id='word_1_13' title='bbox 910 670 1045 731; x_wconf 88' lang='lat' dir='ltr'>corpore,</span> <span class='ocrx_word' id='word_1_14' title='bbox 1070 652 1149 733; x_wconf 90' lang='lat' dir='ltr'>quod</span> <span class='ocrx_word' id='word_1_15' title='bbox 1164 672 1222 714; x_wconf 91' lang='lat' dir='ltr'>non</span> <span class='ocrx_word' id='word_1_16' title='bbox 1237 653 1309 716; x_wconf 92' lang='lat' dir='ltr'>olim</span> <span class='ocrx_word' id='word_1_17' title='bbox 1327 653 1415 726; x_wconf 81' lang='lat' dir='ltr'>riait,</span> <span class='ocrx_word' id='word_1_18' title='bbox 1439 653 1521 734; x_wconf 91' lang='lat' dir='ltr'>quod</span> <span class='ocrx_word' id='word_1_19' title='bbox 1544 673 1596 715; x_wconf 90' lang='lat' dir='ltr'>non</span> 
     </span>
     <span class='ocr_line' id='line_1_3' title="bbox 246 741 1597 822; baseline 0 -18"><span class='ocrx_word' id='word_1_20' title='bbox 246 745 288 804; x_wconf 87' lang='lat' dir='ltr'>sit</span> <span class='ocrx_word' id='word_1_21' title='bbox 312 744 529 822; x_wconf 84' lang='lat' dir='ltr'><strong>quadamtenus</strong></span> <span class='ocrx_word' id='word_1_22' title='bbox 562 742 755 819; x_wconf 84' lang='lat' dir='ltr'>uliginosum,</span> <span class='ocrx_word' id='word_1_23' title='bbox 789 741 860 801; x_wconf 89' lang='lat' dir='ltr'>nihil</span> <span class='ocrx_word' id='word_1_24' title='bbox 885 741 978 801; x_wconf 91' lang='lat' dir='ltr'>etiam</span> <span class='ocrx_word' id='word_1_25' title='bbox 1002 750 1066 814; x_wconf 85' lang='grc' dir='ltr'><strong>εει,</strong></span> <span class='ocrx_word' id='word_1_26' title='bbox 1100 742 1178 820; x_wconf 90' lang='lat' dir='ltr'>quod</span> <span class='ocrx_word' id='word_1_27' title='bbox 1211 761 1268 802; x_wconf 92' lang='lat' dir='ltr'>non</span> <span class='ocrx_word' id='word_1_28' title='bbox 1297 742 1391 803; x_wconf 88' lang='lat' dir='ltr'>abeat</span> <span class='ocrx_word' id='word_1_29' title='bbox 1418 744 1448 803; x_wconf 93' lang='lat' dir='ltr'>in</span> <span class='ocrx_word' id='word_1_30' title='bbox 1480 742 1597 812; x_wconf 82' lang='lat' dir='ltr'>animal,</span> 
     </span>
     <span class='ocr_line' id='line_1_4' title="bbox 245 829 1597 912; baseline -0.001 -19"><span class='ocrx_word' id='word_1_31' title='bbox 245 833 392 912; x_wconf 79' lang='lat' dir='ltr'>quaedam</span> <span class='ocrx_word' id='word_1_32' title='bbox 418 832 522 903; x_wconf 90' lang='lat' dir='ltr'>citius,</span> <span class='ocrx_word' id='word_1_33' title='bbox 547 831 693 909; x_wconf 87' lang='lat' dir='ltr'>quaedam</span> <span class='ocrx_word' id='word_1_34' title='bbox 717 829 848 901; x_wconf 88' lang='lat' dir='ltr'>tardius,</span> <span class='ocrx_word' id='word_1_35' title='bbox 877 840 910 890; x_wconf 91' lang='lat' dir='ltr'>nt</span> <span class='ocrx_word' id='word_1_36' title='bbox 935 830 962 889; x_wconf 94' lang='lat' dir='ltr'>in</span> <span class='ocrx_word' id='word_1_37' title='bbox 987 830 1144 892; x_wconf 77' lang='lat' dir='ltr'>arboribus</span> <span class='ocrx_word' id='word_1_38' title='bbox 1167 830 1316 910; x_wconf 83' lang='lat' dir='ltr'>antiquis,</span> <span class='ocrx_word' id='word_1_39' title='bbox 1344 843 1435 910; x_wconf 90' lang='lat' dir='ltr'>prout</span> <span class='ocrx_word' id='word_1_40' title='bbox 1458 831 1544 892; x_wconf 88' lang='lat' dir='ltr'>calor</span> <span class='ocrx_word' id='word_1_41' title='bbox 1564 849 1597 892; x_wconf 83' lang='lat' dir='ltr'>ex</span> 
     </span>
     <span class='ocr_line' id='line_1_5' title="bbox 244 918 1596 998; baseline 0 -17"><span class='ocrx_word' id='word_1_42' title='bbox 244 921 362 982; x_wconf 91' lang='lat' dir='ltr'>animae</span> <span class='ocrx_word' id='word_1_43' title='bbox 386 919 511 998; x_wconf 90' lang='lat' dir='ltr'>imperio</span> <span class='ocrx_word' id='word_1_44' title='bbox 535 920 672 980; x_wconf 87' lang='lat' dir='ltr'>residuus</span> <span class='ocrx_word' id='word_1_45' title='bbox 696 920 745 978; x_wconf 91' lang='lat' dir='ltr'>diu</span> <span class='ocrx_word' id='word_1_46' title='bbox 770 919 815 977; x_wconf 81' lang='lat' dir='ltr'>rel</span> <span class='ocrx_word' id='word_1_47' title='bbox 841 918 973 978; x_wconf 77' lang='lat' dir='ltr'>breviter</span> <span class='ocrx_word' id='word_1_48' title='bbox 995 918 1187 997; x_wconf 86' lang='lat' dir='ltr'>imperaverit</span> <span class='ocrx_word' id='word_1_49' title='bbox 1218 919 1246 979; x_wconf 94' lang='lat' dir='ltr'>in</span> <span class='ocrx_word' id='word_1_50' title='bbox 1280 919 1334 980; x_wconf 89' lang='lat' dir='ltr'>illa</span> <span class='ocrx_word' id='word_1_51' title='bbox 1356 919 1499 980; x_wconf 84' lang='lat' dir='ltr'>materia.</span> <span class='ocrx_word' id='word_1_52' title='bbox 1546 919 1596 982; x_wconf 88' lang='lat' dir='ltr'>llic</span> 
     </span>
     <span class='ocr_line' id='line_1_6' title="bbox 245 1005 1595 1087; baseline -0.001 -17"><span class='ocrx_word' id='word_1_53' title='bbox 245 1019 344 1071; x_wconf 90' lang='lat' dir='ltr'>tamen</span> <span class='ocrx_word' id='word_1_54' title='bbox 370 1008 441 1069; x_wconf 90' lang='lat' dir='ltr'>mihi</span> <span class='ocrx_word' id='word_1_55' title='bbox 466 1008 543 1081; x_wconf 86' lang='lat' dir='ltr'>ride,</span> <span class='ocrx_word' id='word_1_56' title='bbox 569 1008 596 1067; x_wconf 92' lang='lat' dir='ltr'>in</span> <span class='ocrx_word' id='word_1_57' title='bbox 614 1026 687 1086; x_wconf 92' lang='lat' dir='ltr'>quas</span> <span class='ocrx_word' id='word_1_58' title='bbox 712 1005 914 1066; x_wconf 83' lang='lat' dir='ltr'>dubitationes</span> <span class='ocrx_word' id='word_1_59' title='bbox 934 1025 979 1065; x_wconf 88' lang='lat' dir='ltr'>me</span> <span class='ocrx_word' id='word_1_60' title='bbox 995 1006 1043 1068; x_wconf 89' lang='lat' dir='ltr'>bic</span> <span class='ocrx_word' id='word_1_61' title='bbox 1065 1007 1225 1085; x_wconf 86' lang='lat' dir='ltr'>conjiciant</span> <span class='ocrx_word' id='word_1_62' title='bbox 1251 1008 1326 1080; x_wconf 86' lang='lat' dir='ltr'>„riri</span> <span class='ocrx_word' id='word_1_63' title='bbox 1341 1008 1482 1087; x_wconf 83' lang='lat' dir='ltr'>magui“:</span> <span class='ocrx_word' id='word_1_64' title='bbox 1506 1007 1533 1069; x_wconf 89' lang='lat' dir='ltr'>si</span> <span class='ocrx_word' id='word_1_65' title='bbox 1547 1009 1595 1069; x_wconf 88' lang='lat' dir='ltr'>boc</span> 
     </span>
     <span class='ocr_line' id='line_1_7' title="bbox 245 1095 1596 1177; baseline -0.001 -18"><span class='ocrx_word' id='word_1_66' title='bbox 245 1109 293 1160; x_wconf 89' lang='grc' dir='ltr'>εει</span> <span class='ocrx_word' id='word_1_67' title='bbox 316 1105 509 1176; x_wconf 90' lang='lat' dir='ltr'>perpetuum,</span> <span class='ocrx_word' id='word_1_68' title='bbox 542 1106 575 1156; x_wconf 90' lang='lat' dir='ltr'>ut</span> <span class='ocrx_word' id='word_1_69' title='bbox 599 1096 716 1177; x_wconf 85' lang='lat' dir='ltr'>quidem</span> <span class='ocrx_word' id='word_1_70' title='bbox 750 1095 870 1172; x_wconf 86' lang='lat' dir='ltr'>dignum</span> <span class='ocrx_word' id='word_1_71' title='bbox 893 1105 942 1154; x_wconf 92' lang='lat' dir='ltr'>est</span> <span class='ocrx_word' id='word_1_72' title='bbox 965 1095 1002 1155; x_wconf 90' lang='lat' dir='ltr'>de</span> <span class='ocrx_word' id='word_1_73' title='bbox 1027 1095 1093 1156; x_wconf 91' lang='lat' dir='ltr'>Deo</span> <span class='ocrx_word' id='word_1_74' title='bbox 1121 1096 1252 1171; x_wconf 86' lang='lat' dir='ltr'>sentire,</span> <span class='ocrx_word' id='word_1_75' title='bbox 1284 1097 1330 1159; x_wconf 89' lang='lat' dir='ltr'>sic</span> <span class='ocrx_word' id='word_1_76' title='bbox 1361 1116 1433 1158; x_wconf 87' lang='lat' dir='ltr'>esse</span> <span class='ocrx_word' id='word_1_77' title='bbox 1466 1105 1596 1175; x_wconf 87' lang='lat' dir='ltr'>aptatum</span> 
     </span>
     <span class='ocr_line' id='line_1_8' title="bbox 243 1183 1595 1267; baseline -0.002 -19"><span class='ocrx_word' id='word_1_78' title='bbox 243 1187 383 1267; x_wconf 90' lang='lat' dir='ltr'>primitus</span> <span class='ocrx_word' id='word_1_79' title='bbox 406 1186 556 1257; x_wconf 91' lang='lat' dir='ltr'>mundum,</span> <span class='ocrx_word' id='word_1_80' title='bbox 581 1199 613 1245; x_wconf 89' lang='lat' dir='ltr'>ut</span> <span class='ocrx_word' id='word_1_81' title='bbox 636 1185 709 1245; x_wconf 88' lang='lat' dir='ltr'>haec</span> <span class='ocrx_word' id='word_1_82' title='bbox 734 1195 796 1245; x_wconf 90' lang='lat' dir='ltr'>tam</span> <span class='ocrx_word' id='word_1_83' title='bbox 820 1183 927 1244; x_wconf 89' lang='lat' dir='ltr'>crebra</span> <span class='ocrx_word' id='word_1_84' title='bbox 950 1183 1012 1245; x_wconf 90' lang='lat' dir='ltr'>siut</span> <span class='ocrx_word' id='word_1_85' title='bbox 1035 1184 1126 1245; x_wconf 86' lang='lat' dir='ltr'>etiam</span> <span class='ocrx_word' id='word_1_86' title='bbox 1140 1204 1213 1264; x_wconf 89' lang='lat' dir='ltr'>pars</span> <span class='ocrx_word' id='word_1_87' title='bbox 1235 1185 1347 1258; x_wconf 90' lang='lat' dir='ltr'>muudi,</span> <span class='ocrx_word' id='word_1_88' title='bbox 1374 1207 1404 1247; x_wconf 94' lang='lat' dir='ltr'>n.</span> <span class='ocrx_word' id='word_1_89' title='bbox 1420 1184 1548 1264; x_wconf 88' lang='lat' dir='ltr'>spiritns</span> <span class='ocrx_word' id='word_1_90' title='bbox 1567 1195 1595 1246; x_wconf 93' lang='lat' dir='ltr'>et</span> 
     </span>
     <span class='ocr_line' id='line_1_9' title="bbox 244 1271 1594 1352; baseline -0.002 -15"><span class='ocrx_word' id='word_1_91' title='bbox 244 1277 434 1337; x_wconf 87' lang='lat' dir='ltr'>materierum</span> <span class='ocrx_word' id='word_1_92' title='bbox 458 1274 672 1351; x_wconf 87' lang='lat' dir='ltr'>uliginosarum</span> <span class='ocrx_word' id='word_1_93' title='bbox 697 1292 770 1351; x_wconf 87' lang='lat' dir='ltr'>opus</span> <span class='ocrx_word' id='word_1_94' title='bbox 794 1271 995 1333; x_wconf 90' lang='lat' dir='ltr'>ordinarium:</span> <span class='ocrx_word' id='word_1_95' title='bbox 1028 1293 1109 1352; x_wconf 85' lang='lat' dir='ltr'>ergo,</span> <span class='ocrx_word' id='word_1_96' title='bbox 1133 1275 1227 1352; x_wconf 88' lang='lat' dir='ltr'>ajunt,</span> <span class='ocrx_word' id='word_1_97' title='bbox 1254 1276 1410 1335; x_wconf 79' lang='lat' dir='ltr'>fortuitum</span> <span class='ocrx_word' id='word_1_98' title='bbox 1433 1294 1505 1334; x_wconf 85' lang='lat' dir='ltr'>esse</span> <span class='ocrx_word' id='word_1_99' title='bbox 1526 1293 1594 1336; x_wconf 87' lang='lat' dir='ltr'>coa-</span> 
     </span>
     <span class='ocr_line' id='line_1_10' title="bbox 243 1361 1595 1442; baseline -0.001 -16"><span class='ocrx_word' id='word_1_100' title='bbox 243 1384 360 1426; x_wconf 85' lang='lat' dir='ltr'>cursum</span> <span class='ocrx_word' id='word_1_101' title='bbox 384 1362 601 1442; x_wconf 90' lang='lat' dir='ltr'>conjunctionis</span> <span class='ocrx_word' id='word_1_102' title='bbox 634 1380 760 1439; x_wconf 85' lang='lat' dir='ltr'>maguae</span> <span class='ocrx_word' id='word_1_103' title='bbox 794 1374 826 1422; x_wconf 85' lang='lat' dir='ltr'>et</span> <span class='ocrx_word' id='word_1_104' title='bbox 857 1362 966 1421; x_wconf 87' lang='lat' dir='ltr'>stellae</span> <span class='ocrx_word' id='word_1_105' title='bbox 990 1361 1019 1421; x_wconf 92' lang='lat' dir='ltr'>iu</span> <span class='ocrx_word' id='word_1_106' title='bbox 1049 1363 1115 1423; x_wconf 90' lang='lat' dir='ltr'>loco</span> <span class='ocrx_word' id='word_1_107' title='bbox 1143 1370 1176 1423; x_wconf 88' lang='lat' dir='ltr'>et</span> <span class='ocrx_word' id='word_1_108' title='bbox 1205 1371 1350 1442; x_wconf 87' lang='lat' dir='ltr'>tempore.</span> <span class='ocrx_word' id='word_1_109' title='bbox 1399 1363 1481 1425; x_wconf 75' lang='lat' dir='ltr'>liam</span> <span class='ocrx_word' id='word_1_110' title='bbox 1510 1364 1595 1424; x_wconf 89' lang='lat' dir='ltr'>toties</span> 
     </span>
     <span class='ocr_line' id='line_1_11' title="bbox 239 1449 1595 1533; baseline -0.001 -19"><span class='ocrx_word' id='word_1_111' title='bbox 239 1455 304 1533; x_wconf 88' lang='lat' dir='ltr'>jam</span> <span class='ocrx_word' id='word_1_112' title='bbox 329 1453 460 1524; x_wconf 87' lang='lat' dir='ltr'>factum,</span> <span class='ocrx_word' id='word_1_113' title='bbox 492 1452 594 1530; x_wconf 92' lang='lat' dir='ltr'>ajunt,</span> <span class='ocrx_word' id='word_1_114' title='bbox 627 1459 660 1510; x_wconf 91' lang='lat' dir='ltr'>ut</span> <span class='ocrx_word' id='word_1_115' title='bbox 683 1459 786 1510; x_wconf 89' lang='lat' dir='ltr'>essent</span> <span class='ocrx_word' id='word_1_116' title='bbox 809 1449 909 1510; x_wconf 89' lang='lat' dir='ltr'>sidera</span> <span class='ocrx_word' id='word_1_117' title='bbox 933 1468 1012 1510; x_wconf 82' lang='lat' dir='ltr'>nova</span> <span class='ocrx_word' id='word_1_118' title='bbox 1034 1449 1063 1511; x_wconf 94' lang='lat' dir='ltr'>in</span> <span class='ocrx_word' id='word_1_119' title='bbox 1088 1451 1162 1511; x_wconf 89' lang='lat' dir='ltr'>locis</span> <span class='ocrx_word' id='word_1_120' title='bbox 1186 1450 1322 1512; x_wconf 91' lang='lat' dir='ltr'>obscuris</span> <span class='ocrx_word' id='word_1_121' title='bbox 1353 1460 1386 1512; x_wconf 91' lang='lat' dir='ltr'>et</span> <span class='ocrx_word' id='word_1_122' title='bbox 1415 1452 1595 1532; x_wconf 79' lang='lat' dir='ltr'>temporibus</span> 
     </span>
     <span class='ocr_line' id='line_1_12' title="bbox 246 1538 1595 1622; baseline 0.001 -21"><span class='ocrx_word' id='word_1_123' title='bbox 246 1541 381 1602; x_wconf 87' lang='lat' dir='ltr'>obscuris</span> <span class='ocrx_word' id='word_1_124' title='bbox 391 1559 400 1613; x_wconf 93' lang='lat'>;</span> <span class='ocrx_word' id='word_1_125' title='bbox 434 1539 535 1619; x_wconf 92' lang='lat' dir='ltr'>quidni</span> <span class='ocrx_word' id='word_1_126' title='bbox 568 1558 639 1618; x_wconf 86' lang='lat' dir='ltr'>ergo</span> <span class='ocrx_word' id='word_1_127' title='bbox 668 1548 699 1598; x_wconf 91' lang='lat' dir='ltr'>et</span> <span class='ocrx_word' id='word_1_128' title='bbox 731 1538 823 1599; x_wconf 90' lang='lat' dir='ltr'>semel</span> <span class='ocrx_word' id='word_1_129' title='bbox 855 1538 968 1600; x_wconf 91' lang='lat' dir='ltr'>indicat</span> <span class='ocrx_word' id='word_1_130' title='bbox 999 1539 1128 1619; x_wconf 84' lang='lat' dir='ltr'>aliquam</span> <span class='ocrx_word' id='word_1_131' title='bbox 1160 1540 1283 1601; x_wconf 89' lang='lat' dir='ltr'>stellam</span> <span class='ocrx_word' id='word_1_132' title='bbox 1314 1541 1381 1602; x_wconf 87' lang='lat' dir='ltr'>loco</span> <span class='ocrx_word' id='word_1_133' title='bbox 1412 1551 1445 1602; x_wconf 91' lang='lat' dir='ltr'>et</span> <span class='ocrx_word' id='word_1_134' title='bbox 1469 1553 1595 1622; x_wconf 84' lang='lat' dir='ltr'>tempore</span> 
     </span>
     <span class='ocr_line' id='line_1_13' title="bbox 249 1628 1594 1706; baseline 0 -15"><span class='ocrx_word' id='word_1_135' title='bbox 249 1629 378 1691; x_wconf 84' lang='lat' dir='ltr'>illustri?</span> <span class='ocrx_word' id='word_1_136' title='bbox 402 1648 469 1689; x_wconf 89' lang='lat' dir='ltr'>nam</span> <span class='ocrx_word' id='word_1_137' title='bbox 493 1629 522 1689; x_wconf 93' lang='lat' dir='ltr'>in</span> <span class='ocrx_word' id='word_1_138' title='bbox 547 1629 672 1700; x_wconf 87' lang='lat' dir='ltr'>infinito,</span> <span class='ocrx_word' id='word_1_139' title='bbox 698 1646 772 1706; x_wconf 88' lang='lat' dir='ltr'>qnae</span> <span class='ocrx_word' id='word_1_140' title='bbox 797 1634 845 1688; x_wconf 90' lang='lat' dir='ltr'>est</span> <span class='ocrx_word' id='word_1_141' title='bbox 868 1628 1105 1706; x_wconf 86' lang='lat' dir='ltr'>contingentium</span> <span class='ocrx_word' id='word_1_142' title='bbox 1125 1639 1243 1702; x_wconf 88' lang='lat' dir='ltr'>natura,</span> <span class='ocrx_word' id='word_1_143' title='bbox 1267 1628 1368 1689; x_wconf 88' lang='lat' dir='ltr'>inesse</span> <span class='ocrx_word' id='word_1_144' title='bbox 1383 1649 1477 1691; x_wconf 86' lang='lat' dir='ltr'>casus</span> <span class='ocrx_word' id='word_1_145' title='bbox 1500 1648 1594 1691; x_wconf 86' lang='lat' dir='ltr'>omues</span> 
     </span>
     <span class='ocr_line' id='line_1_14' title="bbox 245 1716 1595 1798; baseline -0.001 -18"><span class='ocrx_word' id='word_1_146' title='bbox 245 1720 388 1788; x_wconf 89' lang='lat' dir='ltr'>illustres,</span> <span class='ocrx_word' id='word_1_147' title='bbox 413 1736 525 1797; x_wconf 90' lang='lat' dir='ltr'>paucos</span> <span class='ocrx_word' id='word_1_148' title='bbox 549 1736 642 1796; x_wconf 88' lang='lat' dir='ltr'>aeque</span> <span class='ocrx_word' id='word_1_149' title='bbox 662 1735 697 1777; x_wconf 91' lang='lat' dir='ltr'>ao</span> <span class='ocrx_word' id='word_1_150' title='bbox 712 1716 859 1795; x_wconf 74' lang='lat' dir='ltr'>ignobiles</span> <span class='ocrx_word' id='word_1_151' title='bbox 874 1716 1027 1795; x_wconf 88' lang='lat' dir='ltr'>plurimos.</span> <span class='ocrx_word' id='word_1_152' title='bbox 1052 1736 1107 1778; x_wconf 86' lang='lat' dir='ltr'>nec</span> <span class='ocrx_word' id='word_1_153' title='bbox 1129 1737 1251 1779; x_wconf 89' lang='lat' dir='ltr'>causam</span> <span class='ocrx_word' id='word_1_154' title='bbox 1276 1737 1356 1790; x_wconf 88' lang='lat' dir='ltr'>esse,</span> <span class='ocrx_word' id='word_1_155' title='bbox 1380 1737 1435 1779; x_wconf 90' lang='lat' dir='ltr'>cnr</span> <span class='ocrx_word' id='word_1_156' title='bbox 1449 1717 1534 1798; x_wconf 89' lang='lat' dir='ltr'>prius</span> <span class='ocrx_word' id='word_1_157' title='bbox 1554 1718 1595 1779; x_wconf 85' lang='lat' dir='ltr'>sel</span> 
     </span>
     <span class='ocr_line' id='line_1_15' title="bbox 243 1805 1595 1888; baseline -0.002 -19"><span class='ocrx_word' id='word_1_158' title='bbox 243 1807 411 1888; x_wconf 78' lang='lat' dir='ltr'>posterius,</span> <span class='ocrx_word' id='word_1_159' title='bbox 446 1825 514 1867; x_wconf 91' lang='lat' dir='ltr'>raro</span> <span class='ocrx_word' id='word_1_160' title='bbox 547 1825 584 1865; x_wconf 91' lang='lat' dir='ltr'>an</span> <span class='ocrx_word' id='word_1_161' title='bbox 616 1824 708 1884; x_wconf 89' lang='lat' dir='ltr'>saepe</span> <span class='ocrx_word' id='word_1_162' title='bbox 732 1825 806 1866; x_wconf 90' lang='lat' dir='ltr'>unus</span> <span class='ocrx_word' id='word_1_163' title='bbox 831 1813 862 1864; x_wconf 90' lang='lat' dir='ltr'>et</span> <span class='ocrx_word' id='word_1_164' title='bbox 886 1805 963 1865; x_wconf 92' lang='lat' dir='ltr'>idem</span> <span class='ocrx_word' id='word_1_165' title='bbox 988 1814 1165 1868; x_wconf 79' lang='lat' dir='ltr'>revertatur.</span> <span class='ocrx_word' id='word_1_166' title='bbox 1211 1806 1305 1868; x_wconf 85' lang='lat' dir='ltr'>Plane</span> <span class='ocrx_word' id='word_1_167' title='bbox 1339 1817 1373 1868; x_wconf 90' lang='lat' dir='ltr'>et</span> <span class='ocrx_word' id='word_1_168' title='bbox 1406 1819 1551 1888; x_wconf 85' lang='lat' dir='ltr'>aspectus</span> <span class='ocrx_word' id='word_1_169' title='bbox 1570 1805 1595 1866; x_wconf 87' lang='lat' dir='ltr'>in</span> 
     </span>
     <span class='ocr_line' id='line_1_16' title="bbox 244 1893 1594 1975; baseline -0.003 -17"><span class='ocrx_word' id='word_1_170' title='bbox 244 1895 434 1975; x_wconf 80' lang='lat' dir='ltr'>ephemeride</span> <span class='ocrx_word' id='word_1_171' title='bbox 459 1893 584 1974; x_wconf 90' lang='lat' dir='ltr'>quilibet</span> <span class='ocrx_word' id='word_1_172' title='bbox 608 1914 644 1955; x_wconf 79' lang='lat' dir='ltr'>ex</span> <span class='ocrx_word' id='word_1_173' title='bbox 672 1914 728 1954; x_wconf 86' lang='lat' dir='ltr'>sua</span> <span class='ocrx_word' id='word_1_174' title='bbox 756 1913 849 1955; x_wconf 91' lang='lat' dir='ltr'>causa</span> <span class='ocrx_word' id='word_1_175' title='bbox 878 1894 987 1967; x_wconf 90' lang='lat' dir='ltr'>oritur;</span> <span class='ocrx_word' id='word_1_176' title='bbox 1024 1903 1204 1956; x_wconf 88' lang='lat' dir='ltr'>concurrunt</span> <span class='ocrx_word' id='word_1_177' title='bbox 1235 1903 1336 1957; x_wconf 88' lang='lat' dir='ltr'>tamen</span> <span class='ocrx_word' id='word_1_178' title='bbox 1370 1896 1455 1958; x_wconf 89' lang='lat' dir='ltr'>nullo</span> <span class='ocrx_word' id='word_1_179' title='bbox 1489 1896 1594 1968; x_wconf 84' lang='lat' dir='ltr'>ordine,</span> 
     </span>
     <span class='ocr_line' id='line_1_17' title="bbox 244 1980 1595 2058; baseline 0 -12"><span class='ocrx_word' id='word_1_180' title='bbox 244 2006 302 2047; x_wconf 92' lang='lat' dir='ltr'>non</span> <span class='ocrx_word' id='word_1_181' title='bbox 326 1985 352 2045; x_wconf 90' lang='lat' dir='ltr'>si</span> <span class='ocrx_word' id='word_1_182' title='bbox 380 1980 508 2047; x_wconf 91' lang='grc'>100000</span> <span class='ocrx_word' id='word_1_183' title='bbox 532 2001 673 2043; x_wconf 90' lang='lat' dir='ltr'>annorum</span> <span class='ocrx_word' id='word_1_184' title='bbox 699 1984 821 2043; x_wconf 91' lang='lat' dir='ltr'>duraret</span> <span class='ocrx_word' id='word_1_185' title='bbox 846 1983 972 2044; x_wconf 89' lang='lat' dir='ltr'>mundus</span> <span class='ocrx_word' id='word_1_186' title='bbox 996 1993 1196 2045; x_wconf 75' lang='lat' dir='ltr'>reverteretur</span> <span class='ocrx_word' id='word_1_187' title='bbox 1219 1985 1326 2045; x_wconf 86' lang='lat' dir='ltr'>eadem</span> <span class='ocrx_word' id='word_1_188' title='bbox 1356 1985 1472 2058; x_wconf 85' lang='lat' dir='ltr'>series,</span> <span class='ocrx_word' id='word_1_189' title='bbox 1501 1995 1535 2046; x_wconf 93' lang='lat' dir='ltr'>ut</span> <span class='ocrx_word' id='word_1_190' title='bbox 1555 1991 1595 2046; x_wconf 79' lang='lat' dir='ltr'>est</span> 
     </span>
     <span class='ocr_line' id='line_1_18' title="bbox 243 2069 1594 2153; baseline -0.003 -17"><span class='ocrx_word' id='word_1_191' title='bbox 243 2075 273 2136; x_wconf 93' lang='lat' dir='ltr'>iu</span> <span class='ocrx_word' id='word_1_192' title='bbox 298 2092 364 2135; x_wconf 85' lang='lat' dir='ltr'>meo</span> <span class='ocrx_word' id='word_1_193' title='bbox 389 2073 537 2153; x_wconf 80' lang='lat' dir='ltr'>Mysterio</span> <span class='ocrx_word' id='word_1_194' title='bbox 562 2069 654 2150; x_wconf 89' lang='lat' dir='ltr'>(Cap.</span> <span class='ocrx_word' id='word_1_195' title='bbox 678 2072 814 2143; x_wconf 86' lang='lat' dir='ltr'>XXlll).</span> <span class='ocrx_word' id='word_1_196' title='bbox 860 2071 901 2131; x_wconf 90' lang='lat' dir='ltr'>Et</span> <span class='ocrx_word' id='word_1_197' title='bbox 934 2080 1033 2133; x_wconf 89' lang='lat' dir='ltr'>tamen</span> <span class='ocrx_word' id='word_1_198' title='bbox 1067 2072 1164 2133; x_wconf 91' lang='lat' dir='ltr'>nullus</span> <span class='ocrx_word' id='word_1_199' title='bbox 1194 2082 1243 2132; x_wconf 89' lang='grc' dir='ltr'>εει</span> <span class='ocrx_word' id='word_1_200' title='bbox 1270 2082 1416 2152; x_wconf 86' lang='lat' dir='ltr'>aspectus</span> <span class='ocrx_word' id='word_1_201' title='bbox 1440 2074 1480 2135; x_wconf 90' lang='lat' dir='ltr'>ob</span> <span class='ocrx_word' id='word_1_202' title='bbox 1503 2072 1594 2146; x_wconf 88' lang='lat' dir='ltr'>alium,</span> 
     </span>
     <span class='ocr_line' id='line_1_19' title="bbox 246 2159 1595 2243; baseline -0.001 -20"><span class='ocrx_word' id='word_1_203' title='bbox 246 2163 371 2243; x_wconf 82' lang='lat' dir='ltr'>quilibet</span> <span class='ocrx_word' id='word_1_204' title='bbox 393 2180 464 2222; x_wconf 84' lang='lat' dir='ltr'>vero</span> <span class='ocrx_word' id='word_1_205' title='bbox 488 2180 526 2221; x_wconf 83' lang='lat' dir='ltr'>ex</span> <span class='ocrx_word' id='word_1_206' title='bbox 549 2181 604 2221; x_wconf 89' lang='lat' dir='ltr'>sua</span> <span class='ocrx_word' id='word_1_207' title='bbox 627 2180 728 2222; x_wconf 88' lang='lat' dir='ltr'>causa.</span> <span class='ocrx_word' id='word_1_208' title='bbox 775 2160 825 2221; x_wconf 93' lang='lat' dir='ltr'>Ita</span> <span class='ocrx_word' id='word_1_209' title='bbox 848 2159 895 2221; x_wconf 88' lang='lat' dir='ltr'>lric</span> <span class='ocrx_word' id='word_1_210' title='bbox 919 2167 1003 2220; x_wconf 90' lang='lat' dir='ltr'>ortus</span> <span class='ocrx_word' id='word_1_211' title='bbox 1025 2160 1133 2221; x_wconf 88' lang='lat' dir='ltr'>stellae</span> <span class='ocrx_word' id='word_1_212' title='bbox 1157 2160 1249 2222; x_wconf 90' lang='lat' dir='ltr'>babet</span> <span class='ocrx_word' id='word_1_213' title='bbox 1272 2181 1398 2223; x_wconf 87' lang='lat' dir='ltr'>causam</span> <span class='ocrx_word' id='word_1_214' title='bbox 1421 2163 1595 2242; x_wconf 84' lang='lat' dir='ltr'>peculiarem</span> 
     </span>
     <span class='ocr_line' id='line_1_20' title="bbox 245 2248 1296 2333; baseline -0.002 -20"><span class='ocrx_word' id='word_1_215' title='bbox 245 2252 411 2333; x_wconf 85' lang='lat' dir='ltr'>physicam,</span> <span class='ocrx_word' id='word_1_216' title='bbox 437 2250 607 2329; x_wconf 91' lang='lat' dir='ltr'>conjunctio</span> <span class='ocrx_word' id='word_1_217' title='bbox 630 2248 754 2311; x_wconf 86' lang='lat' dir='ltr'>Saturni</span> <span class='ocrx_word' id='word_1_218' title='bbox 780 2261 810 2309; x_wconf 84' lang='lat' dir='ltr'>et</span> <span class='ocrx_word' id='word_1_219' title='bbox 832 2248 918 2308; x_wconf 86' lang='lat' dir='ltr'>loris</span> <span class='ocrx_word' id='word_1_220' title='bbox 943 2249 1035 2310; x_wconf 91' lang='lat' dir='ltr'>etiam</span> <span class='ocrx_word' id='word_1_221' title='bbox 1054 2250 1296 2312; x_wconf 79' lang='lat' dir='ltr'>astronomicam.</span> 
     </span>
    </p>
   </div>
   <div class='ocr_carea' id='block_1_3' title="bbox 247 2353 1597 2526">
    <p class='ocr_par' dir='ltr' id='par_1_3' title="bbox 247 2353 1597 2526">
     <span class='ocr_line' id='line_1_21' title="bbox 334 2353 1597 2436; baseline 0 -20"><span class='ocrx_word' id='word_1_222' title='bbox 334 2356 431 2417; x_wconf 87' lang='lat' dir='ltr'>Venio</span> <span class='ocrx_word' id='word_1_223' title='bbox 456 2356 493 2416; x_wconf 90' lang='lat' dir='ltr'>ad</span> <span class='ocrx_word' id='word_1_224' title='bbox 519 2356 623 2418; x_wconf 86' lang='lat' dir='ltr'>literas</span> <span class='ocrx_word' id='word_1_225' title='bbox 643 2354 672 2418; x_wconf 88' lang='grc'>6.</span> <span class='ocrx_word' id='word_1_226' title='bbox 691 2353 773 2424; x_wconf 82' lang='lat' dir='ltr'>(lli.)</span> <span class='ocrx_word' id='word_1_227' title='bbox 789 2355 888 2426; x_wconf 73' lang='lat' dir='ltr'>Febr,</span> <span class='ocrx_word' id='word_1_228' title='bbox 914 2373 988 2433; x_wconf 91' lang='lat' dir='ltr'>quas</span> <span class='ocrx_word' id='word_1_229' title='bbox 1012 2355 1140 2433; x_wconf 88' lang='lat' dir='ltr'>geminis</span> <span class='ocrx_word' id='word_1_230' title='bbox 1163 2356 1389 2435; x_wconf 80' lang='lat' dir='ltr'>exemplaribus</span> <span class='ocrx_word' id='word_1_231' title='bbox 1414 2356 1597 2436; x_wconf 81' lang='lat' dir='ltr'>expressisti,</span> 
     </span>
     <span class='ocr_line' id='line_1_22' title="bbox 247 2444 1597 2526; baseline 0 -20"><span class='ocrx_word' id='word_1_232' title='bbox 247 2465 369 2526; x_wconf 88' lang='lat' dir='ltr'>quorum</span> <span class='ocrx_word' id='word_1_233' title='bbox 393 2446 520 2507; x_wconf 85' lang='lat' dir='ltr'>alterum</span> <span class='ocrx_word' id='word_1_234' title='bbox 544 2445 580 2504; x_wconf 91' lang='lat' dir='ltr'>de</span> <span class='ocrx_word' id='word_1_235' title='bbox 605 2444 714 2505; x_wconf 87' lang='lat' dir='ltr'>Sebele</span> <span class='ocrx_word' id='word_1_236' title='bbox 738 2444 844 2503; x_wconf 85' lang='lat' dir='ltr'>nudius</span> <span class='ocrx_word' id='word_1_237' title='bbox 869 2444 986 2503; x_wconf 91' lang='lat' dir='ltr'>demum</span> <span class='ocrx_word' id='word_1_238' title='bbox 1010 2445 1048 2504; x_wconf 91' lang='lat' dir='ltr'>ad</span> <span class='ocrx_word' id='word_1_239' title='bbox 1073 2463 1119 2505; x_wconf 91' lang='lat' dir='ltr'>me</span> <span class='ocrx_word' id='word_1_240' title='bbox 1143 2445 1244 2519; x_wconf 88' lang='lat' dir='ltr'>misit,</span> <span class='ocrx_word' id='word_1_241' title='bbox 1279 2446 1411 2506; x_wconf 89' lang='lat' dir='ltr'>alterum</span> <span class='ocrx_word' id='word_1_242' title='bbox 1436 2447 1597 2526; x_wconf 80' lang='lat' dir='ltr'>exemplam</span> 
     </span>
    </p>
   </div>
   <div class='ocr_carea' id='block_1_4' title="bbox 224 2533 1598 2615">
    <p class='ocr_par' dir='ltr' id='par_1_4' title="bbox 224 2533 1598 2615">
     <span class='ocr_line' id='line_1_23' title="bbox 224 2533 1598 2615; baseline -0.002 -21"><span class='ocrx_word' id='word_1_243' title='bbox 224 2579 230 2594; x_wconf 91' lang='lat'>.</span> <span class='ocrx_word' id='word_1_244' title='bbox 240 2536 325 2615; x_wconf 79' lang='lat' dir='ltr'>justo</span> <span class='ocrx_word' id='word_1_245' title='bbox 350 2544 483 2614; x_wconf 78' lang='lat' dir='ltr'>tempore</span> <span class='ocrx_word' id='word_1_246' title='bbox 509 2543 557 2593; x_wconf 84' lang='lat' dir='ltr'>est</span> <span class='ocrx_word' id='word_1_247' title='bbox 581 2533 738 2593; x_wconf 81' lang='lat' dir='ltr'>redditum.</span> <span class='ocrx_word' id='word_1_248' title='bbox 777 2539 876 2599; x_wconf 89' lang='lat' dir='ltr'>(lnsunt</span> <span class='ocrx_word' id='word_1_249' title='bbox 895 2539 933 2588; x_wconf 91' lang='lat' dir='ltr'>his</span> <span class='ocrx_word' id='word_1_250' title='bbox 956 2540 1033 2588; x_wconf 88' lang='lat' dir='ltr'>literis</span> <span class='ocrx_word' id='word_1_251' title='bbox 1059 2541 1243 2591; x_wconf 81' lang='lat' dir='ltr'>observationes</span> <span class='ocrx_word' id='word_1_252' title='bbox 1262 2541 1358 2591; x_wconf 82' lang='lat' dir='ltr'>Stellae</span> <span class='ocrx_word' id='word_1_253' title='bbox 1382 2557 1480 2604; x_wconf 70' lang='lat' dir='ltr'>nom,</span> <span class='ocrx_word' id='word_1_254' title='bbox 1498 2557 1558 2608; x_wconf 79' lang='lat' dir='ltr'>quas</span> <span class='ocrx_word' id='word_1_255' title='bbox 1574 2551 1598 2591; x_wconf 72' lang='grc' dir='ltr'><strong>ι</strong></span> 
     </span>
    </p>
   </div>
   <div class='ocr_carea' id='block_1_5' title="bbox 246 2620 1597 2751">
    <p class='ocr_par' dir='ltr' id='par_1_5' title="bbox 246 2620 1597 2751">
     <span class='ocr_line' id='line_1_24' title="bbox 246 2620 1597 2687; baseline -0.004 -14"><span class='ocrx_word' id='word_1_256' title='bbox 246 2624 372 2687; x_wconf 83' lang='lat' dir='ltr'>Keplems</span> <span class='ocrx_word' id='word_1_257' title='bbox 392 2631 460 2672; x_wconf 88' lang='lat' dir='ltr'>certe</span> <span class='ocrx_word' id='word_1_258' title='bbox 479 2622 596 2684; x_wconf 86' lang='lat' dir='ltr'>accipiat,</span> <span class='ocrx_word' id='word_1_259' title='bbox 615 2624 727 2685; x_wconf 87' lang='lat' dir='ltr'>geminas</span> <span class='ocrx_word' id='word_1_260' title='bbox 746 2622 882 2669; x_wconf 83' lang='lat' dir='ltr'>transmisit</span> <span class='ocrx_word' id='word_1_261' title='bbox 900 2620 1040 2677; x_wconf 84' lang='lat' dir='ltr'>Fabricius,</span> <span class='ocrx_word' id='word_1_262' title='bbox 1060 2620 1171 2669; x_wconf 83' lang='lat' dir='ltr'>addens:</span> <span class='ocrx_word' id='word_1_263' title='bbox 1192 2621 1293 2679; x_wconf 83' lang='lat' dir='ltr'>,literas</span> <span class='ocrx_word' id='word_1_264' title='bbox 1310 2621 1357 2671; x_wconf 87' lang='lat' dir='ltr'>bas</span> <span class='ocrx_word' id='word_1_265' title='bbox 1376 2623 1415 2672; x_wconf 87' lang='lat' dir='ltr'>bis</span> <span class='ocrx_word' id='word_1_266' title='bbox 1433 2622 1558 2686; x_wconf 66' lang='lat' dir='ltr'>emensas.</span> <span class='ocrx_word' id='word_1_267' title='bbox 1573 2631 1597 2670; x_wconf 87' lang='lat' dir='ltr'>at</span> 
     </span>
     <span class='ocr_line' id='line_1_25' title="bbox 248 2689 1004 2751; baseline -0.004 -8"><span class='ocrx_word' id='word_1_268' title='bbox 248 2697 267 2743; x_wconf 85' lang='lat' dir='ltr'>ai</span> <span class='ocrx_word' id='word_1_269' title='bbox 287 2696 350 2743; x_wconf 83' lang='lat' dir='ltr'>torte</span> <span class='ocrx_word' id='word_1_270' title='bbox 370 2707 420 2742; x_wconf 88' lang='lat' dir='ltr'>una</span> <span class='ocrx_word' id='word_1_271' title='bbox 438 2694 578 2747; x_wconf 87' lang='lat' dir='ltr'>intercidat.</span> <span class='ocrx_word' id='word_1_272' title='bbox 599 2693 679 2741; x_wconf 87' lang='lat' dir='ltr'>altera</span> <span class='ocrx_word' id='word_1_273' title='bbox 698 2701 765 2741; x_wconf 90' lang='lat' dir='ltr'>certe</span> <span class='ocrx_word' id='word_1_274' title='bbox 784 2691 816 2739; x_wconf 88' lang='lat' dir='ltr'>ad</span> <span class='ocrx_word' id='word_1_275' title='bbox 835 2699 860 2740; x_wconf 89' lang='lat' dir='ltr'>te</span> <span class='ocrx_word' id='word_1_276' title='bbox 879 2689 1004 2751; x_wconf 77' lang='lat' dir='ltr'>reuiat“)</span> 
     </span>
    </p>
   </div>
   <div class='ocr_carea' id='block_1_6' title="bbox 244 2763 1596 3905">
    <p class='ocr_par' dir='ltr' id='par_1_6' title="bbox 244 2763 1596 3108">
     <span class='ocr_line' id='line_1_26' title="bbox 337 2763 1595 2846; baseline 0 -20"><span class='ocrx_word' id='word_1_277' title='bbox 337 2764 527 2826; x_wconf 77' lang='lat' dir='ltr'>Observandi</span> <span class='ocrx_word' id='word_1_278' title='bbox 553 2764 737 2842; x_wconf 78' lang='lat' dir='ltr'>diligentiam</span> <span class='ocrx_word' id='word_1_279' title='bbox 763 2763 790 2822; x_wconf 91' lang='lat' dir='ltr'>in</span> <span class='ocrx_word' id='word_1_280' title='bbox 815 2763 857 2822; x_wconf 88' lang='lat' dir='ltr'>Te</span> <span class='ocrx_word' id='word_1_281' title='bbox 880 2781 1066 2841; x_wconf 85' lang='lat' dir='ltr'>summopere</span> <span class='ocrx_word' id='word_1_282' title='bbox 1089 2765 1283 2830; x_wconf 88' lang='lat' dir='ltr'>commendo.</span> <span class='ocrx_word' id='word_1_283' title='bbox 1319 2764 1410 2846; x_wconf 87' lang='lat' dir='ltr'>idque</span> <span class='ocrx_word' id='word_1_284' title='bbox 1434 2785 1504 2828; x_wconf 88' lang='lat' dir='ltr'>curn</span> <span class='ocrx_word' id='word_1_285' title='bbox 1527 2765 1595 2826; x_wconf 85' lang='lat' dir='ltr'>alias</span> 
     </span>
     <span class='ocr_line' id='line_1_27' title="bbox 244 2849 1594 2934; baseline -0.003 -17"><span class='ocrx_word' id='word_1_286' title='bbox 244 2864 306 2917; x_wconf 91' lang='lat' dir='ltr'>tum</span> <span class='ocrx_word' id='word_1_287' title='bbox 331 2852 489 2932; x_wconf 86' lang='lat' dir='ltr'>praecipue</span> <span class='ocrx_word' id='word_1_288' title='bbox 514 2854 632 2932; x_wconf 90' lang='lat' dir='ltr'>qnando</span> <span class='ocrx_word' id='word_1_289' title='bbox 655 2849 675 2929; x_wconf 76' lang='lat' dir='ltr'>ij</span> <span class='ocrx_word' id='word_1_290' title='bbox 700 2854 728 2912; x_wconf 89' lang='lat' dir='ltr'>iu</span> <span class='ocrx_word' id='word_1_291' title='bbox 753 2852 817 2930; x_wconf 89' lang='lat' dir='ltr'>ipso</span> <span class='ocrx_word' id='word_1_292' title='bbox 841 2871 916 2931; x_wconf 88' lang='lat' dir='ltr'>pene</span> <span class='ocrx_word' id='word_1_293' title='bbox 940 2851 1034 2929; x_wconf 87' lang='lat' dir='ltr'>gradu</span> <span class='ocrx_word' id='word_1_294' title='bbox 1059 2852 1186 2930; x_wconf 82' lang='lat' dir='ltr'>apogaei</span> <span class='ocrx_word' id='word_1_295' title='bbox 1210 2851 1274 2913; x_wconf 92' lang='lat' dir='ltr'>Soli</span> <span class='ocrx_word' id='word_1_296' title='bbox 1299 2854 1484 2934; x_wconf 91' lang='lat' dir='ltr'>opponitur,</span> <span class='ocrx_word' id='word_1_297' title='bbox 1517 2873 1594 2934; x_wconf 82' lang='lat' dir='ltr'>quem</span> 
     </span>
     <span class='ocr_line' id='line_1_28' title="bbox 244 2939 1596 3023; baseline 0.001 -19"><span class='ocrx_word' id='word_1_298' title='bbox 244 2960 333 3021; x_wconf 87' lang='lat' dir='ltr'>spero</span> <span class='ocrx_word' id='word_1_299' title='bbox 359 2962 377 3001; x_wconf 90' lang='lat' dir='ltr'>a</span> <span class='ocrx_word' id='word_1_300' title='bbox 401 2954 431 3001; x_wconf 90' lang='lat' dir='ltr'>te</span> <span class='ocrx_word' id='word_1_301' title='bbox 463 2942 634 3016; x_wconf 74' lang='lat' dir='ltr'>observari,</span> <span class='ocrx_word' id='word_1_302' title='bbox 669 2952 700 3001; x_wconf 92' lang='grc' dir='ltr'>ει</span> <span class='ocrx_word' id='word_1_303' title='bbox 733 2940 847 3017; x_wconf 88' lang='lat' dir='ltr'>accipio</span> <span class='ocrx_word' id='word_1_304' title='bbox 876 2951 964 3018; x_wconf 85' lang='lat' dir='ltr'>grato</span> <span class='ocrx_word' id='word_1_305' title='bbox 993 2939 1091 3000; x_wconf 91' lang='lat' dir='ltr'>animo</span> <span class='ocrx_word' id='word_1_306' title='bbox 1124 2959 1200 3020; x_wconf 89' lang='lat' dir='ltr'>quas</span> <span class='ocrx_word' id='word_1_307' title='bbox 1224 2941 1344 3004; x_wconf 89' lang='lat' dir='ltr'>misisti.</span> <span class='ocrx_word' id='word_1_308' title='bbox 1393 2941 1596 3023; x_wconf 72' lang='lat' dir='ltr'>compensabo</span> 
     </span>
     <span class='ocr_line' id='line_1_29' title="bbox 244 3031 412 3108; baseline -0.006 -17"><span class='ocrx_word' id='word_1_309' title='bbox 244 3031 412 3108; x_wconf 81' lang='lat' dir='ltr'>diligenter.</span> 
     </span>
    </p>

    <p class='ocr_par' dir='ltr' id='par_1_7' title="bbox 246 3112 1595 3465">
     <span class='ocr_line' id='line_1_30' title="bbox 334 3112 1595 3197; baseline 0 -19"><span class='ocrx_word' id='word_1_310' title='bbox 334 3118 454 3197; x_wconf 74' lang='lat' dir='ltr'>Tyelro</span> <span class='ocrx_word' id='word_1_311' title='bbox 486 3137 540 3196; x_wconf 92' lang='lat' dir='ltr'>per</span> <span class='ocrx_word' id='word_1_312' title='bbox 570 3124 718 3177; x_wconf 82' lang='lat' dir='ltr'>aestatem</span> <span class='ocrx_word' id='word_1_313' title='bbox 752 3116 820 3175; x_wconf 88' lang='lat' dir='ltr'>anni</span> <span class='ocrx_word' id='word_1_314' title='bbox 845 3112 897 3177; x_wconf 74' lang='lat'>97.</span> <span class='ocrx_word' id='word_1_315' title='bbox 929 3116 1001 3177; x_wconf 91' lang='lat' dir='ltr'>nibil</span> <span class='ocrx_word' id='word_1_316' title='bbox 1034 3117 1208 3178; x_wconf 77' lang='lat' dir='ltr'>observarit</span> <span class='ocrx_word' id='word_1_317' title='bbox 1237 3118 1425 3179; x_wconf 80' lang='lat' dir='ltr'>discessione</span> <span class='ocrx_word' id='word_1_318' title='bbox 1461 3119 1542 3179; x_wconf 84' lang='lat' dir='ltr'>lacta</span> <span class='ocrx_word' id='word_1_319' title='bbox 1564 3137 1595 3178; x_wconf 82' lang='lat' dir='ltr'>ex</span> 
     </span>
     <span class='ocr_line' id='line_1_31' title="bbox 246 3204 1595 3286; baseline -0.001 -18"><span class='ocrx_word' id='word_1_320' title='bbox 246 3209 374 3269; x_wconf 83' lang='lat' dir='ltr'>llueuna</span> <span class='ocrx_word' id='word_1_321' title='bbox 397 3206 605 3267; x_wconf 82' lang='lat' dir='ltr'>Rostocliium.</span> <span class='ocrx_word' id='word_1_322' title='bbox 653 3204 757 3281; x_wconf 89' lang='lat' dir='ltr'>ltaque</span> <span class='ocrx_word' id='word_1_323' title='bbox 789 3223 846 3263; x_wconf 94' lang='lat' dir='ltr'>non</span> <span class='ocrx_word' id='word_1_324' title='bbox 872 3216 975 3265; x_wconf 78' lang='lat' dir='ltr'>exstat</span> <span class='ocrx_word' id='word_1_325' title='bbox 997 3205 1137 3265; x_wconf 88' lang='lat' dir='ltr'>Mercurii</span> <span class='ocrx_word' id='word_1_326' title='bbox 1167 3207 1340 3267; x_wconf 77' lang='lat' dir='ltr'>observatio</span> <span class='ocrx_word' id='word_1_327' title='bbox 1369 3211 1514 3285; x_wconf 73' lang='lat' dir='ltr'>Augusto</span> <span class='ocrx_word' id='word_1_328' title='bbox 1540 3209 1595 3286; x_wconf 77' lang='lat' dir='ltr'>ejus</span> 
     </span>
     <span class='ocr_line' id='line_1_32' title="bbox 246 3293 1594 3376; baseline -0.001 -20"><span class='ocrx_word' id='word_1_329' title='bbox 246 3298 326 3357; x_wconf 89' lang='lat' dir='ltr'>anni.</span> <span class='ocrx_word' id='word_1_330' title='bbox 374 3296 405 3354; x_wconf 93' lang='lat' dir='ltr'>ln</span> <span class='ocrx_word' id='word_1_331' title='bbox 431 3295 504 3356; x_wconf 88' lang='lat' dir='ltr'>meis</span> <span class='ocrx_word' id='word_1_332' title='bbox 529 3294 647 3354; x_wconf 81' lang='lat' dir='ltr'>invenio</span> <span class='ocrx_word' id='word_1_333' title='bbox 671 3295 760 3371; x_wconf 92' lang='lat' dir='ltr'>plane</span> <span class='ocrx_word' id='word_1_334' title='bbox 785 3294 867 3352; x_wconf 87' lang='lat' dir='ltr'>nibil.</span> <span class='ocrx_word' id='word_1_335' title='bbox 915 3295 993 3354; x_wconf 86' lang='lat' dir='ltr'>Toto</span> <span class='ocrx_word' id='word_1_336' title='bbox 1026 3294 1102 3355; x_wconf 87' lang='lat' dir='ltr'>enim</span> <span class='ocrx_word' id='word_1_337' title='bbox 1127 3293 1180 3356; x_wconf 82' lang='lat'>96.</span> <span class='ocrx_word' id='word_1_338' title='bbox 1207 3306 1239 3356; x_wconf 91' lang='lat' dir='ltr'>et</span> <span class='ocrx_word' id='word_1_339' title='bbox 1262 3296 1410 3375; x_wconf 89' lang='lat' dir='ltr'>principio</span> <span class='ocrx_word' id='word_1_340' title='bbox 1434 3293 1489 3358; x_wconf 80' lang='lat'>97.</span> <span class='ocrx_word' id='word_1_341' title='bbox 1514 3315 1594 3376; x_wconf 81' lang='lat' dir='ltr'>usque</span> 
     </span>
     <span class='ocr_line' id='line_1_33' title="bbox 247 3381 1469 3465; baseline 0.002 -22"><span class='ocrx_word' id='word_1_342' title='bbox 247 3385 284 3444; x_wconf 92' lang='lat' dir='ltr'>ad</span> <span class='ocrx_word' id='word_1_343' title='bbox 314 3382 363 3445; x_wconf 83' lang='grc'>12.</span> <span class='ocrx_word' id='word_1_344' title='bbox 389 3384 468 3463; x_wconf 83' lang='lat' dir='ltr'>Aug.</span> <span class='ocrx_word' id='word_1_345' title='bbox 494 3381 545 3446; x_wconf 76' lang='lat'>97.</span> <span class='ocrx_word' id='word_1_346' title='bbox 572 3382 643 3442; x_wconf 90' lang='lat' dir='ltr'>nihil</span> <span class='ocrx_word' id='word_1_347' title='bbox 669 3382 825 3442; x_wconf 76' lang='lat' dir='ltr'>observari</span> <span class='ocrx_word' id='word_1_348' title='bbox 850 3392 880 3441; x_wconf 83' lang='lat' dir='ltr'>et</span> <span class='ocrx_word' id='word_1_349' title='bbox 904 3391 973 3443; x_wconf 89' lang='lat' dir='ltr'>tunc</span> <span class='ocrx_word' id='word_1_350' title='bbox 998 3386 1093 3444; x_wconf 80' lang='lat' dir='ltr'>soloni</span> <span class='ocrx_word' id='word_1_351' title='bbox 1118 3384 1156 3443; x_wconf 89' lang='lat' dir='ltr'>ad</span> <span class='ocrx_word' id='word_1_352' title='bbox 1181 3385 1311 3446; x_wconf 82' lang='lat' dir='ltr'>Martem</span> <span class='ocrx_word' id='word_1_353' title='bbox 1336 3386 1469 3465; x_wconf 77' lang='lat' dir='ltr'>respexi.</span> 
     </span>
    </p>

    <p class='ocr_par' dir='ltr' id='par_1_8' title="bbox 245 3468 1596 3905">
     <span class='ocr_line' id='line_1_34' title="bbox 337 3468 1594 3549; baseline -0.002 -15"><span class='ocrx_word' id='word_1_354' title='bbox 337 3474 386 3534; x_wconf 85' lang='lat' dir='ltr'>Ad</span> <span class='ocrx_word' id='word_1_355' title='bbox 413 3473 553 3545; x_wconf 88' lang='lat' dir='ltr'>ultimas,</span> <span class='ocrx_word' id='word_1_356' title='bbox 586 3468 616 3530; x_wconf 84' lang='lat'>2.</span> <span class='ocrx_word' id='word_1_357' title='bbox 643 3468 727 3542; x_wconf 74' lang='grc'>112.)</span> <span class='ocrx_word' id='word_1_358' title='bbox 752 3472 826 3547; x_wconf 82' lang='lat' dir='ltr'>Apr.</span> <span class='ocrx_word' id='word_1_359' title='bbox 852 3471 997 3549; x_wconf 88' lang='lat' dir='ltr'>scriptas:</span> <span class='ocrx_word' id='word_1_360' title='bbox 1035 3473 1123 3533; x_wconf 76' lang='lat' dir='ltr'>Nora</span> <span class='ocrx_word' id='word_1_361' title='bbox 1155 3473 1225 3534; x_wconf 80' lang='lat' dir='ltr'>milri</span> <span class='ocrx_word' id='word_1_362' title='bbox 1250 3475 1418 3535; x_wconf 87' lang='lat' dir='ltr'>etiamnum</span> <span class='ocrx_word' id='word_1_363' title='bbox 1442 3474 1507 3535; x_wconf 78' lang='lat' dir='ltr'>lieri</span> <span class='ocrx_word' id='word_1_364' title='bbox 1531 3473 1594 3542; x_wconf 76' lang='lat' dir='ltr'>risa.</span> 
     </span>
     <span class='ocr_line' id='line_1_35' title="bbox 245 3560 1595 3642; baseline 0 -22"><span class='ocrx_word' id='word_1_365' title='bbox 245 3572 276 3622; x_wconf 90' lang='grc' dir='ltr'>ει</span> <span class='ocrx_word' id='word_1_366' title='bbox 298 3581 354 3642; x_wconf 91' lang='lat' dir='ltr'>quo</span> <span class='ocrx_word' id='word_1_367' title='bbox 376 3562 422 3622; x_wconf 90' lang='lat' dir='ltr'>die</span> <span class='ocrx_word' id='word_1_368' title='bbox 442 3562 502 3621; x_wconf 82' lang='lat' dir='ltr'>ista</span> <span class='ocrx_word' id='word_1_369' title='bbox 517 3560 625 3629; x_wconf 87' lang='lat' dir='ltr'>scribo,</span> <span class='ocrx_word' id='word_1_370' title='bbox 645 3579 740 3618; x_wconf 78' lang='lat' dir='ltr'>annus</span> <span class='ocrx_word' id='word_1_371' title='bbox 755 3561 994 3620; x_wconf 73' lang='lat' dir='ltr'>circumvertitur</span> <span class='ocrx_word' id='word_1_372' title='bbox 1008 3580 1045 3620; x_wconf 81' lang='lat' dir='ltr'>ex</span> <span class='ocrx_word' id='word_1_373' title='bbox 1062 3580 1119 3639; x_wconf 89' lang='lat' dir='ltr'>quo</span> <span class='ocrx_word' id='word_1_374' title='bbox 1134 3563 1260 3640; x_wconf 89' lang='lat' dir='ltr'>primum</span> <span class='ocrx_word' id='word_1_375' title='bbox 1276 3575 1322 3622; x_wconf 78' lang='lat' dir='ltr'>est</span> <span class='ocrx_word' id='word_1_376' title='bbox 1338 3563 1407 3623; x_wconf 82' lang='lat' dir='ltr'>visa</span> <span class='ocrx_word' id='word_1_377' title='bbox 1422 3562 1491 3630; x_wconf 86' lang='grc'>110.</span> <span class='ocrx_word' id='word_1_378' title='bbox 1509 3565 1595 3622; x_wconf 75' lang='lat' dir='ltr'>(leti.</span> 
     </span>
     <span class='ocr_line' id='line_1_36' title="bbox 245 3642 1596 3721; baseline -0.001 -9"><span class='ocrx_word' id='word_1_379' title='bbox 245 3652 386 3713; x_wconf 79' lang='lat' dir='ltr'>Altitudo</span> <span class='ocrx_word' id='word_1_380' title='bbox 412 3651 439 3709; x_wconf 93' lang='lat' dir='ltr'>in</span> <span class='ocrx_word' id='word_1_381' title='bbox 466 3669 531 3709; x_wconf 90' lang='lat' dir='ltr'>meo</span> <span class='ocrx_word' id='word_1_382' title='bbox 557 3650 754 3709; x_wconf 77' lang='lat' dir='ltr'>instrumento</span> <span class='ocrx_word' id='word_1_383' title='bbox 783 3642 840 3707; x_wconf 84' lang='lat'>18⁰</span> <span class='ocrx_word' id='word_1_384' title='bbox 862 3643 926 3721; x_wconf 72' lang='lat'>47¹,</span> <span class='ocrx_word' id='word_1_385' title='bbox 956 3648 1009 3708; x_wconf 88' lang='lat' dir='ltr'>sed</span> <span class='ocrx_word' id='word_1_386' title='bbox 1040 3668 1097 3709; x_wconf 81' lang='lat' dir='ltr'>nort</span> <span class='ocrx_word' id='word_1_387' title='bbox 1126 3652 1203 3710; x_wconf 87' lang='lat' dir='ltr'>satis</span> <span class='ocrx_word' id='word_1_388' title='bbox 1228 3663 1407 3713; x_wconf 75' lang='lat' dir='ltr'>constanter</span> <span class='ocrx_word' id='word_1_389' title='bbox 1430 3653 1470 3712; x_wconf 89' lang='lat' dir='ltr'>ob</span> <span class='ocrx_word' id='word_1_390' title='bbox 1493 3653 1596 3712; x_wconf 88' lang='lat' dir='ltr'>iucom-</span> 
     </span>
     <span class='ocr_line' id='line_1_37' title="bbox 247 3736 1596 3816; baseline -0.001 -18"><span class='ocrx_word' id='word_1_391' title='bbox 247 3739 422 3799; x_wconf 88' lang='lat' dir='ltr'>moditatem</span> <span class='ocrx_word' id='word_1_392' title='bbox 447 3739 504 3797; x_wconf 88' lang='lat' dir='ltr'>mei</span> <span class='ocrx_word' id='word_1_393' title='bbox 529 3736 595 3797; x_wconf 91' lang='lat' dir='ltr'>loci.</span> <span class='ocrx_word' id='word_1_394' title='bbox 643 3737 720 3796; x_wconf 75' lang='lat' dir='ltr'>liam</span> <span class='ocrx_word' id='word_1_395' title='bbox 746 3755 781 3795; x_wconf 81' lang='lat' dir='ltr'>ex</span> <span class='ocrx_word' id='word_1_396' title='bbox 806 3754 862 3814; x_wconf 92' lang='lat' dir='ltr'>quo</span> <span class='ocrx_word' id='word_1_397' title='bbox 887 3736 984 3796; x_wconf 91' lang='lat' dir='ltr'>locum</span> <span class='ocrx_word' id='word_1_398' title='bbox 1017 3738 1195 3816; x_wconf 88' lang='lat' dir='ltr'>pristinum,</span> <span class='ocrx_word' id='word_1_399' title='bbox 1228 3741 1506 3801; x_wconf 77' lang='lat' dir='ltr'>commodissimum</span> <span class='ocrx_word' id='word_1_400' title='bbox 1540 3738 1596 3800; x_wconf 87' lang='lat' dir='ltr'>huic</span> 
     </span>
     <span class='ocr_line' id='line_1_38' title="bbox 245 3824 1335 3905; baseline 0.002 -19"><span class='ocrx_word' id='word_1_401' title='bbox 245 3828 289 3887; x_wconf 89' lang='lat' dir='ltr'>rei</span> <span class='ocrx_word' id='word_1_402' title='bbox 309 3826 362 3885; x_wconf 89' lang='lat' dir='ltr'>sed</span> <span class='ocrx_word' id='word_1_403' title='bbox 380 3827 569 3905; x_wconf 86' lang='lat' dir='ltr'>longinquum</span> <span class='ocrx_word' id='word_1_404' title='bbox 590 3826 711 3897; x_wconf 83' lang='lat' dir='ltr'>mutari,</span> <span class='ocrx_word' id='word_1_405' title='bbox 735 3824 894 3885; x_wconf 79' lang='lat' dir='ltr'>infeliciter</span> <span class='ocrx_word' id='word_1_406' title='bbox 914 3827 1081 3902; x_wconf 89' lang='lat' dir='ltr'>procedunt</span> <span class='ocrx_word' id='word_1_407' title='bbox 1096 3827 1335 3889; x_wconf 78' lang='lat' dir='ltr'>observationes.</span> 
     </span>
    </p>
   </div>
   <div class='ocr_carea' id='block_1_7' title="bbox 244 3921 1597 4282">
    <p class='ocr_par' dir='ltr' id='par_1_9' title="bbox 244 3921 1597 4282">
     <span class='ocr_line' id='line_1_39' title="bbox 336 3921 1597 3996; baseline 0.005 -18"><span class='ocrx_word' id='word_1_408' title='bbox 336 3930 363 3978; x_wconf 91' lang='lat' dir='ltr'>ln</span> <span class='ocrx_word' id='word_1_409' title='bbox 382 3931 458 3979; x_wconf 89' lang='lat' dir='ltr'>literis</span> <span class='ocrx_word' id='word_1_410' title='bbox 478 3931 632 3979; x_wconf 85' lang='lat' dir='ltr'>Fabricii</span> <span class='ocrx_word' id='word_1_411' title='bbox 650 3921 694 3991; x_wconf 74' lang='lat' dir='ltr'>pe&#39;r</span> <span class='ocrx_word' id='word_1_412' title='bbox 712 3944 790 3977; x_wconf 90' lang='lat' dir='ltr'>annos</span> <span class='ocrx_word' id='word_1_413' title='bbox 813 3926 887 3977; x_wconf 86' lang='grc'>1606.</span> <span class='ocrx_word' id='word_1_414' title='bbox 902 3941 927 3979; x_wconf 86' lang='grc' dir='ltr'>ει</span> <span class='ocrx_word' id='word_1_415' title='bbox 943 3928 1018 3979; x_wconf 83' lang='grc'>1607.</span> <span class='ocrx_word' id='word_1_416' title='bbox 1038 3933 1136 3995; x_wconf 88' lang='lat' dir='ltr'>scriptis</span> <span class='ocrx_word' id='word_1_417' title='bbox 1154 3946 1236 3995; x_wconf 85' lang='lat' dir='ltr'>paura</span> <span class='ocrx_word' id='word_1_418' title='bbox 1254 3933 1464 3996; x_wconf 87' lang='lat' dir='ltr'>deprehendimus</span> <span class='ocrx_word' id='word_1_419' title='bbox 1485 3935 1517 3984; x_wconf 91' lang='lat' dir='ltr'>de</span> <span class='ocrx_word' id='word_1_420' title='bbox 1529 3933 1597 3983; x_wconf 66' lang='lat' dir='ltr'>Stella</span> 
     </span>
     <span class='ocr_line' id='line_1_40' title="bbox 244 3996 1595 4069; baseline 0 -18"><span class='ocrx_word' id='word_1_421' title='bbox 244 4015 318 4051; x_wconf 87' lang='lat' dir='ltr'>nora.</span> <span class='ocrx_word' id='word_1_422' title='bbox 350 4001 398 4050; x_wconf 89' lang='lat' dir='ltr'>Die</span> <span class='ocrx_word' id='word_1_423' title='bbox 419 4002 459 4048; x_wconf 92' lang='lat' dir='ltr'>ll.</span> <span class='ocrx_word' id='word_1_424' title='bbox 474 3999 611 4060; x_wconf 51' lang='lat' dir='ltr'>(trahi.</span> <span class='ocrx_word' id='word_1_425' title='bbox 635 3996 711 4048; x_wconf 77' lang='lat'>1606.</span> <span class='ocrx_word' id='word_1_426' title='bbox 732 4002 832 4049; x_wconf 83' lang='lat' dir='ltr'>scribit:</span> <span class='ocrx_word' id='word_1_427' title='bbox 852 4000 880 4048; x_wconf 93' lang='lat' dir='ltr'>In</span> <span class='ocrx_word' id='word_1_428' title='bbox 895 4009 1005 4050; x_wconf 89' lang='lat' dir='ltr'>tractatu</span> <span class='ocrx_word' id='word_1_429' title='bbox 1024 4018 1079 4051; x_wconf 87' lang='lat' dir='ltr'>meo</span> <span class='ocrx_word' id='word_1_430' title='bbox 1098 4003 1129 4052; x_wconf 86' lang='lat' dir='ltr'>dc</span> <span class='ocrx_word' id='word_1_431' title='bbox 1141 4001 1213 4053; x_wconf 76' lang='lat' dir='ltr'>Nora</span> <span class='ocrx_word' id='word_1_432' title='bbox 1226 4004 1306 4053; x_wconf 88' lang='lat' dir='ltr'>Stella</span> <span class='ocrx_word' id='word_1_433' title='bbox 1325 4005 1374 4053; x_wconf 85' lang='lat' dir='ltr'>leci</span> <span class='ocrx_word' id='word_1_434' title='bbox 1394 4017 1518 4069; x_wconf 85' lang='lat' dir='ltr'>quantum</span> <span class='ocrx_word' id='word_1_435' title='bbox 1531 4005 1595 4068; x_wconf 76' lang='lat' dir='ltr'>potat</span> 
     </span>
     <span class='ocr_line' id='line_1_41' title="bbox 246 4072 1596 4140; baseline 0.003 -20"><span class='ocrx_word' id='word_1_436' title='bbox 246 4072 284 4120; x_wconf 78' lang='lat' dir='ltr'>&#39;l&#39;u</span> <span class='ocrx_word' id='word_1_437' title='bbox 304 4072 436 4135; x_wconf 89' lang='lat' dir='ltr'>aliquando</span> <span class='ocrx_word' id='word_1_438' title='bbox 464 4076 590 4119; x_wconf 83' lang='lat' dir='ltr'>exactiora</span> <span class='ocrx_word' id='word_1_439' title='bbox 608 4079 633 4120; x_wconf 89' lang='lat' dir='ltr'>et</span> <span class='ocrx_word' id='word_1_440' title='bbox 651 4073 755 4120; x_wconf 83' lang='lat' dir='ltr'>tersiora</span> <span class='ocrx_word' id='word_1_441' title='bbox 773 4081 801 4119; x_wconf 87' lang='lat' dir='ltr'>ut</span> <span class='ocrx_word' id='word_1_442' title='bbox 823 4086 893 4133; x_wconf 90' lang='lat' dir='ltr'>spero</span> <span class='ocrx_word' id='word_1_443' title='bbox 921 4073 991 4120; x_wconf 88' lang='lat' dir='ltr'>nobis</span> <span class='ocrx_word' id='word_1_444' title='bbox 1020 4073 1097 4122; x_wconf 87' lang='lat' dir='ltr'>dabis.</span> <span class='ocrx_word' id='word_1_445' title='bbox 1137 4074 1190 4137; x_wconf 82' lang='lat' dir='ltr'>Ego</span> <span class='ocrx_word' id='word_1_446' title='bbox 1216 4075 1271 4123; x_wconf 89' lang='lat' dir='ltr'>aliis</span> <span class='ocrx_word' id='word_1_447' title='bbox 1298 4077 1461 4124; x_wconf 81' lang='lat' dir='ltr'>occasionem</span> <span class='ocrx_word' id='word_1_448' title='bbox 1490 4077 1596 4140; x_wconf 75' lang='lat' dir='ltr'>praeter·</span> 
     </span>
     <span class='ocr_line' id='line_1_42' title="bbox 246 4142 1595 4208; baseline 0.005 -19"><span class='ocrx_word' id='word_1_449' title='bbox 246 4143 309 4191; x_wconf 87' lang='lat' dir='ltr'>rolai</span> <span class='ocrx_word' id='word_1_450' title='bbox 322 4144 426 4192; x_wconf 88' lang='lat' dir='ltr'>meliora</span> <span class='ocrx_word' id='word_1_451' title='bbox 438 4143 559 4190; x_wconf 88' lang='lat' dir='ltr'>scribendi</span> <span class='ocrx_word' id='word_1_452' title='bbox 571 4144 602 4191; x_wconf 83' lang='lat' dir='ltr'>de</span> <span class='ocrx_word' id='word_1_453' title='bbox 616 4145 644 4189; x_wconf 92' lang='lat' dir='ltr'>iis</span> <span class='ocrx_word' id='word_1_454' title='bbox 658 4143 737 4190; x_wconf 88' lang='lat' dir='ltr'>rebus.</span> <span class='ocrx_word' id='word_1_455' title='bbox 765 4142 857 4206; x_wconf 80' lang='lat' dir='ltr'>Legisti</span> <span class='ocrx_word' id='word_1_456' title='bbox 870 4142 937 4191; x_wconf 87' lang='lat' dir='ltr'>hand</span> <span class='ocrx_word' id='word_1_457' title='bbox 950 4142 1024 4192; x_wconf 87' lang='lat' dir='ltr'>dubie</span> <span class='ocrx_word' id='word_1_458' title='bbox 1040 4145 1193 4207; x_wconf 89' lang='lat' dir='ltr'>quorundam</span> <span class='ocrx_word' id='word_1_459' title='bbox 1206 4146 1321 4208; x_wconf 83' lang='lat' dir='ltr'>ineptias.</span> <span class='ocrx_word' id='word_1_460' title='bbox 1337 4148 1473 4196; x_wconf 80' lang='lat' dir='ltr'>otsemra</span> <span class='ocrx_word' id='word_1_461' title='bbox 1485 4149 1553 4197; x_wconf 83' lang='lat' dir='ltr'>nulla</span> <span class='ocrx_word' id='word_1_462' title='bbox 1569 4171 1595 4183; x_wconf 89' lang='lat'>-</span> 
     </span>
     <span class='ocr_line' id='line_1_43' title="bbox 247 4210 1595 4282; baseline 0.004 -20"><span class='ocrx_word' id='word_1_463' title='bbox 247 4213 345 4263; x_wconf 88' lang='lat' dir='ltr'>Deinde</span> <span class='ocrx_word' id='word_1_464' title='bbox 360 4215 415 4266; x_wconf 73' lang='lat' dir='ltr'>„die</span> <span class='ocrx_word' id='word_1_465' title='bbox 428 4212 556 4262; x_wconf 75' lang='lat' dir='ltr'>Paschae‘*</span> <span class='ocrx_word' id='word_1_466' title='bbox 572 4227 595 4261; x_wconf 76' lang='lat' dir='ltr'>a</span> <span class='ocrx_word' id='word_1_467' title='bbox 612 4210 695 4261; x_wconf 78' lang='lat'><strong>1607:</strong></span> <span class='ocrx_word' id='word_1_468' title='bbox 715 4213 801 4261; x_wconf 88' lang='lat' dir='ltr'>libmm</span> <span class='ocrx_word' id='word_1_469' title='bbox 814 4223 883 4261; x_wconf 88' lang='lat' dir='ltr'>tuum</span> <span class='ocrx_word' id='word_1_470' title='bbox 897 4214 928 4262; x_wconf 88' lang='lat' dir='ltr'>de</span> <span class='ocrx_word' id='word_1_471' title='bbox 941 4229 1004 4263; x_wconf 88' lang='lat' dir='ltr'>nora</span> <span class='ocrx_word' id='word_1_472' title='bbox 1017 4215 1090 4263; x_wconf 88' lang='lat' dir='ltr'>stella</span> <span class='ocrx_word' id='word_1_473' title='bbox 1107 4230 1193 4265; x_wconf 86' lang='lat' dir='ltr'>omues</span> <span class='ocrx_word' id='word_1_474' title='bbox 1209 4231 1301 4280; x_wconf 89' lang='lat' dir='ltr'>magno</span> <span class='ocrx_word' id='word_1_475' title='bbox 1322 4216 1445 4267; x_wconf 85' lang='lat' dir='ltr'>desiderio</span> <span class='ocrx_word' id='word_1_476' title='bbox 1463 4225 1595 4282; x_wconf 69' lang='lat' dir='ltr'>expectant</span> 
     </span>
    </p>
   </div>
   <div class='ocr_carea' id='block_1_8' title="bbox 246 4300 1595 5074">
    <p class='ocr_par' dir='ltr' id='par_1_10' title="bbox 246 4300 1595 5074">
     <span class='ocr_line' id='line_1_44' title="bbox 335 4300 1595 4366; baseline 0.005 -16"><span class='ocrx_word' id='word_1_477' title='bbox 335 4303 407 4350; x_wconf 89' lang='lat' dir='ltr'>Breri</span> <span class='ocrx_word' id='word_1_478' title='bbox 425 4309 481 4363; x_wconf 88' lang='lat' dir='ltr'>post</span> <span class='ocrx_word' id='word_1_479' title='bbox 499 4309 603 4362; x_wconf 85' lang='lat' dir='ltr'>accepto</span> <span class='ocrx_word' id='word_1_480' title='bbox 621 4300 667 4348; x_wconf 88' lang='lat' dir='ltr'>hoc</span> <span class='ocrx_word' id='word_1_481' title='bbox 687 4300 791 4348; x_wconf 82' lang='lat' dir='ltr'>Fabricii</span> <span class='ocrx_word' id='word_1_482' title='bbox 815 4303 944 4349; x_wconf 89' lang='lat' dir='ltr'>monitorio</span> <span class='ocrx_word' id='word_1_483' title='bbox 966 4304 1132 4351; x_wconf 82' lang='lat' dir='ltr'>transmisisse</span> <span class='ocrx_word' id='word_1_484' title='bbox 1155 4304 1251 4352; x_wconf 89' lang='lat' dir='ltr'>ridetur</span> <span class='ocrx_word' id='word_1_485' title='bbox 1270 4304 1395 4366; x_wconf 79' lang='lat' dir='ltr'>liepleras</span> <span class='ocrx_word' id='word_1_486' title='bbox 1422 4307 1512 4356; x_wconf 80' lang='lat' dir='ltr'>libram</span> <span class='ocrx_word' id='word_1_487' title='bbox 1537 4321 1595 4355; x_wconf 77' lang='lat' dir='ltr'>aas·</span> 
     </span>
     <span class='ocr_line' id='line_1_45' title="bbox 246 4368 1595 4439; baseline 0.004 -18"><span class='ocrx_word' id='word_1_488' title='bbox 246 4372 345 4432; x_wconf 88' lang='lat' dir='ltr'>(literae</span> <span class='ocrx_word' id='word_1_489' title='bbox 364 4369 481 4430; x_wconf 84' lang='lat' dir='ltr'>desunt),</span> <span class='ocrx_word' id='word_1_490' title='bbox 507 4385 564 4419; x_wconf 87' lang='lat' dir='ltr'>narn</span> <span class='ocrx_word' id='word_1_491' title='bbox 586 4370 608 4418; x_wconf 89' lang='lat' dir='ltr'>l.</span> <span class='ocrx_word' id='word_1_492' title='bbox 628 4368 696 4430; x_wconf 89' lang='grc'>(11.)</span> <span class='ocrx_word' id='word_1_493' title='bbox 714 4371 782 4419; x_wconf 80' lang='lat' dir='ltr'>lunii</span> <span class='ocrx_word' id='word_1_494' title='bbox 808 4375 900 4430; x_wconf 74' lang='lat' dir='ltr'>gratias</span> <span class='ocrx_word' id='word_1_495' title='bbox 926 4387 1004 4437; x_wconf 85' lang='lat' dir='ltr'>agens</span> <span class='ocrx_word' id='word_1_496' title='bbox 1022 4374 1153 4422; x_wconf 79' lang='lat' dir='ltr'>Fabricius</span> <span class='ocrx_word' id='word_1_497' title='bbox 1176 4374 1240 4423; x_wconf 87' lang='lat' dir='ltr'>haec</span> <span class='ocrx_word' id='word_1_498' title='bbox 1264 4376 1309 4423; x_wconf 90' lang='lat' dir='ltr'>dat</span> <span class='ocrx_word' id='word_1_499' title='bbox 1328 4376 1455 4439; x_wconf 79' lang='lat' dir='ltr'>lieplero:</span> <span class='ocrx_word' id='word_1_500' title='bbox 1485 4378 1526 4427; x_wconf 81' lang='lat' dir='ltr'>lle</span> <span class='ocrx_word' id='word_1_501' title='bbox 1544 4389 1595 4426; x_wconf 84' lang='lat' dir='ltr'>aera</span> 
     </span>
     <span class='ocr_line' id='line_1_46' title="bbox 249 4442 1594 4512; baseline 0.005 -21"><span class='ocrx_word' id='word_1_502' title='bbox 249 4443 327 4492; x_wconf 86' lang='lat' dir='ltr'>Stella</span> <span class='ocrx_word' id='word_1_503' title='bbox 346 4450 414 4490; x_wconf 87' lang='lat' dir='ltr'>tuum</span> <span class='ocrx_word' id='word_1_504' title='bbox 434 4445 598 4505; x_wconf 86' lang='lat' dir='ltr'>couscriptum</span> <span class='ocrx_word' id='word_1_505' title='bbox 620 4442 705 4490; x_wconf 91' lang='lat' dir='ltr'>librum</span> <span class='ocrx_word' id='word_1_506' title='bbox 725 4453 783 4490; x_wconf 91' lang='lat' dir='ltr'>ante</span> <span class='ocrx_word' id='word_1_507' title='bbox 810 4444 908 4491; x_wconf 85' lang='lat' dir='ltr'>biduum</span> <span class='ocrx_word' id='word_1_508' title='bbox 928 4446 1013 4506; x_wconf 87' lang='lat' dir='ltr'>accepi</span> <span class='ocrx_word' id='word_1_509' title='bbox 1032 4444 1192 4508; x_wconf 83' lang='lat' dir='ltr'>Hambnrgo.</span> <span class='ocrx_word' id='word_1_510' title='bbox 1220 4461 1276 4494; x_wconf 87' lang='lat' dir='ltr'>eum</span> <span class='ocrx_word' id='word_1_511' title='bbox 1295 4461 1394 4496; x_wconf 88' lang='lat' dir='ltr'>summa</span> <span class='ocrx_word' id='word_1_512' title='bbox 1411 4450 1540 4512; x_wconf 79' lang='lat' dir='ltr'>voluptate</span> <span class='ocrx_word' id='word_1_513' title='bbox 1556 4450 1594 4510; x_wconf 80' lang='lat' dir='ltr'>lrp</span> 
     </span>
     <span class='ocr_line' id='line_1_47' title="bbox 248 4513 1595 4581; baseline 0.002 -20"><span class='ocrx_word' id='word_1_514' title='bbox 248 4524 272 4562; x_wconf 88' lang='lat' dir='ltr'>at</span> <span class='ocrx_word' id='word_1_515' title='bbox 290 4513 391 4576; x_wconf 84' lang='lat' dir='ltr'>perlegi.</span> <span class='ocrx_word' id='word_1_516' title='bbox 429 4513 500 4571; x_wconf 89' lang='lat' dir='ltr'>Quae</span> <span class='ocrx_word' id='word_1_517' title='bbox 518 4514 543 4559; x_wconf 93' lang='lat' dir='ltr'>in</span> <span class='ocrx_word' id='word_1_518' title='bbox 561 4526 600 4560; x_wconf 91' lang='lat' dir='ltr'>me</span> <span class='ocrx_word' id='word_1_519' title='bbox 619 4514 706 4575; x_wconf 86' lang='lat' dir='ltr'>probas</span> <span class='ocrx_word' id='word_1_520' title='bbox 726 4523 770 4560; x_wconf 85' lang='lat' dir='ltr'>aut</span> <span class='ocrx_word' id='word_1_521' title='bbox 788 4515 926 4576; x_wconf 90' lang='lat' dir='ltr'>improbas.</span> <span class='ocrx_word' id='word_1_522' title='bbox 954 4517 1045 4577; x_wconf 90' lang='lat' dir='ltr'>optime</span> <span class='ocrx_word' id='word_1_523' title='bbox 1071 4518 1182 4578; x_wconf 90' lang='lat' dir='ltr'>cognori.</span> <span class='ocrx_word' id='word_1_524' title='bbox 1222 4516 1361 4565; x_wconf 78' lang='lat' dir='ltr'>Candorem</span> <span class='ocrx_word' id='word_1_525' title='bbox 1381 4520 1476 4581; x_wconf 83' lang='lat' dir='ltr'>probo.</span> <span class='ocrx_word' id='word_1_526' title='bbox 1505 4520 1595 4569; x_wconf 81' lang='lat' dir='ltr'>lieetia</span> 
     </span>
     <span class='ocr_line' id='line_1_48' title="bbox 247 4584 1595 4647; baseline 0.007 -16"><span class='ocrx_word' id='word_1_527' title='bbox 247 4584 369 4631; x_wconf 80' lang='lat' dir='ltr'>nonnullis</span> <span class='ocrx_word' id='word_1_528' title='bbox 388 4597 469 4632; x_wconf 88' lang='lat' dir='ltr'>meam</span> <span class='ocrx_word' id='word_1_529' title='bbox 488 4592 596 4631; x_wconf 87' lang='lat' dir='ltr'>mentem</span> <span class='ocrx_word' id='word_1_530' title='bbox 614 4598 663 4631; x_wconf 91' lang='lat' dir='ltr'>non</span> <span class='ocrx_word' id='word_1_531' title='bbox 682 4585 788 4631; x_wconf 82' lang='lat' dir='ltr'>ridearis</span> <span class='ocrx_word' id='word_1_532' title='bbox 811 4586 885 4646; x_wconf 91' lang='lat' dir='ltr'>plane</span> <span class='ocrx_word' id='word_1_533' title='bbox 903 4594 929 4633; x_wconf 87' lang='lat' dir='ltr'>et</span> <span class='ocrx_word' id='word_1_534' title='bbox 949 4585 1022 4647; x_wconf 84' lang='lat' dir='ltr'>plene</span> <span class='ocrx_word' id='word_1_535' title='bbox 1051 4596 1179 4634; x_wconf 74' lang='lat' dir='ltr'>assecutus</span> <span class='ocrx_word' id='word_1_536' title='bbox 1199 4602 1262 4636; x_wconf 78' lang='lat' dir='ltr'>esse.</span> <span class='ocrx_word' id='word_1_537' title='bbox 1299 4588 1391 4636; x_wconf 87' lang='lat' dir='ltr'>Parum</span> <span class='ocrx_word' id='word_1_538' title='bbox 1421 4599 1506 4639; x_wconf 82' lang='lat' dir='ltr'>antem</span> <span class='ocrx_word' id='word_1_539' title='bbox 1532 4590 1595 4639; x_wconf 70' lang='lat' dir='ltr'>relat!</span> 
     </span>
     <span class='ocr_line' id='line_1_49' title="bbox 247 4653 1594 4716; baseline 0.008 -16"><span class='ocrx_word' id='word_1_540' title='bbox 247 4653 291 4702; x_wconf 90' lang='lat' dir='ltr'>llla</span> <span class='ocrx_word' id='word_1_541' title='bbox 309 4654 419 4704; x_wconf 75' lang='lat' dir='ltr'>refellere</span> <span class='ocrx_word' id='word_1_542' title='bbox 437 4668 555 4715; x_wconf 85' lang='lat' dir='ltr'>operose;</span> <span class='ocrx_word' id='word_1_543' title='bbox 584 4663 681 4701; x_wconf 87' lang='lat' dir='ltr'>tautum</span> <span class='ocrx_word' id='word_1_544' title='bbox 699 4656 765 4702; x_wconf 90' lang='lat' dir='ltr'>euim</span> <span class='ocrx_word' id='word_1_545' title='bbox 785 4657 855 4704; x_wconf 88' lang='lat' dir='ltr'>abest</span> <span class='ocrx_word' id='word_1_546' title='bbox 873 4665 902 4704; x_wconf 87' lang='lat' dir='ltr'>ut</span> <span class='ocrx_word' id='word_1_547' title='bbox 919 4671 959 4703; x_wconf 85' lang='lat' dir='ltr'>mo</span> <span class='ocrx_word' id='word_1_548' title='bbox 977 4657 1042 4704; x_wconf 90' lang='lat' dir='ltr'>male</span> <span class='ocrx_word' id='word_1_549' title='bbox 1060 4656 1170 4705; x_wconf 88' lang='lat' dir='ltr'>babeant</span> <span class='ocrx_word' id='word_1_550' title='bbox 1196 4667 1286 4706; x_wconf 88' lang='lat' dir='ltr'>notata</span> <span class='ocrx_word' id='word_1_551' title='bbox 1310 4661 1453 4716; x_wconf 70' lang='lat' dir='ltr'>utemoeu.</span> <span class='ocrx_word' id='word_1_552' title='bbox 1483 4673 1513 4710; x_wconf 86' lang='grc' dir='ltr'>ιιι</span> <span class='ocrx_word' id='word_1_553' title='bbox 1529 4663 1594 4710; x_wconf 65' lang='lat' dir='ltr'>etin</span> 
     </span>
     <span class='ocr_line' id='line_1_50' title="bbox 247 4723 1593 4791; baseline 0.01 -21"><span class='ocrx_word' id='word_1_554' title='bbox 247 4725 341 4785; x_wconf 83' lang='lat' dir='ltr'>gratias</span> <span class='ocrx_word' id='word_1_555' title='bbox 367 4725 411 4772; x_wconf 91' lang='lat' dir='ltr'>tibi</span> <span class='ocrx_word' id='word_1_556' title='bbox 433 4723 539 4772; x_wconf 87' lang='lat' dir='ltr'>habeam</span> <span class='ocrx_word' id='word_1_557' title='bbox 558 4739 601 4785; x_wconf 91' lang='lat' dir='ltr'>pro</span> <span class='ocrx_word' id='word_1_558' title='bbox 626 4725 719 4786; x_wconf 87' lang='lat' dir='ltr'>jndicio</span> <span class='ocrx_word' id='word_1_559' title='bbox 737 4727 851 4775; x_wconf 87' lang='lat' dir='ltr'>candido.</span> <span class='ocrx_word' id='word_1_560' title='bbox 889 4727 968 4790; x_wconf 81' lang='lat' dir='ltr'>Perge</span> <span class='ocrx_word' id='word_1_561' title='bbox 987 4729 1062 4790; x_wconf 88' lang='lat' dir='ltr'>igitur</span> <span class='ocrx_word' id='word_1_562' title='bbox 1088 4726 1179 4775; x_wconf 87' lang='lat' dir='ltr'>talibus</span> <span class='ocrx_word' id='word_1_563' title='bbox 1207 4731 1305 4791; x_wconf 87' lang='lat' dir='ltr'>scriptis</span> <span class='ocrx_word' id='word_1_564' title='bbox 1333 4730 1457 4780; x_wconf 83' lang='lat' dir='ltr'>illustrare</span> <span class='ocrx_word' id='word_1_565' title='bbox 1477 4732 1593 4784; x_wconf 68' lang='lat' dir='ltr'>ennae.</span> 
     </span>
     <span class='ocr_line' id='line_1_51' title="bbox 249 4793 1592 4865; baseline 0.011 -27"><span class='ocrx_word' id='word_1_566' title='bbox 249 4793 297 4839; x_wconf 87' lang='lat' dir='ltr'>imo</span> <span class='ocrx_word' id='word_1_567' title='bbox 318 4793 438 4857; x_wconf 80' lang='lat' dir='ltr'>Europam</span> <span class='ocrx_word' id='word_1_568' title='bbox 464 4793 501 4841; x_wconf 89' lang='lat' dir='ltr'>rel</span> <span class='ocrx_word' id='word_1_569' title='bbox 529 4796 608 4856; x_wconf 89' lang='lat' dir='ltr'>potius</span> <span class='ocrx_word' id='word_1_570' title='bbox 636 4796 717 4843; x_wconf 88' lang='lat' dir='ltr'>orbem</span> <span class='ocrx_word' id='word_1_571' title='bbox 736 4795 874 4844; x_wconf 86' lang='lat' dir='ltr'>Terrarum.</span> <span class='ocrx_word' id='word_1_572' title='bbox 911 4797 940 4845; x_wconf 89' lang='lat' dir='ltr'>ln</span> <span class='ocrx_word' id='word_1_573' title='bbox 958 4797 1112 4861; x_wconf 83' lang='lat' dir='ltr'>astrologicis</span> <span class='ocrx_word' id='word_1_574' title='bbox 1139 4807 1225 4847; x_wconf 85' lang='lat' dir='ltr'>tamen</span> <span class='ocrx_word' id='word_1_575' title='bbox 1254 4815 1299 4848; x_wconf 88' lang='lat' dir='ltr'>sno</span> <span class='ocrx_word' id='word_1_576' title='bbox 1327 4811 1438 4865; x_wconf 82' lang='lat' dir='ltr'>tempore</span> <span class='ocrx_word' id='word_1_577' title='bbox 1465 4820 1505 4852; x_wconf 86' lang='lat' dir='ltr'>me</span> <span class='ocrx_word' id='word_1_578' title='bbox 1529 4803 1592 4852; x_wconf 68' lang='lat' dir='ltr'>talu</span> 
     </span>
     <span class='ocr_line' id='line_1_52' title="bbox 249 4864 1590 4938; baseline 0.01 -29"><span class='ocrx_word' id='word_1_579' title='bbox 249 4864 388 4922; x_wconf 80' lang='lat' dir='ltr'>experieris.</span> <span class='ocrx_word' id='word_1_580' title='bbox 406 4864 447 4927; x_wconf 90' lang='lat' dir='ltr'>qni</span> <span class='ocrx_word' id='word_1_581' title='bbox 466 4865 600 4912; x_wconf 86' lang='lat' dir='ltr'>rationibus</span> <span class='ocrx_word' id='word_1_582' title='bbox 618 4865 760 4913; x_wconf 85' lang='lat' dir='ltr'>firmissimis</span> <span class='ocrx_word' id='word_1_583' title='bbox 779 4869 927 4917; x_wconf 76' lang='lat' dir='ltr'>assertiones</span> <span class='ocrx_word' id='word_1_584' title='bbox 953 4868 1111 4930; x_wconf 86' lang='lat' dir='ltr'>comprobare</span> <span class='ocrx_word' id='word_1_585' title='bbox 1129 4871 1214 4929; x_wconf 86' lang='lat' dir='ltr'>possit.</span> <span class='ocrx_word' id='word_1_586' title='bbox 1254 4874 1307 4935; x_wconf 80' lang='lat' dir='ltr'>Ego</span> <span class='ocrx_word' id='word_1_587' title='bbox 1327 4874 1394 4920; x_wconf 83' lang='lat' dir='ltr'>enirn</span> <span class='ocrx_word' id='word_1_588' title='bbox 1413 4875 1439 4922; x_wconf 92' lang='lat' dir='ltr'>in</span> <span class='ocrx_word' id='word_1_589' title='bbox 1458 4888 1491 4924; x_wconf 81' lang='lat' dir='ltr'>aa</span> <span class='ocrx_word' id='word_1_590' title='bbox 1508 4873 1590 4938; x_wconf 76' lang='lat' dir='ltr'>politti·</span> 
     </span>
     <span class='ocr_line' id='line_1_53' title="bbox 248 4933 1589 4998; baseline 0.013 -19"><span class='ocrx_word' id='word_1_591' title='bbox 248 4943 315 4978; x_wconf 79' lang='lat' dir='ltr'>nrum</span> <span class='ocrx_word' id='word_1_592' title='bbox 334 4933 480 4997; x_wconf 85' lang='lat' dir='ltr'>astrologiae</span> <span class='ocrx_word' id='word_1_593' title='bbox 499 4943 569 4995; x_wconf 87' lang='lat' dir='ltr'>parte</span> <span class='ocrx_word' id='word_1_594' title='bbox 587 4935 679 4990; x_wconf 84' lang='lat' dir='ltr'>laboro,</span> <span class='ocrx_word' id='word_1_595' title='bbox 697 4943 724 4983; x_wconf 90' lang='lat' dir='ltr'>ut</span> <span class='ocrx_word' id='word_1_596' title='bbox 741 4937 859 4998; x_wconf 84' lang='lat' dir='ltr'>speciales</span> <span class='ocrx_word' id='word_1_597' title='bbox 879 4946 980 4987; x_wconf 88' lang='lat' dir='ltr'>ereutns</span> <span class='ocrx_word' id='word_1_598' title='bbox 999 4939 1031 4986; x_wconf 86' lang='lat' dir='ltr'>ad</span> <span class='ocrx_word' id='word_1_599' title='bbox 1044 4939 1182 4987; x_wconf 81' lang='lat' dir='ltr'>rarissimas</span> <span class='ocrx_word' id='word_1_600' title='bbox 1201 4954 1260 4989; x_wconf 88' lang='lat' dir='ltr'>suas</span> <span class='ocrx_word' id='word_1_601' title='bbox 1280 4956 1372 4991; x_wconf 82' lang='lat' dir='ltr'>causas</span> <span class='ocrx_word' id='word_1_602' title='bbox 1391 4945 1507 4998; x_wconf 76' lang='lat' dir='ltr'>referam.</span> <span class='ocrx_word' id='word_1_603' title='bbox 1525 4945 1589 4994; x_wconf 69' lang='lat' dir='ltr'>dim</span> 
     </span>
     <span class='ocr_line' id='line_1_54' title="bbox 249 4999 1590 5074; baseline 0.01 -25"><span class='ocrx_word' id='word_1_604' title='bbox 249 4999 343 5050; x_wconf 80' lang='lat' dir='ltr'>tleanra</span> <span class='ocrx_word' id='word_1_605' title='bbox 360 5003 585 5067; x_wconf 80' lang='lat' dir='ltr'>pmisotinuumque</span> <span class='ocrx_word' id='word_1_606' title='bbox 607 5007 719 5060; x_wconf 86' lang='lat' dir='ltr'>modum,</span> <span class='ocrx_word' id='word_1_607' title='bbox 742 5009 877 5062; x_wconf 86' lang='lat' dir='ltr'>rationem,</span> <span class='ocrx_word' id='word_1_608' title='bbox 896 5011 958 5063; x_wconf 85' lang='lat' dir='ltr'>rim.</span> <span class='ocrx_word' id='word_1_609' title='bbox 978 5023 1081 5064; x_wconf 74' lang='lat' dir='ltr'>unsar.</span> <span class='ocrx_word' id='word_1_610' title='bbox 1099 5019 1126 5058; x_wconf 83' lang='lat' dir='ltr'>et</span> <span class='ocrx_word' id='word_1_611' title='bbox 1143 5012 1229 5060; x_wconf 87' lang='lat' dir='ltr'>omnia</span> <span class='ocrx_word' id='word_1_612' title='bbox 1245 5011 1391 5074; x_wconf 73' lang='lat' dir='ltr'>plantarum</span> <span class='ocrx_word' id='word_1_613' title='bbox 1415 5015 1556 5067; x_wconf 62' lang='lat' dir='ltr'>dudm</span> <span class='ocrx_word' id='word_1_614' title='bbox 1569 5019 1590 5060; x_wconf 85' lang='grc' dir='ltr'>ιι</span> 
     </span>
    </p>
   </div>
   <div class='ocr_carea' id='block_1_9' title="bbox 0 0 1851 5842">
    <p class='ocr_par' dir='ltr' id='par_1_11' title="bbox 0 0 1851 5842">
     <span class='ocr_line' id='line_1_55' title="bbox 0 0 1851 5842; baseline 0 0"><span class='ocrx_word' id='word_1_615' title='bbox 0 0 1851 5842; x_wconf 95' lang='lat' dir='ltr'> </span> 
     </span>
    </p>
   </div>
  </div>
 </body>
</html>
