<?xml version="1.0" encoding="UTF-8"?>
<!DOCTYPE html PUBLIC "-//W3C//DTD XHTML 1.0 Transitional//EN"
    "http://www.w3.org/TR/xhtml1/DTD/xhtml1-transitional.dtd">
<html xmlns="http://www.w3.org/1999/xhtml" xml:lang="en" lang="en">
 <head>
  <title>
</title>
<meta http-equiv="Content-Type" content="text/html;charset=utf-8" />
  <meta name='ocr-system' content='tesseract 3.04.00' />
  <meta name='ocr-capabilities' content='ocr_page ocr_carea ocr_par ocr_line ocrx_word'/>
</head>
<body>
  <div class='ocr_page' id='page_1' title='image "./joanniskepleria01frisgoog/joanniskepleria01frisgoog_0088.png"; bbox 0 0 3692 5842; ppageno 0'>
   <div class='ocr_carea' id='block_1_1' title="bbox 239 485 1144 555">
    <p class='ocr_par' dir='ltr' id='par_1_1' title="bbox 239 485 1144 555">
     <span class='ocr_line' id='line_1_1' title="bbox 239 485 1144 555; baseline 0.006 -19"><span class='ocrx_word' id='word_1_1' title='bbox 239 485 282 554; x_wconf 75' lang='grc'>76</span> <span class='ocrx_word' id='word_1_2' title='bbox 634 488 734 546; x_wconf 80' lang='lat' dir='ltr'>Literae</span> <span class='ocrx_word' id='word_1_3' title='bbox 752 488 855 553; x_wconf 84' lang='lat' dir='ltr'>Ksplarl</span> <span class='ocrx_word' id='word_1_4' title='bbox 873 489 1025 555; x_wconf 82' lang='lat' dir='ltr'>sttommqus</span> <span class='ocrx_word' id='word_1_5' title='bbox 1041 495 1144 541; x_wconf 74' lang='lat' dir='ltr'>mutas·</span> 
     </span>
    </p>
   </div>
   <div class='ocr_carea' id='block_1_2' title="bbox 240 666 1592 926">
    <p class='ocr_par' dir='ltr' id='par_1_2' title="bbox 240 666 1592 926">
     <span class='ocr_line' id='line_1_2' title="bbox 240 666 1592 751; baseline 0.001 -23"><span class='ocrx_word' id='word_1_6' title='bbox 240 686 278 728; x_wconf 82' lang='lat' dir='ltr'>ex</span> <span class='ocrx_word' id='word_1_7' title='bbox 301 667 413 747; x_wconf 88' lang='lat' dir='ltr'>liquore</span> <span class='ocrx_word' id='word_1_8' title='bbox 438 666 516 729; x_wconf 90' lang='lat' dir='ltr'>enim</span> <span class='ocrx_word' id='word_1_9' title='bbox 533 668 633 730; x_wconf 89' lang='lat' dir='ltr'>omnia</span> <span class='ocrx_word' id='word_1_10' title='bbox 658 668 811 747; x_wconf 87' lang='lat' dir='ltr'>diaphana</span> <span class='ocrx_word' id='word_1_11' title='bbox 834 667 979 729; x_wconf 80' lang='lat' dir='ltr'>existunt.</span> <span class='ocrx_word' id='word_1_12' title='bbox 1016 667 1078 730; x_wconf 86' lang='lat' dir='ltr'>Sed</span> <span class='ocrx_word' id='word_1_13' title='bbox 1101 688 1195 751; x_wconf 89' lang='lat' dir='ltr'>neque</span> <span class='ocrx_word' id='word_1_14' title='bbox 1216 668 1391 750; x_wconf 81' lang='lat' dir='ltr'>expeditum</span> <span class='ocrx_word' id='word_1_15' title='bbox 1407 675 1467 744; x_wconf 87' lang='lat' dir='ltr'>est,</span> <span class='ocrx_word' id='word_1_16' title='bbox 1490 666 1592 749; x_wconf 89' lang='lat' dir='ltr'>positis</span> 
     </span>
     <span class='ocr_line' id='line_1_3' title="bbox 240 755 1499 838; baseline 0.003 -24"><span class='ocrx_word' id='word_1_17' title='bbox 240 756 344 818; x_wconf 85' lang='lat' dir='ltr'>vacuis</span> <span class='ocrx_word' id='word_1_18' title='bbox 368 757 515 836; x_wconf 91' lang='lat' dir='ltr'>quomodo</span> <span class='ocrx_word' id='word_1_19' title='bbox 540 757 594 818; x_wconf 86' lang='lat' dir='ltr'>fiat</span> <span class='ocrx_word' id='word_1_20' title='bbox 616 757 769 819; x_wconf 78' lang='lat' dir='ltr'>retractio.</span> <span class='ocrx_word' id='word_1_21' title='bbox 817 757 895 818; x_wconf 81' lang='lat' dir='ltr'>lium</span> <span class='ocrx_word' id='word_1_22' title='bbox 919 775 974 836; x_wconf 91' lang='lat' dir='ltr'>per</span> <span class='ocrx_word' id='word_1_23' title='bbox 997 776 1206 836; x_wconf 87' lang='lat' dir='ltr'>repercussum</span> <span class='ocrx_word' id='word_1_24' title='bbox 1229 759 1259 820; x_wconf 91' lang='lat' dir='ltr'>in</span> <span class='ocrx_word' id='word_1_25' title='bbox 1284 755 1499 838; x_wconf 79' lang='lat' dir='ltr'><strong>corpusculis?</strong></span> 
     </span>
     <span class='ocr_line' id='line_1_4' title="bbox 330 842 1591 926; baseline 0.002 -21"><span class='ocrx_word' id='word_1_26' title='bbox 330 842 410 915; x_wconf 83' lang='lat' dir='ltr'>Quia</span> <span class='ocrx_word' id='word_1_27' title='bbox 434 864 505 925; x_wconf 86' lang='lat' dir='ltr'>ergo</span> <span class='ocrx_word' id='word_1_28' title='bbox 529 845 624 925; x_wconf 86' lang='lat' dir='ltr'>ligura</span> <span class='ocrx_word' id='word_1_29' title='bbox 646 855 717 908; x_wconf 89' lang='lat' dir='ltr'>sunt</span> <span class='ocrx_word' id='word_1_30' title='bbox 740 846 786 907; x_wconf 89' lang='lat' dir='ltr'>vel</span> <span class='ocrx_word' id='word_1_31' title='bbox 811 846 989 925; x_wconf 86' lang='lat' dir='ltr'>corpuscula</span> <span class='ocrx_word' id='word_1_32' title='bbox 1006 848 1055 908; x_wconf 90' lang='lat' dir='ltr'>vel</span> <span class='ocrx_word' id='word_1_33' title='bbox 1078 847 1221 926; x_wconf 84' lang='lat' dir='ltr'>spatiola,</span> <span class='ocrx_word' id='word_1_34' title='bbox 1245 846 1357 909; x_wconf 85' lang='lat' dir='ltr'>striata</span> <span class='ocrx_word' id='word_1_35' title='bbox 1375 845 1518 909; x_wconf 88' lang='lat' dir='ltr'>deorsum</span> <span class='ocrx_word' id='word_1_36' title='bbox 1540 863 1591 908; x_wconf 86' lang='lat' dir='ltr'>nos</span> 
     </span>
    </p>
   </div>
   <div class='ocr_carea' id='block_1_3' title="bbox 240 933 1617 3232">
    <p class='ocr_par' dir='ltr' id='par_1_3' title="bbox 241 933 1591 1191">
     <span class='ocr_line' id='line_1_5' title="bbox 241 933 1591 1016; baseline 0.001 -22"><span class='ocrx_word' id='word_1_37' title='bbox 241 942 331 1007; x_wconf 88' lang='lat' dir='ltr'>sunt;</span> <span class='ocrx_word' id='word_1_38' title='bbox 365 941 591 1013; x_wconf 79' lang='lat' dir='ltr'>repercuterent</span> <span class='ocrx_word' id='word_1_39' title='bbox 624 934 702 996; x_wconf 90' lang='lat' dir='ltr'>enim</span> <span class='ocrx_word' id='word_1_40' title='bbox 735 953 793 996; x_wconf 91' lang='lat' dir='ltr'>non</span> <span class='ocrx_word' id='word_1_41' title='bbox 830 942 947 996; x_wconf 88' lang='lat' dir='ltr'>tantum</span> <span class='ocrx_word' id='word_1_42' title='bbox 980 955 1086 997; x_wconf 89' lang='lat' dir='ltr'>versus</span> <span class='ocrx_word' id='word_1_43' title='bbox 1118 935 1397 1016; x_wconf 82' lang='lat' dir='ltr'>perpendicularem</span> <span class='ocrx_word' id='word_1_44' title='bbox 1431 933 1488 996; x_wconf 88' lang='lat' dir='ltr'>sed</span> <span class='ocrx_word' id='word_1_45' title='bbox 1520 934 1591 996; x_wconf 81' lang='lat' dir='ltr'>ultra</span> 
     </span>
     <span class='ocr_line' id='line_1_6' title="bbox 241 1021 1590 1103; baseline 0.001 -21"><span class='ocrx_word' id='word_1_46' title='bbox 241 1022 334 1083; x_wconf 87' lang='lat' dir='ltr'>etiarn</span> <span class='ocrx_word' id='word_1_47' title='bbox 358 1022 446 1083; x_wconf 90' lang='lat' dir='ltr'>hanc.</span> <span class='ocrx_word' id='word_1_48' title='bbox 473 1055 513 1064; x_wconf 94' lang='lat'><em>-</em></span> <span class='ocrx_word' id='word_1_49' title='bbox 552 1021 613 1085; x_wconf 89' lang='lat' dir='ltr'>Sed</span> <span class='ocrx_word' id='word_1_50' title='bbox 644 1023 921 1103; x_wconf 81' lang='lat' dir='ltr'>argumentationes</span> <span class='ocrx_word' id='word_1_51' title='bbox 947 1024 1002 1086; x_wconf 90' lang='lat' dir='ltr'>has</span> <span class='ocrx_word' id='word_1_52' title='bbox 1026 1033 1058 1085; x_wconf 92' lang='lat' dir='ltr'>tu</span> <span class='ocrx_word' id='word_1_53' title='bbox 1090 1025 1202 1087; x_wconf 83' lang='lat' dir='ltr'>ridebis</span> <span class='ocrx_word' id='word_1_54' title='bbox 1233 1024 1371 1086; x_wconf 88' lang='lat' dir='ltr'>conscius</span> <span class='ocrx_word' id='word_1_55' title='bbox 1395 1022 1534 1086; x_wconf 74' lang='lat' dir='ltr'>thesauri</span> <span class='ocrx_word' id='word_1_56' title='bbox 1555 1021 1590 1084; x_wconf 81' lang='lat' dir='ltr'>tui</span> 
     </span>
     <span class='ocr_line' id='line_1_7' title="bbox 241 1110 1259 1191; baseline 0.005 -22"><span class='ocrx_word' id='word_1_57' title='bbox 241 1110 408 1186; x_wconf 83' lang='lat' dir='ltr'>scientifici,</span> <span class='ocrx_word' id='word_1_58' title='bbox 434 1112 462 1171; x_wconf 92' lang='lat' dir='ltr'>in</span> <span class='ocrx_word' id='word_1_59' title='bbox 487 1130 574 1191; x_wconf 91' lang='lat' dir='ltr'>quem</span> <span class='ocrx_word' id='word_1_60' title='bbox 601 1131 656 1191; x_wconf 86' lang='lat' dir='ltr'>ego</span> <span class='ocrx_word' id='word_1_61' title='bbox 681 1131 738 1173; x_wconf 92' lang='lat' dir='ltr'>non</span> <span class='ocrx_word' id='word_1_62' title='bbox 763 1111 925 1191; x_wconf 86' lang='lat' dir='ltr'>inspiciens</span> <span class='ocrx_word' id='word_1_63' title='bbox 949 1112 1056 1174; x_wconf 85' lang='lat' dir='ltr'>misere</span> <span class='ocrx_word' id='word_1_64' title='bbox 1081 1113 1159 1175; x_wconf 86' lang='lat' dir='ltr'>lorte</span> <span class='ocrx_word' id='word_1_65' title='bbox 1183 1125 1259 1174; x_wconf 83' lang='lat' dir='ltr'>erro.</span> 
     </span>
    </p>

    <p class='ocr_par' dir='ltr' id='par_1_4' title="bbox 240 1197 1589 1455">
     <span class='ocr_line' id='line_1_8' title="bbox 330 1197 1589 1274; baseline 0.002 -14"><span class='ocrx_word' id='word_1_66' title='bbox 330 1197 459 1269; x_wconf 82' lang='lat' dir='ltr'>Quaeris</span> <span class='ocrx_word' id='word_1_67' title='bbox 483 1200 520 1261; x_wconf 88' lang='lat' dir='ltr'>de</span> <span class='ocrx_word' id='word_1_68' title='bbox 544 1201 652 1262; x_wconf 89' lang='lat' dir='ltr'>studiis</span> <span class='ocrx_word' id='word_1_69' title='bbox 676 1202 762 1263; x_wconf 89' lang='lat' dir='ltr'>meis.</span> <span class='ocrx_word' id='word_1_70' title='bbox 810 1199 1098 1263; x_wconf 80' lang='lat' dir='ltr'>Commentario</span> <span class='ocrx_word' id='word_1_71' title='bbox 1126 1203 1168 1264; x_wconf 87' lang='lat' dir='ltr'>de</span> <span class='ocrx_word' id='word_1_72' title='bbox 1197 1203 1339 1274; x_wconf 85' lang='lat' dir='ltr'>Marto,</span> <span class='ocrx_word' id='word_1_73' title='bbox 1371 1201 1463 1263; x_wconf 89' lang='lat' dir='ltr'>titulo</span> <span class='ocrx_word' id='word_1_74' title='bbox 1486 1199 1589 1262; x_wconf 68' lang='lat' dir='ltr'>mue</span> 
     </span>
     <span class='ocr_line' id='line_1_9' title="bbox 242 1276 1588 1372; baseline 0.002 -25"><span class='ocrx_word' id='word_1_75' title='bbox 242 1288 359 1349; x_wconf 88' lang='lat' dir='ltr'>nomiae</span> <span class='ocrx_word' id='word_1_76' title='bbox 382 1288 489 1351; x_wconf 79' lang='lat' dir='ltr'>Novae</span> <span class='ocrx_word' id='word_1_77' title='bbox 512 1288 712 1369; x_wconf 75' lang='lat' dir='ltr'>dsssotoynroo</span> <span class='ocrx_word' id='word_1_78' title='bbox 735 1276 788 1351; x_wconf 85' lang='lat' dir='ltr'>seh</span> <span class='ocrx_word' id='word_1_79' title='bbox 803 1290 951 1371; x_wconf 82' lang='lat' dir='ltr'>Physicae</span> <span class='ocrx_word' id='word_1_80' title='bbox 976 1290 1125 1365; x_wconf 84' lang='lat' dir='ltr'>coelestis,</span> <span class='ocrx_word' id='word_1_81' title='bbox 1151 1298 1292 1372; x_wconf 89' lang='lat' dir='ltr'>prostant</span> <span class='ocrx_word' id='word_1_82' title='bbox 1312 1289 1376 1371; x_wconf 90' lang='lat' dir='ltr'>jam</span> <span class='ocrx_word' id='word_1_83' title='bbox 1394 1287 1588 1351; x_wconf 81' lang='lat' dir='ltr'>Frankolurti</span> 
     </span>
     <span class='ocr_line' id='line_1_10' title="bbox 240 1376 1276 1455; baseline 0.01 -19"><span class='ocrx_word' id='word_1_84' title='bbox 240 1376 389 1455; x_wconf 80' lang='lat' dir='ltr'>Exempla</span> <span class='ocrx_word' id='word_1_85' title='bbox 411 1396 468 1438; x_wconf 93' lang='lat' dir='ltr'>non</span> <span class='ocrx_word' id='word_1_86' title='bbox 493 1378 600 1440; x_wconf 92' lang='lat' dir='ltr'>haheo.</span> <span class='ocrx_word' id='word_1_87' title='bbox 1272 1449 1276 1455; x_wconf 74' lang='grc'><strong>,</strong></span> 
     </span>
    </p>

    <p class='ocr_par' dir='ltr' id='par_1_5' title="bbox 240 1464 1591 1723">
     <span class='ocr_line' id='line_1_11' title="bbox 331 1464 1591 1548; baseline 0.002 -23"><span class='ocrx_word' id='word_1_88' title='bbox 331 1465 463 1527; x_wconf 87' lang='lat' dir='ltr'>Gilberti</span> <span class='ocrx_word' id='word_1_89' title='bbox 497 1467 592 1528; x_wconf 81' lang='lat' dir='ltr'>latrum</span> <span class='ocrx_word' id='word_1_90' title='bbox 626 1467 723 1528; x_wconf 90' lang='lat' dir='ltr'>doleo.</span> <span class='ocrx_word' id='word_1_91' title='bbox 771 1464 853 1547; x_wconf 91' lang='lat' dir='ltr'>Opto</span> <span class='ocrx_word' id='word_1_92' title='bbox 886 1465 1073 1528; x_wconf 77' lang='lat' dir='ltr'>excutiantur</span> <span class='ocrx_word' id='word_1_93' title='bbox 1107 1475 1138 1527; x_wconf 92' lang='lat' dir='ltr'>et</span> <span class='ocrx_word' id='word_1_94' title='bbox 1174 1465 1347 1547; x_wconf 82' lang='lat' dir='ltr'>magnetica</span> <span class='ocrx_word' id='word_1_95' title='bbox 1379 1484 1447 1528; x_wconf 89' lang='lat' dir='ltr'>cum</span> <span class='ocrx_word' id='word_1_96' title='bbox 1488 1464 1591 1548; x_wconf 79' lang='lat' dir='ltr'>reliqua</span> 
     </span>
     <span class='ocr_line' id='line_1_12' title="bbox 240 1551 1590 1635; baseline 0.001 -20"><span class='ocrx_word' id='word_1_97' title='bbox 240 1551 433 1633; x_wconf 87' lang='lat' dir='ltr'>philosophia</span> <span class='ocrx_word' id='word_1_98' title='bbox 464 1554 546 1634; x_wconf 80' lang='lat' dir='ltr'>globi</span> <span class='ocrx_word' id='word_1_99' title='bbox 579 1554 761 1617; x_wconf 88' lang='lat' dir='ltr'>sublunaris.</span> <span class='ocrx_word' id='word_1_100' title='bbox 808 1555 899 1617; x_wconf 89' lang='lat' dir='ltr'>Mone</span> <span class='ocrx_word' id='word_1_101' title='bbox 922 1554 1055 1617; x_wconf 90' lang='lat' dir='ltr'>Ericium</span> <span class='ocrx_word' id='word_1_102' title='bbox 1078 1575 1115 1617; x_wconf 89' lang='lat' dir='ltr'>ne</span> <span class='ocrx_word' id='word_1_103' title='bbox 1139 1555 1203 1617; x_wconf 90' lang='lat' dir='ltr'>sine</span> <span class='ocrx_word' id='word_1_104' title='bbox 1232 1556 1369 1635; x_wconf 82' lang='lat' dir='ltr'>exemplo</span> <span class='ocrx_word' id='word_1_105' title='bbox 1403 1553 1590 1635; x_wconf 81' lang='lat' dir='ltr'>regrediatur.</span> 
     </span>
     <span class='ocr_line' id='line_1_13' title="bbox 245 1642 610 1723; baseline 0.019 -23"><span class='ocrx_word' id='word_1_106' title='bbox 245 1642 380 1704; x_wconf 88' lang='lat' dir='ltr'>Vacuum</span> <span class='ocrx_word' id='word_1_107' title='bbox 403 1644 467 1723; x_wconf 90' lang='lat' dir='ltr'>ejus</span> <span class='ocrx_word' id='word_1_108' title='bbox 492 1644 610 1707; x_wconf 86' lang='lat' dir='ltr'>videbo.</span> 
     </span>
    </p>

    <p class='ocr_par' dir='ltr' id='par_1_6' title="bbox 240 1729 1617 2697">
     <span class='ocr_line' id='line_1_14' title="bbox 334 1729 1592 1811; baseline 0 -19"><span class='ocrx_word' id='word_1_109' title='bbox 334 1729 462 1793; x_wconf 87' lang='lat' dir='ltr'>Gratum</span> <span class='ocrx_word' id='word_1_110' title='bbox 502 1733 608 1794; x_wconf 89' lang='lat' dir='ltr'>scribis</span> <span class='ocrx_word' id='word_1_111' title='bbox 642 1733 678 1793; x_wconf 90' lang='lat' dir='ltr'>de</span> <span class='ocrx_word' id='word_1_112' title='bbox 717 1730 945 1811; x_wconf 80' lang='lat' dir='ltr'>dinplraneitate</span> <span class='ocrx_word' id='word_1_113' title='bbox 983 1732 1057 1793; x_wconf 89' lang='lat' dir='ltr'>auri.</span> <span class='ocrx_word' id='word_1_114' title='bbox 1112 1729 1280 1793; x_wconf 81' lang='lat' dir='ltr'>Considera</span> <span class='ocrx_word' id='word_1_115' title='bbox 1309 1749 1395 1805; x_wconf 91' lang='lat' dir='ltr'>vero,</span> <span class='ocrx_word' id='word_1_116' title='bbox 1435 1731 1462 1792; x_wconf 91' lang='lat' dir='ltr'>si</span> <span class='ocrx_word' id='word_1_117' title='bbox 1490 1730 1521 1792; x_wconf 87' lang='lat' dir='ltr'>id</span> <span class='ocrx_word' id='word_1_118' title='bbox 1548 1730 1592 1792; x_wconf 88' lang='lat' dir='ltr'>list</span> 
     </span>
     <span class='ocr_line' id='line_1_15' title="bbox 243 1818 1593 1900; baseline -0.001 -19"><span class='ocrx_word' id='word_1_119' title='bbox 243 1820 359 1881; x_wconf 89' lang='lat' dir='ltr'>ratione</span> <span class='ocrx_word' id='word_1_120' title='bbox 382 1820 479 1890; x_wconf 80' lang='lat' dir='ltr'>saeui,</span> <span class='ocrx_word' id='word_1_121' title='bbox 505 1841 562 1882; x_wconf 93' lang='lat' dir='ltr'>non</span> <span class='ocrx_word' id='word_1_122' title='bbox 587 1830 734 1883; x_wconf 78' lang='lat' dir='ltr'>minatum</span> <span class='ocrx_word' id='word_1_123' title='bbox 753 1820 791 1882; x_wconf 91' lang='lat' dir='ltr'>iri</span> <span class='ocrx_word' id='word_1_124' title='bbox 805 1821 894 1882; x_wconf 91' lang='lat' dir='ltr'>rebus</span> <span class='ocrx_word' id='word_1_125' title='bbox 919 1821 1058 1882; x_wconf 87' lang='lat' dir='ltr'>colorem.</span> <span class='ocrx_word' id='word_1_126' title='bbox 1097 1819 1149 1881; x_wconf 87' lang='lat' dir='ltr'>Sic</span> <span class='ocrx_word' id='word_1_127' title='bbox 1173 1818 1227 1882; x_wconf 89' lang='lat' dir='ltr'>Sol</span> <span class='ocrx_word' id='word_1_128' title='bbox 1251 1838 1305 1900; x_wconf 92' lang='lat' dir='ltr'>per</span> <span class='ocrx_word' id='word_1_129' title='bbox 1328 1819 1428 1882; x_wconf 85' lang='lat' dir='ltr'>cilicia</span> <span class='ocrx_word' id='word_1_130' title='bbox 1452 1818 1593 1882; x_wconf 88' lang='lat' dir='ltr'>transiens</span> 
     </span>
     <span class='ocr_line' id='line_1_16' title="bbox 243 1908 1595 1990; baseline 0.001 -21"><span class='ocrx_word' id='word_1_131' title='bbox 243 1908 332 1970; x_wconf 92' lang='lat' dir='ltr'>rubro</span> <span class='ocrx_word' id='word_1_132' title='bbox 356 1908 454 1970; x_wconf 88' lang='lat' dir='ltr'>tincta</span> <span class='ocrx_word' id='word_1_133' title='bbox 478 1911 597 1971; x_wconf 86' lang='lat' dir='ltr'>rubrum</span> <span class='ocrx_word' id='word_1_134' title='bbox 623 1910 719 1972; x_wconf 84' lang='lat' dir='ltr'>defert</span> <span class='ocrx_word' id='word_1_135' title='bbox 743 1909 869 1981; x_wconf 87' lang='lat' dir='ltr'>radium,</span> <span class='ocrx_word' id='word_1_136' title='bbox 894 1909 995 1988; x_wconf 89' lang='lat' dir='ltr'>ntique</span> <span class='ocrx_word' id='word_1_137' title='bbox 1014 1928 1069 1990; x_wconf 89' lang='lat' dir='ltr'>per</span> <span class='ocrx_word' id='word_1_138' title='bbox 1082 1910 1261 1988; x_wconf 88' lang='lat' dir='ltr'>corpuscula</span> <span class='ocrx_word' id='word_1_139' title='bbox 1284 1909 1447 1984; x_wconf 88' lang='lat' dir='ltr'>transiens,</span> <span class='ocrx_word' id='word_1_140' title='bbox 1474 1929 1532 1973; x_wconf 90' lang='lat' dir='ltr'>uon</span> <span class='ocrx_word' id='word_1_141' title='bbox 1549 1925 1595 1989; x_wconf 83' lang='lat' dir='ltr'>per</span> 
     </span>
     <span class='ocr_line' id='line_1_17' title="bbox 240 1997 1596 2077; baseline 0 -20"><span class='ocrx_word' id='word_1_142' title='bbox 240 1997 380 2076; x_wconf 83' lang='lat' dir='ltr'>patentia</span> <span class='ocrx_word' id='word_1_143' title='bbox 404 1999 537 2077; x_wconf 87' lang='lat' dir='ltr'>spatiola</span> <span class='ocrx_word' id='word_1_144' title='bbox 561 2008 710 2062; x_wconf 84' lang='lat' dir='ltr'>texturae.</span> <span class='ocrx_word' id='word_1_145' title='bbox 748 1999 828 2060; x_wconf 75' lang='lat' dir='ltr'>liam</span> <span class='ocrx_word' id='word_1_146' title='bbox 848 1997 872 2057; x_wconf 91' lang='lat' dir='ltr'>si</span> <span class='ocrx_word' id='word_1_147' title='bbox 898 1997 996 2058; x_wconf 84' lang='lat' dir='ltr'>ferrea</span> <span class='ocrx_word' id='word_1_148' title='bbox 1020 1998 1080 2058; x_wconf 90' lang='lat' dir='ltr'>sint</span> <span class='ocrx_word' id='word_1_149' title='bbox 1103 1998 1244 2072; x_wconf 73' lang='lat' dir='ltr'>serantina,</span> <span class='ocrx_word' id='word_1_150' title='bbox 1270 2016 1329 2060; x_wconf 92' lang='lat' dir='ltr'>non</span> <span class='ocrx_word' id='word_1_151' title='bbox 1353 2004 1491 2059; x_wconf 88' lang='lat' dir='ltr'>mutatur</span> <span class='ocrx_word' id='word_1_152' title='bbox 1512 1998 1596 2058; x_wconf 89' lang='lat' dir='ltr'>color.</span> 
     </span>
     <span class='ocr_line' id='line_1_18' title="bbox 243 2085 1599 2166; baseline 0 -20"><span class='ocrx_word' id='word_1_153' title='bbox 243 2085 348 2147; x_wconf 86' lang='lat' dir='ltr'>Habes</span> <span class='ocrx_word' id='word_1_154' title='bbox 373 2088 474 2166; x_wconf 91' lang='lat' dir='ltr'>itaque</span> <span class='ocrx_word' id='word_1_155' title='bbox 499 2107 535 2148; x_wconf 83' lang='lat' dir='ltr'>er</span> <span class='ocrx_word' id='word_1_156' title='bbox 561 2088 710 2150; x_wconf 82' lang='lat' dir='ltr'>coloribus</span> <span class='ocrx_word' id='word_1_157' title='bbox 736 2085 816 2148; x_wconf 90' lang='lat' dir='ltr'>alind</span> <span class='ocrx_word' id='word_1_158' title='bbox 841 2095 1050 2164; x_wconf 83' lang='lat' dir='ltr'>argumentum</span> <span class='ocrx_word' id='word_1_159' title='bbox 1073 2094 1179 2148; x_wconf 87' lang='lat' dir='ltr'>contra</span> <span class='ocrx_word' id='word_1_160' title='bbox 1202 2105 1337 2149; x_wconf 80' lang='lat' dir='ltr'>vacnum.</span> <span class='ocrx_word' id='word_1_161' title='bbox 1381 2085 1552 2149; x_wconf 84' lang='lat' dir='ltr'>Considera</span> <span class='ocrx_word' id='word_1_162' title='bbox 1572 2091 1599 2146; x_wconf 88' lang='lat' dir='ltr'>et</span> 
     </span>
     <span class='ocr_line' id='line_1_19' title="bbox 243 2173 1601 2254; baseline -0.001 -20"><span class='ocrx_word' id='word_1_163' title='bbox 243 2174 320 2236; x_wconf 88' lang='lat' dir='ltr'>hoc:</span> <span class='ocrx_word' id='word_1_164' title='bbox 345 2177 490 2238; x_wconf 81' lang='lat' dir='ltr'>asserenti</span> <span class='ocrx_word' id='word_1_165' title='bbox 515 2176 618 2249; x_wconf 90' lang='lat' dir='ltr'>bibuli,</span> <span class='ocrx_word' id='word_1_166' title='bbox 643 2195 708 2237; x_wconf 89' lang='lat' dir='ltr'>cum</span> <span class='ocrx_word' id='word_1_167' title='bbox 724 2176 805 2248; x_wconf 90' lang='lat' dir='ltr'>sicci,</span> <span class='ocrx_word' id='word_1_168' title='bbox 831 2194 888 2235; x_wconf 95' lang='lat' dir='ltr'>non</span> <span class='ocrx_word' id='word_1_169' title='bbox 913 2183 1124 2254; x_wconf 84' lang='lat' dir='ltr'>transparent;</span> <span class='ocrx_word' id='word_1_170' title='bbox 1150 2175 1175 2236; x_wconf 89' lang='lat' dir='ltr'>si</span> <span class='ocrx_word' id='word_1_171' title='bbox 1196 2176 1261 2237; x_wconf 89' lang='lat' dir='ltr'>oleo</span> <span class='ocrx_word' id='word_1_172' title='bbox 1282 2176 1464 2250; x_wconf 85' lang='lat' dir='ltr'>imbuantur,</span> <span class='ocrx_word' id='word_1_173' title='bbox 1486 2173 1601 2236; x_wconf 87' lang='lat' dir='ltr'>omnino</span> 
     </span>
     <span class='ocr_line' id='line_1_20' title="bbox 245 2263 1603 2344; baseline 0.001 -21"><span class='ocrx_word' id='word_1_174' title='bbox 245 2274 441 2343; x_wconf 85' lang='lat' dir='ltr'>transparent</span> <span class='ocrx_word' id='word_1_175' title='bbox 469 2266 670 2344; x_wconf 87' lang='lat' dir='ltr'>aliquantum,</span> <span class='ocrx_word' id='word_1_176' title='bbox 701 2265 744 2325; x_wconf 87' lang='lat' dir='ltr'>sic</span> <span class='ocrx_word' id='word_1_177' title='bbox 772 2283 905 2344; x_wconf 90' lang='lat' dir='ltr'>papyrus</span> <span class='ocrx_word' id='word_1_178' title='bbox 930 2272 962 2325; x_wconf 89' lang='lat' dir='ltr'>et</span> <span class='ocrx_word' id='word_1_179' title='bbox 984 2263 1054 2326; x_wconf 88' lang='lat' dir='ltr'>alia.</span> <span class='ocrx_word' id='word_1_180' title='bbox 1101 2264 1179 2325; x_wconf 82' lang='lat' dir='ltr'>Num</span> <span class='ocrx_word' id='word_1_181' title='bbox 1209 2273 1241 2325; x_wconf 91' lang='lat' dir='ltr'>tu</span> <span class='ocrx_word' id='word_1_182' title='bbox 1265 2264 1397 2326; x_wconf 85' lang='lat' dir='ltr'>infarctu</span> <span class='ocrx_word' id='word_1_183' title='bbox 1427 2263 1487 2326; x_wconf 83' lang='lat' dir='ltr'>olei</span> <span class='ocrx_word' id='word_1_184' title='bbox 1515 2271 1603 2344; x_wconf 80' lang='lat' dir='ltr'>putss</span> 
     </span>
     <span class='ocr_line' id='line_1_21' title="bbox 246 2352 1610 2433; baseline -0.003 -19"><span class='ocrx_word' id='word_1_185' title='bbox 246 2354 348 2431; x_wconf 84' lang='lat' dir='ltr'>augeri</span> <span class='ocrx_word' id='word_1_186' title='bbox 383 2354 535 2415; x_wconf 83' lang='lat' dir='ltr'>vacuum?</span> <span class='ocrx_word' id='word_1_187' title='bbox 572 2352 685 2415; x_wconf 89' lang='lat' dir='ltr'>Miror:</span> <span class='ocrx_word' id='word_1_188' title='bbox 719 2353 791 2414; x_wconf 91' lang='lat' dir='ltr'>nihil</span> <span class='ocrx_word' id='word_1_189' title='bbox 827 2353 863 2413; x_wconf 92' lang='lat' dir='ltr'>de</span> <span class='ocrx_word' id='word_1_190' title='bbox 899 2353 1028 2414; x_wconf 88' lang='lat' dir='ltr'>materia</span> <span class='ocrx_word' id='word_1_191' title='bbox 1064 2352 1176 2430; x_wconf 81' lang='lat' dir='ltr'>asseris</span> <span class='ocrx_word' id='word_1_192' title='bbox 1205 2353 1293 2433; x_wconf 90' lang='lat' dir='ltr'>perit.</span> <span class='ocrx_word' id='word_1_193' title='bbox 1340 2352 1418 2414; x_wconf 89' lang='lat' dir='ltr'>Mihi</span> <span class='ocrx_word' id='word_1_194' title='bbox 1455 2352 1536 2414; x_wconf 88' lang='lat' dir='ltr'>ratio</span> <span class='ocrx_word' id='word_1_195' title='bbox 1560 2359 1610 2412; x_wconf 87' lang='lat' dir='ltr'>est</span> 
     </span>
     <span class='ocr_line' id='line_1_22' title="bbox 246 2437 1610 2523; baseline 0.001 -22"><span class='ocrx_word' id='word_1_196' title='bbox 246 2441 401 2521; x_wconf 78' lang='lat' dir='ltr'>expedita.</span> <span class='ocrx_word' id='word_1_197' title='bbox 450 2440 631 2504; x_wconf 88' lang='lat' dir='ltr'>Obscuritas</span> <span class='ocrx_word' id='word_1_198' title='bbox 656 2441 756 2502; x_wconf 89' lang='lat' dir='ltr'>estin</span> <span class='ocrx_word' id='word_1_199' title='bbox 785 2441 891 2515; x_wconf 89' lang='lat' dir='ltr'>siccis,</span> <span class='ocrx_word' id='word_1_200' title='bbox 927 2442 996 2521; x_wconf 88' lang='lat' dir='ltr'>quia</span> <span class='ocrx_word' id='word_1_201' title='bbox 1029 2440 1179 2521; x_wconf 88' lang='lat' dir='ltr'>asperitas</span> <span class='ocrx_word' id='word_1_202' title='bbox 1203 2451 1235 2502; x_wconf 90' lang='lat' dir='ltr'>et</span> <span class='ocrx_word' id='word_1_203' title='bbox 1267 2440 1422 2523; x_wconf 86' lang='lat' dir='ltr'>porositas</span> <span class='ocrx_word' id='word_1_204' title='bbox 1447 2449 1480 2502; x_wconf 92' lang='lat' dir='ltr'>et</span> <span class='ocrx_word' id='word_1_205' title='bbox 1503 2437 1610 2503; x_wconf 86' lang='lat' dir='ltr'>mixtio</span> 
     </span>
     <span class='ocr_line' id='line_1_23' title="bbox 242 2529 1617 2612; baseline -0.001 -22"><span class='ocrx_word' id='word_1_206' title='bbox 242 2530 394 2591; x_wconf 69' lang='lat' dir='ltr'>atriorum</span> <span class='ocrx_word' id='word_1_207' title='bbox 419 2530 607 2611; x_wconf 90' lang='lat' dir='ltr'>spatiornm;</span> <span class='ocrx_word' id='word_1_208' title='bbox 631 2529 668 2591; x_wconf 88' lang='lat' dir='ltr'>iis</span> <span class='ocrx_word' id='word_1_209' title='bbox 692 2529 801 2609; x_wconf 88' lang='lat' dir='ltr'>spatiis</span> <span class='ocrx_word' id='word_1_210' title='bbox 825 2549 878 2590; x_wconf 90' lang='lat' dir='ltr'>sen</span> <span class='ocrx_word' id='word_1_211' title='bbox 902 2529 984 2609; x_wconf 90' lang='lat' dir='ltr'>poris</span> <span class='ocrx_word' id='word_1_212' title='bbox 1015 2530 1140 2607; x_wconf 90' lang='lat' dir='ltr'>repletis</span> <span class='ocrx_word' id='word_1_213' title='bbox 1163 2530 1229 2592; x_wconf 94' lang='lat' dir='ltr'>oleo</span> <span class='ocrx_word' id='word_1_214' title='bbox 1254 2531 1302 2592; x_wconf 90' lang='lat' dir='ltr'>vel</span> <span class='ocrx_word' id='word_1_215' title='bbox 1325 2530 1429 2612; x_wconf 82' lang='lat' dir='ltr'>pingui</span> <span class='ocrx_word' id='word_1_216' title='bbox 1455 2529 1617 2610; x_wconf 81' lang='lat' dir='ltr'>diaphano</span> 
     </span>
     <span class='ocr_line' id='line_1_24' title="bbox 242 2618 1611 2697; baseline 0 -18"><span class='ocrx_word' id='word_1_217' title='bbox 242 2618 428 2697; x_wconf 88' lang='lat' dir='ltr'>diaphanum</span> <span class='ocrx_word' id='word_1_218' title='bbox 451 2620 485 2680; x_wconf 91' lang='lat' dir='ltr'>lit</span> <span class='ocrx_word' id='word_1_219' title='bbox 509 2627 615 2693; x_wconf 93' lang='lat' dir='ltr'>totum,</span> <span class='ocrx_word' id='word_1_220' title='bbox 641 2619 697 2679; x_wconf 88' lang='lat' dir='ltr'>nisi</span> <span class='ocrx_word' id='word_1_221' title='bbox 722 2625 864 2697; x_wconf 89' lang='lat' dir='ltr'>quantum</span> <span class='ocrx_word' id='word_1_222' title='bbox 886 2618 990 2680; x_wconf 88' lang='lat' dir='ltr'>obstat</span> <span class='ocrx_word' id='word_1_223' title='bbox 1008 2626 1130 2679; x_wconf 82' lang='lat' dir='ltr'>textura</span> <span class='ocrx_word' id='word_1_224' title='bbox 1147 2619 1293 2681; x_wconf 90' lang='lat' dir='ltr'>materiae</span> <span class='ocrx_word' id='word_1_225' title='bbox 1318 2619 1455 2680; x_wconf 86' lang='lat' dir='ltr'>umbram</span> <span class='ocrx_word' id='word_1_226' title='bbox 1483 2619 1611 2681; x_wconf 83' lang='lat' dir='ltr'>iaciens.</span> 
     </span>
    </p>

    <p class='ocr_par' dir='ltr' id='par_1_7' title="bbox 241 2707 1612 3232">
     <span class='ocr_line' id='line_1_25' title="bbox 335 2707 1608 2788; baseline 0.001 -21"><span class='ocrx_word' id='word_1_227' title='bbox 335 2708 419 2769; x_wconf 88' lang='lat' dir='ltr'>Petis</span> <span class='ocrx_word' id='word_1_228' title='bbox 453 2715 653 2787; x_wconf 88' lang='lat' dir='ltr'>tempestates</span> <span class='ocrx_word' id='word_1_229' title='bbox 689 2708 812 2767; x_wconf 89' lang='lat' dir='ltr'>duorum</span> <span class='ocrx_word' id='word_1_230' title='bbox 852 2724 1015 2768; x_wconf 89' lang='lat' dir='ltr'>annorum:</span> <span class='ocrx_word' id='word_1_231' title='bbox 1054 2725 1146 2786; x_wconf 89' lang='lat' dir='ltr'>pareo</span> <span class='ocrx_word' id='word_1_232' title='bbox 1186 2708 1243 2769; x_wconf 91' lang='lat' dir='ltr'>nisi</span> <span class='ocrx_word' id='word_1_233' title='bbox 1277 2707 1396 2770; x_wconf 88' lang='lat' dir='ltr'>Ericius</span> <span class='ocrx_word' id='word_1_234' title='bbox 1435 2707 1608 2788; x_wconf 88' lang='lat' dir='ltr'>abrumpat.</span> 
     </span>
     <span class='ocr_line' id='line_1_26' title="bbox 241 2793 1612 2876; baseline 0.002 -21"><span class='ocrx_word' id='word_1_235' title='bbox 241 2793 381 2874; x_wconf 85' lang='lat' dir='ltr'>Expecto</span> <span class='ocrx_word' id='word_1_236' title='bbox 406 2806 508 2857; x_wconf 88' lang='lat' dir='ltr'>autem</span> <span class='ocrx_word' id='word_1_237' title='bbox 532 2797 609 2876; x_wconf 92' lang='lat' dir='ltr'>quod</span> <span class='ocrx_word' id='word_1_238' title='bbox 634 2794 799 2875; x_wconf 84' lang='lat' dir='ltr'>promisisti</span> <span class='ocrx_word' id='word_1_239' title='bbox 829 2803 948 2856; x_wconf 86' lang='lat' dir='ltr'>mutuas</span> <span class='ocrx_word' id='word_1_240' title='bbox 971 2795 1168 2875; x_wconf 80' lang='lat' dir='ltr'>Anglicanas.</span> <span class='ocrx_word' id='word_1_241' title='bbox 1215 2796 1262 2857; x_wconf 89' lang='lat' dir='ltr'>De</span> <span class='ocrx_word' id='word_1_242' title='bbox 1291 2797 1390 2860; x_wconf 79' lang='lat' dir='ltr'>ventis</span> <span class='ocrx_word' id='word_1_243' title='bbox 1415 2795 1478 2858; x_wconf 93' lang='lat' dir='ltr'>noli</span> <span class='ocrx_word' id='word_1_244' title='bbox 1507 2794 1612 2858; x_wconf 75' lang='lat' dir='ltr'>mirati</span> 
     </span>
     <span class='ocr_line' id='line_1_27' title="bbox 245 2883 1611 2966; baseline 0.005 -25"><span class='ocrx_word' id='word_1_245' title='bbox 245 2901 303 2943; x_wconf 91' lang='lat' dir='ltr'>non</span> <span class='ocrx_word' id='word_1_246' title='bbox 328 2884 451 2945; x_wconf 88' lang='lat' dir='ltr'>additas</span> <span class='ocrx_word' id='word_1_247' title='bbox 475 2885 594 2964; x_wconf 81' lang='lat' dir='ltr'>plagas.</span> <span class='ocrx_word' id='word_1_248' title='bbox 632 2885 698 2945; x_wconf 90' lang='lat' dir='ltr'>lloc</span> <span class='ocrx_word' id='word_1_249' title='bbox 723 2883 816 2943; x_wconf 86' lang='lat' dir='ltr'>semel</span> <span class='ocrx_word' id='word_1_250' title='bbox 840 2884 951 2945; x_wconf 90' lang='lat' dir='ltr'>dictum</span> <span class='ocrx_word' id='word_1_251' title='bbox 974 2892 1058 2964; x_wconf 91' lang='lat' dir='ltr'>puta,</span> <span class='ocrx_word' id='word_1_252' title='bbox 1083 2884 1286 2947; x_wconf 89' lang='lat' dir='ltr'>occidentales</span> <span class='ocrx_word' id='word_1_253' title='bbox 1307 2884 1395 2948; x_wconf 90' lang='lat' dir='ltr'>nobis</span> <span class='ocrx_word' id='word_1_254' title='bbox 1416 2903 1487 2947; x_wconf 86' lang='lat' dir='ltr'>esse</span> <span class='ocrx_word' id='word_1_255' title='bbox 1512 2884 1611 2966; x_wconf 82' lang='lat' dir='ltr'>impe·</span> 
     </span>
     <span class='ocr_line' id='line_1_28' title="bbox 245 2971 1610 3054; baseline 0.004 -24"><span class='ocrx_word' id='word_1_256' title='bbox 245 2980 358 3044; x_wconf 78' lang='lat' dir='ltr'>tuosve,</span> <span class='ocrx_word' id='word_1_257' title='bbox 376 2971 503 3050; x_wconf 85' lang='lat' dir='ltr'>pluvio&#39;s,</span> <span class='ocrx_word' id='word_1_258' title='bbox 526 2972 686 3046; x_wconf 84' lang='lat' dir='ltr'>nubiferos,</span> <span class='ocrx_word' id='word_1_259' title='bbox 703 2971 841 3050; x_wconf 88' lang='lat' dir='ltr'>tepidos:</span> <span class='ocrx_word' id='word_1_260' title='bbox 866 2973 1077 3034; x_wconf 87' lang='lat' dir='ltr'>meridionales</span> <span class='ocrx_word' id='word_1_261' title='bbox 1093 2991 1188 3046; x_wconf 88' lang='lat' dir='ltr'>raros,</span> <span class='ocrx_word' id='word_1_262' title='bbox 1209 2974 1338 3053; x_wconf 88' lang='lat' dir='ltr'>tepidos,</span> <span class='ocrx_word' id='word_1_263' title='bbox 1353 2973 1487 3054; x_wconf 78' lang='lat' dir='ltr'>plurios,</span> <span class='ocrx_word' id='word_1_264' title='bbox 1507 2973 1610 3035; x_wconf 86' lang='lat' dir='ltr'>lenes:</span> 
     </span>
     <span class='ocr_line' id='line_1_29' title="bbox 246 3059 1609 3144; baseline 0.006 -28"><span class='ocrx_word' id='word_1_265' title='bbox 246 3059 410 3121; x_wconf 84' lang='lat' dir='ltr'>orientales</span> <span class='ocrx_word' id='word_1_266' title='bbox 450 3061 557 3135; x_wconf 90' lang='lat' dir='ltr'>sudos,</span> <span class='ocrx_word' id='word_1_267' title='bbox 601 3061 735 3139; x_wconf 85' lang='lat' dir='ltr'>gelidos,</span> <span class='ocrx_word' id='word_1_268' title='bbox 777 3061 903 3123; x_wconf 74' lang='lat' dir='ltr'>maxime</span> <span class='ocrx_word' id='word_1_269' title='bbox 946 3062 1094 3123; x_wconf 90' lang='lat' dir='ltr'>continuis</span> <span class='ocrx_word' id='word_1_270' title='bbox 1133 3062 1325 3140; x_wconf 88' lang='lat' dir='ltr'>spiramentis</span> <span class='ocrx_word' id='word_1_271' title='bbox 1364 3082 1432 3124; x_wconf 91' lang='lat' dir='ltr'>cum</span> <span class='ocrx_word' id='word_1_272' title='bbox 1467 3063 1609 3144; x_wconf 87' lang='lat' dir='ltr'>spirant:</span> 
     </span>
     <span class='ocr_line' id='line_1_30' title="bbox 248 3146 1500 3232; baseline 0.006 -26"><span class='ocrx_word' id='word_1_273' title='bbox 248 3146 387 3209; x_wconf 88' lang='lat' dir='ltr'>boreales</span> <span class='ocrx_word' id='word_1_274' title='bbox 413 3149 546 3228; x_wconf 79' lang='lat' dir='ltr'>frigidos,</span> <span class='ocrx_word' id='word_1_275' title='bbox 573 3149 721 3229; x_wconf 79' lang='lat' dir='ltr'>singidos,</span> <span class='ocrx_word' id='word_1_276' title='bbox 747 3149 858 3210; x_wconf 87' lang='lat' dir='ltr'>crebris</span> <span class='ocrx_word' id='word_1_277' title='bbox 883 3157 913 3210; x_wconf 90' lang='lat' dir='ltr'>et</span> <span class='ocrx_word' id='word_1_278' title='bbox 936 3151 1038 3229; x_wconf 83' lang='lat' dir='ltr'>parvis</span> <span class='ocrx_word' id='word_1_279' title='bbox 1062 3149 1184 3211; x_wconf 83' lang='lat' dir='ltr'>flatibus</span> <span class='ocrx_word' id='word_1_280' title='bbox 1209 3170 1275 3211; x_wconf 89' lang='lat' dir='ltr'>cum</span> <span class='ocrx_word' id='word_1_281' title='bbox 1298 3152 1429 3232; x_wconf 87' lang='lat' dir='ltr'>spirant.</span> <span class='ocrx_word' id='word_1_282' title='bbox 1456 3183 1500 3194; x_wconf 89' lang='lat'>-</span> 
     </span>
    </p>
   </div>
   <div class='ocr_carea' id='block_1_4' title="bbox 223 3253 1618 5020">
    <p class='ocr_par' dir='ltr' id='par_1_8' title="bbox 244 3253 1613 3460">
     <span class='ocr_line' id='line_1_31' title="bbox 336 3253 1613 3321; baseline 0.004 -19"><span class='ocrx_word' id='word_1_283' title='bbox 336 3253 443 3304; x_wconf 86' lang='lat' dir='ltr'>Ultimae</span> <span class='ocrx_word' id='word_1_284' title='bbox 462 3255 510 3305; x_wconf 89' lang='lat' dir='ltr'>hae</span> <span class='ocrx_word' id='word_1_285' title='bbox 529 3262 587 3305; x_wconf 87' lang='lat' dir='ltr'>sunt</span> <span class='ocrx_word' id='word_1_286' title='bbox 604 3256 700 3314; x_wconf 76' lang='lat' dir='ltr'>literae,</span> <span class='ocrx_word' id='word_1_287' title='bbox 719 3269 780 3321; x_wconf 82' lang='lat' dir='ltr'>quas</span> <span class='ocrx_word' id='word_1_288' title='bbox 799 3256 866 3305; x_wconf 89' lang='lat' dir='ltr'>dedit</span> <span class='ocrx_word' id='word_1_289' title='bbox 883 3256 1005 3318; x_wconf 85' lang='lat' dir='ltr'>Keplems</span> <span class='ocrx_word' id='word_1_290' title='bbox 1024 3255 1155 3312; x_wconf 82' lang='lat' dir='ltr'>Harrioto,</span> <span class='ocrx_word' id='word_1_291' title='bbox 1179 3263 1245 3306; x_wconf 86' lang='lat' dir='ltr'>certo</span> <span class='ocrx_word' id='word_1_292' title='bbox 1264 3258 1380 3320; x_wconf 84' lang='lat' dir='ltr'>nuspiam</span> <span class='ocrx_word' id='word_1_293' title='bbox 1400 3257 1613 3321; x_wconf 74' lang='lat' dir='ltr'>deprehendimus</span> 
     </span>
     <span class='ocr_line' id='line_1_32' title="bbox 244 3324 1612 3392; baseline 0.004 -21"><span class='ocrx_word' id='word_1_294' title='bbox 244 3324 460 3390; x_wconf 70' lang='lat' dir='ltr'>significationem,</span> <span class='ocrx_word' id='word_1_295' title='bbox 479 3327 614 3391; x_wconf 87' lang='lat' dir='ltr'>Keplerum</span> <span class='ocrx_word' id='word_1_296' title='bbox 633 3327 734 3377; x_wconf 87' lang='lat' dir='ltr'>ulterius</span> <span class='ocrx_word' id='word_1_297' title='bbox 754 3329 834 3390; x_wconf 77' lang='lat' dir='ltr'>egisse</span> <span class='ocrx_word' id='word_1_298' title='bbox 853 3343 907 3377; x_wconf 89' lang='lat' dir='ltr'>cum</span> <span class='ocrx_word' id='word_1_299' title='bbox 927 3328 968 3374; x_wconf 89' lang='lat' dir='ltr'>itlo</span> <span class='ocrx_word' id='word_1_300' title='bbox 988 3341 1031 3388; x_wconf 89' lang='lat' dir='ltr'>per</span> <span class='ocrx_word' id='word_1_301' title='bbox 1049 3327 1140 3376; x_wconf 87' lang='lat' dir='ltr'>literas.</span> <span class='ocrx_word' id='word_1_302' title='bbox 1154 3351 1186 3361; x_wconf 90' lang='lat'>-</span> <span class='ocrx_word' id='word_1_303' title='bbox 1201 3327 1273 3388; x_wconf 82' lang='lat' dir='ltr'>Quae</span> <span class='ocrx_word' id='word_1_304' title='bbox 1286 3328 1411 3392; x_wconf 87' lang='lat' dir='ltr'>Keplerus</span> <span class='ocrx_word' id='word_1_305' title='bbox 1425 3343 1484 3378; x_wconf 84' lang='lat' dir='ltr'>cum</span> <span class='ocrx_word' id='word_1_306' title='bbox 1505 3329 1562 3379; x_wconf 77' lang='lat' dir='ltr'>atris</span> <span class='ocrx_word' id='word_1_307' title='bbox 1580 3327 1612 3378; x_wconf 78' lang='lat' dir='ltr'>ss</span> 
     </span>
     <span class='ocr_line' id='line_1_33' title="bbox 245 3395 709 3460; baseline 0 -14"><span class='ocrx_word' id='word_1_308' title='bbox 245 3395 337 3460; x_wconf 84' lang='lat' dir='ltr'>Optica</span> <span class='ocrx_word' id='word_1_309' title='bbox 355 3411 401 3445; x_wconf 87' lang='lat' dir='ltr'>sna</span> <span class='ocrx_word' id='word_1_310' title='bbox 420 3397 542 3454; x_wconf 81' lang='lat' dir='ltr'>dissemit,</span> <span class='ocrx_word' id='word_1_311' title='bbox 561 3399 624 3448; x_wconf 85' lang='lat' dir='ltr'>haec</span> <span class='ocrx_word' id='word_1_312' title='bbox 644 3405 709 3447; x_wconf 89' lang='lat' dir='ltr'>sunt.</span> 
     </span>
    </p>

    <p class='ocr_par' dir='ltr' id='par_1_9' title="bbox 243 3467 1613 3878">
     <span class='ocr_line' id='line_1_34' title="bbox 334 3467 1613 3531; baseline 0.002 -14"><span class='ocrx_word' id='word_1_313' title='bbox 334 3468 536 3524; x_wconf 64' lang='lat' dir='ltr'>Hermastus,</span> <span class='ocrx_word' id='word_1_314' title='bbox 557 3472 596 3520; x_wconf 91' lang='lat' dir='ltr'>cui</span> <span class='ocrx_word' id='word_1_315' title='bbox 618 3470 741 3531; x_wconf 84' lang='lat' dir='ltr'>Keplerus</span> <span class='ocrx_word' id='word_1_316' title='bbox 760 3467 887 3524; x_wconf 85' lang='lat' dir='ltr'>retulerat,</span> <span class='ocrx_word' id='word_1_317' title='bbox 907 3469 1056 3530; x_wconf 89' lang='lat' dir='ltr'>propositum</span> <span class='ocrx_word' id='word_1_318' title='bbox 1076 3469 1120 3517; x_wconf 92' lang='lat' dir='ltr'>sibi</span> <span class='ocrx_word' id='word_1_319' title='bbox 1135 3484 1189 3518; x_wconf 86' lang='lat' dir='ltr'>esso</span> <span class='ocrx_word' id='word_1_320' title='bbox 1207 3482 1296 3518; x_wconf 78' lang='lat' dir='ltr'>noram</span> <span class='ocrx_word' id='word_1_321' title='bbox 1316 3472 1469 3520; x_wconf 82' lang='lat' dir='ltr'>constituero</span> <span class='ocrx_word' id='word_1_322' title='bbox 1489 3471 1613 3520; x_wconf 76' lang='lat' dir='ltr'>theoriam</span> 
     </span>
     <span class='ocr_line' id='line_1_35' title="bbox 244 3535 1613 3604; baseline 0.004 -18"><span class='ocrx_word' id='word_1_323' title='bbox 244 3537 332 3587; x_wconf 74' lang='lat' dir='ltr'>llartis</span> <span class='ocrx_word' id='word_1_324' title='bbox 361 3537 452 3603; x_wconf 81' lang='lat' dir='ltr'>(comp.</span> <span class='ocrx_word' id='word_1_325' title='bbox 481 3542 559 3604; x_wconf 84' lang='lat' dir='ltr'>prael.</span> <span class='ocrx_word' id='word_1_326' title='bbox 581 3542 612 3590; x_wconf 89' lang='lat' dir='ltr'>ad</span> <span class='ocrx_word' id='word_1_327' title='bbox 631 3541 768 3589; x_wconf 73' lang='lat' dir='ltr'>comment.</span> <span class='ocrx_word' id='word_1_328' title='bbox 798 3547 856 3587; x_wconf 90' lang='lat' dir='ltr'>mot.</span> <span class='ocrx_word' id='word_1_329' title='bbox 877 3535 986 3598; x_wconf 79' lang='lat' dir='ltr'>Martis),</span> <span class='ocrx_word' id='word_1_330' title='bbox 1016 3537 1102 3586; x_wconf 84' lang='lat' dir='ltr'>dubins</span> <span class='ocrx_word' id='word_1_331' title='bbox 1128 3539 1253 3602; x_wconf 88' lang='lat' dir='ltr'>respondit</span> <span class='ocrx_word' id='word_1_332' title='bbox 1272 3537 1328 3600; x_wconf 75' lang='lat'>(2⁴.</span> <span class='ocrx_word' id='word_1_333' title='bbox 1347 3540 1418 3604; x_wconf 86' lang='lat' dir='ltr'>Sept.</span> <span class='ocrx_word' id='word_1_334' title='bbox 1441 3539 1544 3601; x_wconf 78' lang='grc'><strong>1602);</strong></span> <span class='ocrx_word' id='word_1_335' title='bbox 1572 3539 1613 3592; x_wconf 74' lang='lat' dir='ltr'>ich</span> 
     </span>
     <span class='ocr_line' id='line_1_36' title="bbox 243 3608 1612 3676; baseline 0.003 -18"><span class='ocrx_word' id='word_1_336' title='bbox 243 3609 297 3658; x_wconf 87' lang='lat' dir='ltr'>halt</span> <span class='ocrx_word' id='word_1_337' title='bbox 325 3612 513 3662; x_wconf 80' lang='lat' dir='ltr'>unzweiienlich</span> <span class='ocrx_word' id='word_1_338' title='bbox 541 3613 640 3665; x_wconf 83' lang='lat' dir='ltr'>darlitr,</span> <span class='ocrx_word' id='word_1_339' title='bbox 670 3611 715 3660; x_wconf 87' lang='lat' dir='ltr'>das</span> <span class='ocrx_word' id='word_1_340' title='bbox 734 3612 776 3659; x_wconf 85' lang='lat' dir='ltr'>der</span> <span class='ocrx_word' id='word_1_341' title='bbox 795 3610 859 3657; x_wconf 84' lang='lat' dir='ltr'>llerr</span> <span class='ocrx_word' id='word_1_342' title='bbox 881 3608 934 3656; x_wconf 84' lang='lat' dir='ltr'>sich</span> <span class='ocrx_word' id='word_1_343' title='bbox 953 3611 996 3657; x_wconf 88' lang='lat' dir='ltr'>mit</span> <span class='ocrx_word' id='word_1_344' title='bbox 1024 3609 1200 3675; x_wconf 80' lang='lat' dir='ltr'>ilbertlttssigcr</span> <span class='ocrx_word' id='word_1_345' title='bbox 1218 3610 1368 3676; x_wconf 77' lang='lat' dir='ltr'>Bemtthung</span> <span class='ocrx_word' id='word_1_346' title='bbox 1386 3613 1430 3662; x_wconf 86' lang='lat' dir='ltr'>der</span> <span class='ocrx_word' id='word_1_347' title='bbox 1450 3611 1466 3660; x_wconf 86' lang='lat'><strong>5</strong></span> <span class='ocrx_word' id='word_1_348' title='bbox 1487 3612 1612 3662; x_wconf 69' lang='lat' dir='ltr'>Pinnem</span> 
     </span>
     <span class='ocr_line' id='line_1_37' title="bbox 244 3678 1612 3748; baseline 0.004 -21"><span class='ocrx_word' id='word_1_349' title='bbox 244 3681 325 3731; x_wconf 72' lang='lat' dir='ltr'>werdo</span> <span class='ocrx_word' id='word_1_350' title='bbox 344 3682 407 3731; x_wconf 88' lang='lat' dir='ltr'>ohno</span> <span class='ocrx_word' id='word_1_351' title='bbox 426 3683 576 3733; x_wconf 86' lang='lat' dir='ltr'>sonderbaro</span> <span class='ocrx_word' id='word_1_352' title='bbox 594 3680 784 3732; x_wconf 84' lang='lat' dir='ltr'>imchtbariiohe</span> <span class='ocrx_word' id='word_1_353' title='bbox 804 3678 971 3743; x_wconf 78' lang='lat' dir='ltr'>l&#39;erriohtung</span> <span class='ocrx_word' id='word_1_354' title='bbox 989 3682 1026 3728; x_wconf 86' lang='lat' dir='ltr'>nit</span> <span class='ocrx_word' id='word_1_355' title='bbox 1049 3680 1123 3730; x_wconf 85' lang='lat' dir='ltr'>allein</span> <span class='ocrx_word' id='word_1_356' title='bbox 1141 3683 1202 3747; x_wconf 78' lang='lat' dir='ltr'>lang</span> <span class='ocrx_word' id='word_1_357' title='bbox 1220 3681 1272 3730; x_wconf 85' lang='lat' dir='ltr'>und</span> <span class='ocrx_word' id='word_1_358' title='bbox 1293 3683 1432 3747; x_wconf 73' lang='lat' dir='ltr'>tiberiang,</span> <span class='ocrx_word' id='word_1_359' title='bbox 1462 3683 1531 3734; x_wconf 86' lang='lat' dir='ltr'>auch</span> <span class='ocrx_word' id='word_1_360' title='bbox 1550 3683 1612 3748; x_wconf 63' lang='lat' dir='ltr'>laq</span> 
     </span>
     <span class='ocr_line' id='line_1_38' title="bbox 245 3749 1611 3820; baseline 0.003 -20"><span class='ocrx_word' id='word_1_361' title='bbox 245 3752 281 3800; x_wconf 81' lang='lat' dir='ltr'>sls</span> <span class='ocrx_word' id='word_1_362' title='bbox 302 3768 328 3800; x_wconf 86' lang='lat' dir='ltr'>er</span> <span class='ocrx_word' id='word_1_363' title='bbox 340 3767 386 3817; x_wconf 79' lang='lat' dir='ltr'>gar</span> <span class='ocrx_word' id='word_1_364' title='bbox 399 3755 437 3801; x_wconf 88' lang='lat' dir='ltr'>nit</span> <span class='ocrx_word' id='word_1_365' title='bbox 454 3756 588 3814; x_wconf 83' lang='lat' dir='ltr'>senneint,</span> <span class='ocrx_word' id='word_1_366' title='bbox 609 3754 674 3803; x_wconf 81' lang='lat' dir='ltr'>selba</span> <span class='ocrx_word' id='word_1_367' title='bbox 694 3752 839 3802; x_wconf 83' lang='lat' dir='ltr'>authaltsn.</span> <span class='ocrx_word' id='word_1_368' title='bbox 859 3749 965 3799; x_wconf 88' lang='lat' dir='ltr'>sondem</span> <span class='ocrx_word' id='word_1_369' title='bbox 982 3751 1046 3799; x_wconf 85' lang='lat' dir='ltr'>auch</span> <span class='ocrx_word' id='word_1_370' title='bbox 1066 3752 1191 3801; x_wconf 83' lang='lat' dir='ltr'>aulertan</span> <span class='ocrx_word' id='word_1_371' title='bbox 1204 3754 1260 3801; x_wconf 91' lang='lat' dir='ltr'>elne</span> <span class='ocrx_word' id='word_1_372' title='bbox 1278 3753 1361 3803; x_wconf 89' lang='lat' dir='ltr'>solehe</span> <span class='ocrx_word' id='word_1_373' title='bbox 1374 3754 1459 3803; x_wconf 82' lang='lat' dir='ltr'>Wund</span> <span class='ocrx_word' id='word_1_374' title='bbox 1479 3755 1611 3820; x_wconf 69' lang='lat' dir='ltr'>geleichet</span> 
     </span>
     <span class='ocr_line' id='line_1_39' title="bbox 244 3820 1611 3878; baseline 0.004 -9"><span class='ocrx_word' id='word_1_375' title='bbox 244 3823 352 3878; x_wconf 71' lang='lat' dir='ltr'>venien,</span> <span class='ocrx_word' id='word_1_376' title='bbox 372 3824 451 3871; x_wconf 83' lang='lat' dir='ltr'>daron</span> <span class='ocrx_word' id='word_1_377' title='bbox 471 3824 523 3873; x_wconf 89' lang='lat' dir='ltr'>Irne</span> <span class='ocrx_word' id='word_1_378' title='bbox 543 3841 572 3873; x_wconf 89' lang='lat' dir='ltr'>zu</span> <span class='ocrx_word' id='word_1_379' title='bbox 597 3822 751 3874; x_wconf 75' lang='lat' dir='ltr'>entwsichen</span> <span class='ocrx_word' id='word_1_380' title='bbox 771 3820 913 3871; x_wconf 77' lang='lat' dir='ltr'>schwerlich</span> <span class='ocrx_word' id='word_1_381' title='bbox 932 3821 1047 3870; x_wconf 84' lang='lat' dir='ltr'>zulallen.</span> <span class='ocrx_word' id='word_1_382' title='bbox 1078 3822 1154 3872; x_wconf 82' lang='lat' dir='ltr'>Danu</span> <span class='ocrx_word' id='word_1_383' title='bbox 1174 3822 1272 3873; x_wconf 86' lang='lat' dir='ltr'>erstlich</span> <span class='ocrx_word' id='word_1_384' title='bbox 1286 3824 1325 3874; x_wconf 89' lang='lat' dir='ltr'>die</span> <span class='ocrx_word' id='word_1_385' title='bbox 1337 3826 1422 3874; x_wconf 80' lang='lat' dir='ltr'>media</span> <span class='ocrx_word' id='word_1_386' title='bbox 1441 3827 1611 3876; x_wconf 74' lang='lat' dir='ltr'>continuatio·</span> 
     </span>
    </p>

    <p class='ocr_par' dir='ltr' id='par_1_10' title="bbox 223 3891 1615 4511">
     <span class='ocr_line' id='line_1_40' title="bbox 223 3891 1612 3961; baseline 0.005 -21"><span class='ocrx_word' id='word_1_387' title='bbox 223 3894 282 3941; x_wconf 89' lang='lat' dir='ltr'>·nis</span> <span class='ocrx_word' id='word_1_388' title='bbox 301 3893 499 3943; x_wconf 77' lang='lat' dir='ltr'>observationum</span> <span class='ocrx_word' id='word_1_389' title='bbox 518 3899 656 3958; x_wconf 85' lang='lat' dir='ltr'>sperandae</span> <span class='ocrx_word' id='word_1_390' title='bbox 675 3895 744 3943; x_wconf 88' lang='lat' dir='ltr'>siehe</span> <span class='ocrx_word' id='word_1_391' title='bbox 763 3893 802 3942; x_wconf 88' lang='lat' dir='ltr'>ich</span> <span class='ocrx_word' id='word_1_392' title='bbox 822 3894 930 3955; x_wconf 74' lang='lat' dir='ltr'>scniger</span> <span class='ocrx_word' id='word_1_393' title='bbox 949 3891 985 3941; x_wconf 86' lang='lat' dir='ltr'>als</span> <span class='ocrx_word' id='word_1_394' title='bbox 1002 3894 1040 3941; x_wconf 90' lang='lat' dir='ltr'>nit</span> <span class='ocrx_word' id='word_1_395' title='bbox 1064 3893 1114 3941; x_wconf 91' lang='lat' dir='ltr'>und</span> <span class='ocrx_word' id='word_1_396' title='bbox 1131 3897 1157 3955; x_wconf 82' lang='lat' dir='ltr'>Jo</span> <span class='ocrx_word' id='word_1_397' title='bbox 1175 3894 1263 3958; x_wconf 68' lang='lat' dir='ltr'>linger</span> <span class='ocrx_word' id='word_1_398' title='bbox 1279 3897 1305 3956; x_wconf 72' lang='lat' dir='ltr'>ie</span> <span class='ocrx_word' id='word_1_399' title='bbox 1331 3897 1455 3961; x_wconf 71' lang='lat' dir='ltr'>seniger,</span> <span class='ocrx_word' id='word_1_400' title='bbox 1481 3899 1612 3947; x_wconf 70' lang='lat' dir='ltr'>ianm</span> 
     </span>
     <span class='ocr_line' id='line_1_41' title="bbox 245 3962 1612 4031; baseline 0.007 -21"><span class='ocrx_word' id='word_1_401' title='bbox 245 3962 285 4012; x_wconf 86' lang='lat' dir='ltr'>ich</span> <span class='ocrx_word' id='word_1_402' title='bbox 305 3962 405 4014; x_wconf 81' lang='lat' dir='ltr'>allezeit</span> <span class='ocrx_word' id='word_1_403' title='bbox 422 3964 529 4030; x_wconf 77' lang='lat' dir='ltr'>besorgt,</span> <span class='ocrx_word' id='word_1_404' title='bbox 550 3966 600 4015; x_wconf 90' lang='lat' dir='ltr'>und</span> <span class='ocrx_word' id='word_1_405' title='bbox 619 3982 675 4014; x_wconf 90' lang='lat' dir='ltr'>zum</span> <span class='ocrx_word' id='word_1_406' title='bbox 694 3965 797 4019; x_wconf 88' lang='lat' dir='ltr'>andem,</span> <span class='ocrx_word' id='word_1_407' title='bbox 817 3970 914 4027; x_wconf 77' lang='lat' dir='ltr'>gesetst</span> <span class='ocrx_word' id='word_1_408' title='bbox 933 3964 976 4011; x_wconf 86' lang='lat' dir='ltr'>der</span> <span class='ocrx_word' id='word_1_409' title='bbox 994 3963 1057 4012; x_wconf 85' lang='lat' dir='ltr'>llorr</span> <span class='ocrx_word' id='word_1_410' title='bbox 1075 3965 1144 4014; x_wconf 74' lang='lat' dir='ltr'>uelle</span> <span class='ocrx_word' id='word_1_411' title='bbox 1163 3964 1215 4014; x_wconf 88' lang='lat' dir='ltr'>sich</span> <span class='ocrx_word' id='word_1_412' title='bbox 1239 3967 1308 4031; x_wconf 72' lang='lat' dir='ltr'>oiuig</span> <span class='ocrx_word' id='word_1_413' title='bbox 1326 3966 1377 4015; x_wconf 87' lang='lat' dir='ltr'>und</span> <span class='ocrx_word' id='word_1_414' title='bbox 1396 3967 1474 4017; x_wconf 83' lang='lat' dir='ltr'>allelu</span> <span class='ocrx_word' id='word_1_415' title='bbox 1494 3968 1540 4019; x_wconf 82' lang='lat' dir='ltr'>dar</span> <span class='ocrx_word' id='word_1_416' title='bbox 1558 3981 1612 4018; x_wconf 75' lang='lat' dir='ltr'>ver·</span> 
     </span>
     <span class='ocr_line' id='line_1_42' title="bbox 245 4033 1613 4101; baseline 0.004 -18"><span class='ocrx_word' id='word_1_417' title='bbox 245 4033 395 4084; x_wconf 82' lang='lat' dir='ltr'>schleusnen</span> <span class='ocrx_word' id='word_1_418' title='bbox 415 4033 544 4098; x_wconf 86' lang='lat' dir='ltr'>(priorum)</span> <span class='ocrx_word' id='word_1_419' title='bbox 565 4038 762 4087; x_wconf 78' lang='lat' dir='ltr'>observationum</span> <span class='ocrx_word' id='word_1_420' title='bbox 781 4034 909 4091; x_wconf 86' lang='lat' dir='ltr'>behellon,</span> <span class='ocrx_word' id='word_1_421' title='bbox 930 4035 961 4081; x_wconf 80' lang='lat' dir='ltr'>ist</span> <span class='ocrx_word' id='word_1_422' title='bbox 980 4034 1081 4083; x_wconf 85' lang='lat' dir='ltr'>deshalb</span> <span class='ocrx_word' id='word_1_423' title='bbox 1099 4038 1137 4084; x_wconf 87' lang='lat' dir='ltr'>nit</span> <span class='ocrx_word' id='word_1_424' title='bbox 1157 4036 1230 4084; x_wconf 83' lang='lat' dir='ltr'>atisin</span> <span class='ocrx_word' id='word_1_425' title='bbox 1249 4052 1292 4098; x_wconf 89' lang='lat' dir='ltr'>per</span> <span class='ocrx_word' id='word_1_426' title='bbox 1311 4052 1338 4086; x_wconf 90' lang='lat' dir='ltr'>se</span> <span class='ocrx_word' id='word_1_427' title='bbox 1356 4038 1535 4101; x_wconf 76' lang='lat' dir='ltr'>periculosum,</span> <span class='ocrx_word' id='word_1_428' title='bbox 1554 4053 1613 4088; x_wconf 86' lang='lat' dir='ltr'>soss-</span> 
     </span>
     <span class='ocr_line' id='line_1_43' title="bbox 247 4105 1614 4175; baseline 0.005 -21"><span class='ocrx_word' id='word_1_429' title='bbox 247 4106 307 4154; x_wconf 87' lang='lat' dir='ltr'>dern</span> <span class='ocrx_word' id='word_1_430' title='bbox 327 4105 410 4160; x_wconf 82' lang='lat' dir='ltr'>such,</span> <span class='ocrx_word' id='word_1_431' title='bbox 437 4107 518 4170; x_wconf 83' lang='lat' dir='ltr'>quoad</span> <span class='ocrx_word' id='word_1_432' title='bbox 547 4109 683 4170; x_wconf 83' lang='lat' dir='ltr'>praeterita</span> <span class='ocrx_word' id='word_1_433' title='bbox 708 4113 732 4154; x_wconf 89' lang='lat' dir='ltr'>et</span> <span class='ocrx_word' id='word_1_434' title='bbox 758 4107 841 4153; x_wconf 80' lang='lat' dir='ltr'>lutura</span> <span class='ocrx_word' id='word_1_435' title='bbox 864 4111 975 4168; x_wconf 85' lang='lat' dir='ltr'>tempora</span> <span class='ocrx_word' id='word_1_436' title='bbox 1002 4106 1185 4156; x_wconf 75' lang='lat' dir='ltr'>infructuosum.</span> <span class='ocrx_word' id='word_1_437' title='bbox 1223 4107 1280 4156; x_wconf 85' lang='lat' dir='ltr'>Will</span> <span class='ocrx_word' id='word_1_438' title='bbox 1299 4123 1334 4157; x_wconf 88' lang='lat' dir='ltr'>nu</span> <span class='ocrx_word' id='word_1_439' title='bbox 1352 4109 1396 4158; x_wconf 87' lang='lat' dir='ltr'>der</span> <span class='ocrx_word' id='word_1_440' title='bbox 1415 4109 1495 4168; x_wconf 82' lang='lat' dir='ltr'>fleur,</span> <span class='ocrx_word' id='word_1_441' title='bbox 1529 4109 1614 4175; x_wconf 83' lang='lat' dir='ltr'>questi</span> 
     </span>
     <span class='ocr_line' id='line_1_44' title="bbox 245 4174 1613 4240; baseline 0.006 -16"><span class='ocrx_word' id='word_1_442' title='bbox 245 4178 382 4239; x_wconf 83' lang='lat' dir='ltr'>praeterita</span> <span class='ocrx_word' id='word_1_443' title='bbox 410 4186 521 4240; x_wconf 81' lang='lat' dir='ltr'>tempora</span> <span class='ocrx_word' id='word_1_444' title='bbox 540 4179 580 4228; x_wconf 89' lang='lat' dir='ltr'>dio</span> <span class='ocrx_word' id='word_1_445' title='bbox 607 4178 790 4227; x_wconf 78' lang='lat' dir='ltr'>observationes</span> <span class='ocrx_word' id='word_1_446' title='bbox 809 4176 852 4223; x_wconf 91' lang='lat' dir='ltr'>der</span> <span class='ocrx_word' id='word_1_447' title='bbox 879 4175 947 4224; x_wconf 85' lang='lat' dir='ltr'>alten</span> <span class='ocrx_word' id='word_1_448' title='bbox 967 4174 1201 4227; x_wconf 82' lang='lat' dir='ltr'>llathematicomm</span> <span class='ocrx_word' id='word_1_449' title='bbox 1229 4181 1380 4240; x_wconf 85' lang='lat' dir='ltr'>sssumirsn,</span> <span class='ocrx_word' id='word_1_450' title='bbox 1409 4179 1456 4231; x_wconf 83' lang='lat' dir='ltr'>hat</span> <span class='ocrx_word' id='word_1_451' title='bbox 1474 4196 1503 4232; x_wconf 82' lang='lat' dir='ltr'>es</span> <span class='ocrx_word' id='word_1_452' title='bbox 1523 4182 1613 4238; x_wconf 66' lang='lat' dir='ltr'>mh.</span> 
     </span>
     <span class='ocr_line' id='line_1_45' title="bbox 245 4247 1614 4311; baseline 0.006 -15"><span class='ocrx_word' id='word_1_453' title='bbox 245 4249 319 4297; x_wconf 86' lang='lat' dir='ltr'>crede</span> <span class='ocrx_word' id='word_1_454' title='bbox 338 4256 448 4311; x_wconf 76' lang='lat' dir='ltr'>experto,</span> <span class='ocrx_word' id='word_1_455' title='bbox 468 4248 536 4297; x_wconf 82' lang='lat' dir='ltr'>disse</span> <span class='ocrx_word' id='word_1_456' title='bbox 549 4248 652 4298; x_wconf 83' lang='lat' dir='ltr'>hochste</span> <span class='ocrx_word' id='word_1_457' title='bbox 672 4247 812 4299; x_wconf 83' lang='lat' dir='ltr'>dillicuttet.</span> <span class='ocrx_word' id='word_1_458' title='bbox 833 4247 891 4295; x_wconf 88' lang='lat' dir='ltr'>dass</span> <span class='ocrx_word' id='word_1_459' title='bbox 911 4247 950 4294; x_wconf 89' lang='lat' dir='ltr'>die</span> <span class='ocrx_word' id='word_1_460' title='bbox 976 4253 1087 4310; x_wconf 86' lang='lat' dir='ltr'>tempora</span> <span class='ocrx_word' id='word_1_461' title='bbox 1106 4249 1240 4311; x_wconf 83' lang='lat' dir='ltr'>praeterita</span> <span class='ocrx_word' id='word_1_462' title='bbox 1261 4251 1286 4299; x_wconf 90' lang='lat' dir='ltr'>in</span> <span class='ocrx_word' id='word_1_463' title='bbox 1306 4265 1404 4300; x_wconf 87' lang='lat' dir='ltr'>summa</span> <span class='ocrx_word' id='word_1_464' title='bbox 1427 4260 1454 4302; x_wconf 83' lang='lat' dir='ltr'>et</span> <span class='ocrx_word' id='word_1_465' title='bbox 1472 4251 1614 4304; x_wconf 69' lang='lat' dir='ltr'>incredihi!</span> 
     </span>
     <span class='ocr_line' id='line_1_46' title="bbox 245 4318 1614 4390; baseline 0.003 -24"><span class='ocrx_word' id='word_1_466' title='bbox 245 4319 428 4375; x_wconf 85' lang='lat' dir='ltr'>incertitudine.</span> <span class='ocrx_word' id='word_1_467' title='bbox 442 4320 494 4368; x_wconf 82' lang='lat' dir='ltr'>also</span> <span class='ocrx_word' id='word_1_468' title='bbox 508 4320 552 4369; x_wconf 90' lang='lat' dir='ltr'>daa</span> <span class='ocrx_word' id='word_1_469' title='bbox 562 4319 615 4370; x_wconf 84' lang='lat' dir='ltr'>sich</span> <span class='ocrx_word' id='word_1_470' title='bbox 626 4319 690 4368; x_wconf 83' lang='lat' dir='ltr'>auch</span> <span class='ocrx_word' id='word_1_471' title='bbox 704 4319 799 4365; x_wconf 74' lang='lat' dir='ltr'>radone</span> <span class='ocrx_word' id='word_1_472' title='bbox 809 4318 922 4379; x_wconf 79' lang='lat' dir='ltr'>ipsissimi</span> <span class='ocrx_word' id='word_1_473' title='bbox 935 4320 1050 4380; x_wconf 86' lang='lat' dir='ltr'>temporis</span> <span class='ocrx_word' id='word_1_474' title='bbox 1063 4319 1185 4368; x_wconf 82' lang='lat' dir='ltr'>laetarum</span> <span class='ocrx_word' id='word_1_475' title='bbox 1198 4319 1406 4378; x_wconf 74' lang='lat' dir='ltr'>observationum.</span> <span class='ocrx_word' id='word_1_476' title='bbox 1419 4323 1614 4390; x_wconf 67' lang='lat' dir='ltr'>gasehsetgsns</span> 
     </span>
     <span class='ocr_line' id='line_1_47' title="bbox 245 4389 1615 4461; baseline 0.005 -23"><span class='ocrx_word' id='word_1_477' title='bbox 245 4389 346 4438; x_wconf 81' lang='lat' dir='ltr'>auidis</span> <span class='ocrx_word' id='word_1_478' title='bbox 365 4392 503 4452; x_wconf 82' lang='lat' dir='ltr'>praecisam</span> <span class='ocrx_word' id='word_1_479' title='bbox 532 4391 782 4452; x_wconf 85' lang='lat' dir='ltr'>circumscriptionem</span> <span class='ocrx_word' id='word_1_480' title='bbox 809 4389 937 4450; x_wconf 79' lang='lat' dir='ltr'>ipsiusmet</span> <span class='ocrx_word' id='word_1_481' title='bbox 965 4389 1139 4439; x_wconf 83' lang='lat' dir='ltr'>obserrationis</span> <span class='ocrx_word' id='word_1_482' title='bbox 1162 4392 1207 4437; x_wconf 89' lang='lat' dir='ltr'>mit</span> <span class='ocrx_word' id='word_1_483' title='bbox 1231 4391 1347 4454; x_wconf 84' lang='lat' dir='ltr'>nichten,</span> <span class='ocrx_word' id='word_1_484' title='bbox 1375 4394 1427 4444; x_wconf 86' lang='lat' dir='ltr'>und</span> <span class='ocrx_word' id='word_1_485' title='bbox 1453 4397 1484 4458; x_wconf 80' lang='lat' dir='ltr'>js</span> <span class='ocrx_word' id='word_1_486' title='bbox 1512 4410 1561 4461; x_wconf 70' lang='lat' dir='ltr'>gar</span> <span class='ocrx_word' id='word_1_487' title='bbox 1588 4395 1615 4444; x_wconf 73' lang='lat' dir='ltr'>i·</span> 
     </span>
     <span class='ocr_line' id='line_1_48' title="bbox 245 4460 527 4511; baseline 0.011 -4"><span class='ocrx_word' id='word_1_488' title='bbox 245 4460 325 4508; x_wconf 89' lang='lat' dir='ltr'>nichts</span> <span class='ocrx_word' id='word_1_489' title='bbox 345 4476 375 4509; x_wconf 86' lang='lat' dir='ltr'>zu</span> <span class='ocrx_word' id='word_1_490' title='bbox 394 4462 527 4511; x_wconf 82' lang='lat' dir='ltr'>verlnssen.</span> 
     </span>
    </p>

    <p class='ocr_par' dir='ltr' id='par_1_11' title="bbox 245 4528 1618 5020">
     <span class='ocr_line' id='line_1_49' title="bbox 334 4528 1616 4603; baseline 0.005 -23"><span class='ocrx_word' id='word_1_491' title='bbox 334 4532 367 4580; x_wconf 78' lang='lat' dir='ltr'>Es</span> <span class='ocrx_word' id='word_1_492' title='bbox 385 4538 451 4581; x_wconf 74' lang='lat' dir='ltr'>stre</span> <span class='ocrx_word' id='word_1_493' title='bbox 470 4533 551 4581; x_wconf 78' lang='lat' dir='ltr'>daron</span> <span class='ocrx_word' id='word_1_494' title='bbox 580 4530 626 4581; x_wconf 84' lang='lat' dir='ltr'>siet</span> <span class='ocrx_word' id='word_1_495' title='bbox 647 4545 677 4578; x_wconf 84' lang='lat' dir='ltr'>zu</span> <span class='ocrx_word' id='word_1_496' title='bbox 704 4528 841 4581; x_wconf 82' lang='lat' dir='ltr'>schreiben.</span> <span class='ocrx_word' id='word_1_497' title='bbox 870 4528 937 4576; x_wconf 83' lang='lat' dir='ltr'>daun</span> <span class='ocrx_word' id='word_1_498' title='bbox 966 4529 1004 4577; x_wconf 84' lang='lat' dir='ltr'>ich</span> <span class='ocrx_word' id='word_1_499' title='bbox 1032 4532 1127 4580; x_wconf 84' lang='lat' dir='ltr'>rationo</span> <span class='ocrx_word' id='word_1_500' title='bbox 1153 4544 1226 4580; x_wconf 83' lang='lat' dir='ltr'>veras</span> <span class='ocrx_word' id='word_1_501' title='bbox 1246 4539 1272 4579; x_wconf 90' lang='lat' dir='ltr'>et</span> <span class='ocrx_word' id='word_1_502' title='bbox 1300 4541 1407 4584; x_wconf 80' lang='lat' dir='ltr'>exactas</span> <span class='ocrx_word' id='word_1_503' title='bbox 1426 4536 1616 4603; x_wconf 71' lang='lat' dir='ltr'>Chmmtogtss</span> 
     </span>
     <span class='ocr_line' id='line_1_50' title="bbox 245 4597 1616 4666; baseline 0.006 -16"><span class='ocrx_word' id='word_1_504' title='bbox 245 4610 381 4664; x_wconf 90' lang='lat' dir='ltr'>tcmpomrn</span> <span class='ocrx_word' id='word_1_505' title='bbox 400 4605 588 4666; x_wconf 86' lang='lat' dir='ltr'>praeteritorum</span> <span class='ocrx_word' id='word_1_506' title='bbox 607 4598 766 4664; x_wconf 78' lang='lat' dir='ltr'>ungitublich</span> <span class='ocrx_word' id='word_1_507' title='bbox 786 4598 832 4646; x_wconf 79' lang='lat' dir='ltr'>viel</span> <span class='ocrx_word' id='word_1_508' title='bbox 846 4597 922 4647; x_wconf 79' lang='lat' dir='ltr'>ttnhe</span> <span class='ocrx_word' id='word_1_509' title='bbox 936 4599 985 4648; x_wconf 88' lang='lat' dir='ltr'>und</span> <span class='ocrx_word' id='word_1_510' title='bbox 998 4598 1127 4650; x_wconf 81' lang='lat' dir='ltr'>Unkosten</span> <span class='ocrx_word' id='word_1_511' title='bbox 1147 4603 1330 4666; x_wconf 60' lang='lat' dir='ltr'>aulgeuendm</span> <span class='ocrx_word' id='word_1_512' title='bbox 1349 4606 1386 4654; x_wconf 87' lang='lat' dir='ltr'>bis</span> <span class='ocrx_word' id='word_1_513' title='bbox 1399 4607 1440 4656; x_wconf 90' lang='lat' dir='ltr'>ich</span> <span class='ocrx_word' id='word_1_514' title='bbox 1453 4623 1512 4657; x_wconf 84' lang='lat' dir='ltr'>aum</span> <span class='ocrx_word' id='word_1_515' title='bbox 1526 4608 1616 4660; x_wconf 77' lang='lat' dir='ltr'>Gruod</span> 
     </span>
     <span class='ocr_line' id='line_1_51' title="bbox 245 4669 1615 4739; baseline 0.001 -19"><span class='ocrx_word' id='word_1_516' title='bbox 245 4673 357 4736; x_wconf 75' lang='lat' dir='ltr'>gelangt.</span> <span class='ocrx_word' id='word_1_517' title='bbox 394 4674 461 4722; x_wconf 79' lang='lat' dir='ltr'>Aber</span> <span class='ocrx_word' id='word_1_518' title='bbox 479 4675 510 4721; x_wconf 87' lang='lat' dir='ltr'>ist</span> <span class='ocrx_word' id='word_1_519' title='bbox 529 4674 575 4722; x_wconf 83' lang='lat' dir='ltr'>viel</span> <span class='ocrx_word' id='word_1_520' title='bbox 595 4687 625 4720; x_wconf 87' lang='lat' dir='ltr'>zu</span> <span class='ocrx_word' id='word_1_521' title='bbox 644 4669 786 4732; x_wconf 74' lang='lat' dir='ltr'>seitlttntig.</span> <span class='ocrx_word' id='word_1_522' title='bbox 816 4669 866 4716; x_wconf 88' lang='lat' dir='ltr'>und</span> <span class='ocrx_word' id='word_1_523' title='bbox 886 4677 923 4717; x_wconf 88' lang='lat' dir='ltr'>est</span> <span class='ocrx_word' id='word_1_524' title='bbox 942 4685 990 4727; x_wconf 84' lang='lat' dir='ltr'>rea,</span> <span class='ocrx_word' id='word_1_525' title='bbox 1010 4683 1074 4734; x_wconf 82' lang='lat' dir='ltr'>quaa</span> <span class='ocrx_word' id='word_1_526' title='bbox 1102 4675 1202 4735; x_wconf 84' lang='lat' dir='ltr'>requirit</span> <span class='ocrx_word' id='word_1_527' title='bbox 1220 4674 1345 4739; x_wconf 77' lang='lat' dir='ltr'>integram</span> <span class='ocrx_word' id='word_1_528' title='bbox 1364 4685 1479 4729; x_wconf 65' lang='lat' dir='ltr'>artatam</span> <span class='ocrx_word' id='word_1_529' title='bbox 1497 4681 1544 4728; x_wconf 77' lang='lat' dir='ltr'>siri</span> <span class='ocrx_word' id='word_1_530' title='bbox 1561 4681 1615 4730; x_wconf 74' lang='lat' dir='ltr'>stn-</span> 
     </span>
     <span class='ocr_line' id='line_1_52' title="bbox 246 4738 1617 4813; baseline 0.006 -24"><span class='ocrx_word' id='word_1_531' title='bbox 246 4742 365 4805; x_wconf 72' lang='lat' dir='ltr'>putariter</span> <span class='ocrx_word' id='word_1_532' title='bbox 383 4743 439 4792; x_wconf 87' lang='lat' dir='ltr'>huic</span> <span class='ocrx_word' id='word_1_533' title='bbox 459 4747 493 4793; x_wconf 91' lang='lat' dir='ltr'>rei</span> <span class='ocrx_word' id='word_1_534' title='bbox 521 4743 693 4794; x_wconf 84' lang='lat' dir='ltr'>incumbentis.</span> <span class='ocrx_word' id='word_1_535' title='bbox 732 4739 774 4789; x_wconf 86' lang='lat' dir='ltr'>leh</span> <span class='ocrx_word' id='word_1_536' title='bbox 792 4738 840 4787; x_wconf 71' lang='lat' dir='ltr'>will</span> <span class='ocrx_word' id='word_1_537' title='bbox 869 4739 943 4788; x_wconf 81' lang='lat' dir='ltr'>allein</span> <span class='ocrx_word' id='word_1_538' title='bbox 972 4741 1085 4789; x_wconf 79' lang='lat' dir='ltr'>diessen</span> <span class='ocrx_word' id='word_1_539' title='bbox 1110 4744 1189 4792; x_wconf 87' lang='lat' dir='ltr'>einem</span> <span class='ocrx_word' id='word_1_540' title='bbox 1210 4742 1327 4809; x_wconf 81' lang='lat' dir='ltr'>Exempel</span> <span class='ocrx_word' id='word_1_541' title='bbox 1346 4762 1437 4813; x_wconf 71' lang='lat' dir='ltr'>aspen.</span> <span class='ocrx_word' id='word_1_542' title='bbox 1476 4748 1532 4799; x_wconf 85' lang='lat' dir='ltr'>Der</span> <span class='ocrx_word' id='word_1_543' title='bbox 1550 4749 1617 4802; x_wconf 75' lang='lat' dir='ltr'>Han</span> 
     </span>
     <span class='ocr_line' id='line_1_53' title="bbox 246 4810 1616 4875; baseline 0.01 -15"><span class='ocrx_word' id='word_1_544' title='bbox 246 4812 338 4862; x_wconf 82' lang='lat' dir='ltr'>meldos</span> <span class='ocrx_word' id='word_1_545' title='bbox 357 4816 382 4862; x_wconf 88' lang='lat' dir='ltr'>in</span> <span class='ocrx_word' id='word_1_546' title='bbox 402 4817 495 4863; x_wconf 84' lang='lat' dir='ltr'>aeinesn</span> <span class='ocrx_word' id='word_1_547' title='bbox 514 4815 658 4868; x_wconf 88' lang='lat' dir='ltr'>Schrsiben,</span> <span class='ocrx_word' id='word_1_548' title='bbox 677 4813 723 4859; x_wconf 75' lang='lat' dir='ltr'>sio</span> <span class='ocrx_word' id='word_1_549' title='bbox 743 4825 769 4858; x_wconf 85' lang='lat' dir='ltr'>er</span> <span class='ocrx_word' id='word_1_550' title='bbox 788 4810 839 4858; x_wconf 85' lang='lat' dir='ltr'>siclt</span> <span class='ocrx_word' id='word_1_551' title='bbox 859 4810 918 4859; x_wconf 82' lang='lat' dir='ltr'>tiber</span> <span class='ocrx_word' id='word_1_552' title='bbox 937 4811 976 4859; x_wconf 89' lang='lat' dir='ltr'>die</span> <span class='ocrx_word' id='word_1_553' title='bbox 994 4812 1197 4875; x_wconf 79' lang='lat' dir='ltr'>inaequalitatem</span> <span class='ocrx_word' id='word_1_554' title='bbox 1217 4818 1277 4863; x_wconf 88' lang='lat' dir='ltr'>anni</span> <span class='ocrx_word' id='word_1_555' title='bbox 1290 4814 1336 4866; x_wconf 68' lang='lat' dir='ltr'>hc.</span> <span class='ocrx_word' id='word_1_556' title='bbox 1355 4820 1529 4872; x_wconf 74' lang='lat' dir='ltr'>renuntiem.</span> <span class='ocrx_word' id='word_1_557' title='bbox 1555 4821 1616 4874; x_wconf 75' lang='lat' dir='ltr'>Nus</span> 
     </span>
     <span class='ocr_line' id='line_1_54' title="bbox 247 4880 1618 4946; baseline 0.009 -16"><span class='ocrx_word' id='word_1_558' title='bbox 247 4883 334 4931; x_wconf 86' lang='lat' dir='ltr'>nimmt</span> <span class='ocrx_word' id='word_1_559' title='bbox 354 4885 385 4932; x_wconf 79' lang='lat' dir='ltr'>Er</span> <span class='ocrx_word' id='word_1_560' title='bbox 403 4885 443 4934; x_wconf 85' lang='lat' dir='ltr'>dis</span> <span class='ocrx_word' id='word_1_561' title='bbox 462 4886 644 4935; x_wconf 78' lang='lat' dir='ltr'>observationes</span> <span class='ocrx_word' id='word_1_562' title='bbox 664 4881 786 4931; x_wconf 83' lang='lat' dir='ltr'>hletonis.</span> <span class='ocrx_word' id='word_1_563' title='bbox 807 4882 852 4927; x_wconf 79' lang='lat' dir='ltr'>wie</span> <span class='ocrx_word' id='word_1_564' title='bbox 872 4880 911 4929; x_wconf 86' lang='lat' dir='ltr'>die</span> <span class='ocrx_word' id='word_1_565' title='bbox 931 4897 984 4928; x_wconf 83' lang='lat' dir='ltr'>rom</span> <span class='ocrx_word' id='word_1_566' title='bbox 1003 4881 1146 4933; x_wconf 81' lang='lat' dir='ltr'>Ptolemaeo</span> <span class='ocrx_word' id='word_1_567' title='bbox 1165 4887 1300 4935; x_wconf 86' lang='lat' dir='ltr'>recensiert</span> <span class='ocrx_word' id='word_1_568' title='bbox 1318 4890 1432 4946; x_wconf 67' lang='lat' dir='ltr'>werden.</span> <span class='ocrx_word' id='word_1_569' title='bbox 1458 4893 1556 4944; x_wconf 70' lang='lat' dir='ltr'>vairhs</span> <span class='ocrx_word' id='word_1_570' title='bbox 1574 4893 1618 4946; x_wconf 60' lang='lat' dir='ltr'>iffi</span> 
     </span>
     <span class='ocr_line' id='line_1_55' title="bbox 247 4952 1616 5020; baseline 0.007 -20"><span class='ocrx_word' id='word_1_571' title='bbox 247 4952 315 5001; x_wconf 81' lang='lat' dir='ltr'>daun</span> <span class='ocrx_word' id='word_1_572' title='bbox 334 4968 363 5002; x_wconf 84' lang='lat' dir='ltr'>ex</span> <span class='ocrx_word' id='word_1_573' title='bbox 384 4954 490 5004; x_wconf 87' lang='lat' dir='ltr'>Diodoro</span> <span class='ocrx_word' id='word_1_574' title='bbox 510 4955 592 5004; x_wconf 86' lang='lat' dir='ltr'>Siculo</span> <span class='ocrx_word' id='word_1_575' title='bbox 612 4965 637 5002; x_wconf 86' lang='lat' dir='ltr'>et</span> <span class='ocrx_word' id='word_1_576' title='bbox 655 4953 753 5002; x_wconf 84' lang='lat' dir='ltr'>Joanne</span> <span class='ocrx_word' id='word_1_577' title='bbox 773 4952 864 4999; x_wconf 84' lang='lat' dir='ltr'>Taetzs</span> <span class='ocrx_word' id='word_1_578' title='bbox 883 4952 1038 5001; x_wconf 85' lang='lat' dir='ltr'>confirmiren</span> <span class='ocrx_word' id='word_1_579' title='bbox 1057 4953 1132 5003; x_wconf 81' lang='lat' dir='ltr'>laun.</span> <span class='ocrx_word' id='word_1_580' title='bbox 1161 4953 1211 5005; x_wconf 84' lang='lat' dir='ltr'>Sed</span> <span class='ocrx_word' id='word_1_581' title='bbox 1229 4955 1313 5020; x_wconf 77' lang='lat' dir='ltr'>quid?</span> <span class='ocrx_word' id='word_1_582' title='bbox 1332 4957 1359 5009; x_wconf 91' lang='lat' dir='ltr'>Si</span> <span class='ocrx_word' id='word_1_583' title='bbox 1378 4959 1468 5014; x_wconf 77' lang='lat' dir='ltr'>Meton</span> <span class='ocrx_word' id='word_1_584' title='bbox 1485 4964 1531 5015; x_wconf 84' lang='lat' dir='ltr'>tlto</span> <span class='ocrx_word' id='word_1_585' title='bbox 1550 4971 1616 5015; x_wconf 70' lang='lat' dir='ltr'>un-</span> 
     </span>
    </p>
   </div>
   <div class='ocr_carea' id='block_1_5' title="bbox 246 5022 1619 5104">
    <p class='ocr_par' dir='ltr' id='par_1_12' title="bbox 246 5022 1619 5104">
     <span class='ocr_line' id='line_1_56' title="bbox 246 5022 1619 5104; baseline 0 -30"><span class='ocrx_word' id='word_1_586' title='bbox 246 5036 306 5088; x_wconf 79' lang='lat' dir='ltr'>psrs</span> <span class='ocrx_word' id='word_1_587' title='bbox 323 5024 374 5074; x_wconf 79' lang='lat' dir='ltr'>und</span> <span class='ocrx_word' id='word_1_588' title='bbox 392 5039 458 5076; x_wconf 80' lang='lat' dir='ltr'>mr</span> <span class='ocrx_word' id='word_1_589' title='bbox 483 5027 573 5077; x_wconf 84' lang='lat' dir='ltr'>etltcha</span> <span class='ocrx_word' id='word_1_590' title='bbox 592 5024 647 5075; x_wconf 74' lang='lat' dir='ltr'>viat</span> <span class='ocrx_word' id='word_1_591' title='bbox 666 5023 729 5074; x_wconf 78' lang='lat' dir='ltr'>lshr</span> <span class='ocrx_word' id='word_1_592' title='bbox 755 5022 865 5072; x_wconf 82' lang='lat' dir='ltr'>tsmsch</span> <span class='ocrx_word' id='word_1_593' title='bbox 884 5035 930 5088; x_wconf 70' lang='lat' dir='ltr'>gar</span> <span class='ocrx_word' id='word_1_594' title='bbox 946 5024 993 5073; x_wconf 85' lang='lat' dir='ltr'>mit</span> <span class='ocrx_word' id='word_1_595' title='bbox 1019 5024 1119 5075; x_wconf 85' lang='lat' dir='ltr'>niehten</span> <span class='ocrx_word' id='word_1_596' title='bbox 1146 5027 1216 5076; x_wconf 84' lang='lat' dir='ltr'>seina</span> <span class='ocrx_word' id='word_1_597' title='bbox 1243 5028 1430 5086; x_wconf 64' lang='lat' dir='ltr'>observatiam.</span> <span class='ocrx_word' id='word_1_598' title='bbox 1456 5033 1619 5104; x_wconf 56' lang='lat' dir='ltr'>mm!</span> 
     </span>
    </p>
   </div>
   <div class='ocr_carea' id='block_1_6' title="bbox 0 0 1858 5842">
    <p class='ocr_par' dir='ltr' id='par_1_13' title="bbox 0 0 1858 5842">
     <span class='ocr_line' id='line_1_57' title="bbox 0 0 1858 5842; baseline 0 0"><span class='ocrx_word' id='word_1_599' title='bbox 0 0 1858 5842; x_wconf 95' lang='lat' dir='ltr'> </span> 
     </span>
    </p>
   </div>
  </div>
 </body>
</html>
