3692 5842
774 481 856 547 Caput
873 481 904 534 ll.

253 650 329 715 Cum
354 672 426 735 ergo
451 672 506 735 per
533 655 666 736 quintam
691 677 813 720 necesse
839 659 878 720 eit

158 740 307 803 confundi
330 743 456 822 liguram
474 744 601 806 lucentis
624 747 823 809 acuminatam
847 759 878 809 et

159 829 316 893 fenestrae
331 831 500 907 rotundam,
524 852 578 914 per
601 835 788 898 corollarium
805 856 876 898 uero

159 919 285 982 tertium
318 921 451 1000 ejusdem
484 912 619 986 confusio
649 925 723 986 haec
756 927 876 996 cir,culo
999 991 1008 1012 f
1059 977 1122 1010 ,

158 1009 468 1089 quatenuscircnlus,
493 1011 617 1074 nihilde
636 1013 747 1093 figurae
767 1015 875 1076 simili·
1080 1013 1157 1090 *1¹3*

158 1098 266 1160 tudine
299 1098 454 1174 detrahat,
488 1101 542 1162 sed
574 1104 780 1164 tantummodo
804 1123 875 1183 pro·
951 1115 968 1192 J
1181 1123 1195 1188 x,

158 1194 285 1249 moreat
313 1188 456 1250 terminos
488 1190 638 1252 fenestrae
669 1192 758 1267 D„E
781 1191 816 1265 C,
836 1194 875 1265 A,
916 1223 949 1390 u:
985 1203 1010 1258 ,121

159 1366 335 1428 acuminata
358 1368 507 1428 manent
499 1388 527 1429 rn
547 1387 648 1443 causa,
673 1307 942 1431 circumductaul

159 1454 240 1516 enim
273 1456 437 1518 secundum
470 1457 739 1519 circumferentiam
764 1459 875 1538 figurae
946 1472 948 1476 ·
1003 1467 1036 1566 *X

159 1543 316 1604 fenestrae
340 1544 475 1607 scribunt
493 1554 524 1609 et
542 1545 610 1626 ipsa
630 1548 721 1608 talem
746 1547 874 1609 circum·
1002 1541 1021 1602 ’κ
1161 1551 1183 1618 κ’
1207 1545 1216 1554 ’

158 1632 323 1695 ferentium
336 1632 470 1706 ELKF,
495 1636 537 1696 nti
556 1654 639 1716 prop.
659 1644 748 1697 sexta
765 1639 873 1717 patuit.
1022 1609 1059 1684 Ὢ
1366 1665 1374 1678 ’

248 1719 340 1802 Prop·
363 1722 420 1784 xl.
466 1722 653 1786 Diameter·
685 1724 808 1787 Lunae
841 1726 874 1788 in
1055 1719 1148 1834 O
1170 1797 1188 1806 ἢ

157 1810 373 1890 hujusmodi
417 1811 521 1872 radio
565 1814 678 1876 minor
722 1825 876 1895 apparet

156 1917 261 1979 quam
288 1900 380 1962 foris
405 1902 439 1963 in
463 1902 578 1963 coelo.
616 1904 759 1964 Manente
781 1905 876 1984 figura

155 1987 250 2067 priori
274 1989 465 2050 continuetur
488 1989 574 2053 DAC
598 2000 799 2071 segmentum,
824 1994 948 2073 ejusque
979 1991 1081 2054 circuli
1111 1999 1246 2053 centrum
1271 1992 1297 2053 L
1321 2001 1517 2054 connectatur

155 2096 224 2139 cum
250 2075 292 2164 C,
314 2079 354 2152 A,
378 2077 415 2139 D.
464 2076 663 2142 Continuetnr
686 2080 776 2142 etiarn
800 2081 882 2144 DEC
914 2092 1100 2160 segmentum
1124 2100 1178 2159 per
1202 2082 1241 2149 N,
1266 2081 1388 2160 ejusque
1413 2081 1514 2142 circuli

156 2175 297 2228 centrum
320 2168 350 2229 A
374 2175 571 2230 connectatur
599 2189 666 2231 cum
690 2167 730 2243 C,
754 2170 794 2244 E,
819 2172 846 2231 D
870 2170 1008 2249 punctis,
1046 2180 1077 2231 et
1104 2170 1285 2250 producatur
1309 2170 1336 2229 in
1360 2169 1400 2243 K,
1426 2168 1464 2243 G,
1488 2169 1514 2231 1.

157 2253 235 2318 Corn
260 2274 335 2335 ergo
360 2254 474 2319 DECA
497 2276 552 2336 per
583 2258 771 2321 corollarium
804 2261 913 2321 tertiae
938 2260 980 2320 sit
1003 2270 1113 2321 exacta
1140 2260 1235 2338 ligura
1262 2258 1358 2338 partis
1382 2259 1419 2319 de
1443 2256 1514 2319 Sole

159 2344 321 2407 deficiente
351 2346 502 2421 residuae,
537 2348 701 2424 cujusmodi
725 2367 794 2409 uere
818 2350 848 2411 in
872 2349 956 2410 coelo
981 2357 1123 2429 apparet,
1155 2348 1280 2428 ideoque
1304 2346 1362 2409 LA
1386 2347 1424 2408 ad
1447 2346 1515 2416 AB,

161 2436 207 2496 rel
228 2433 289 2496 LD
314 2435 354 2495 ad
376 2433 450 2510 DA,
474 2436 521 2496 vel
546 2435 598 2499 LO
624 2438 662 2500 ad
688 2436 757 2513 CA,
783 2447 830 2499 est
854 2457 926 2501 vera
954 2438 1107 2519 proportio
1138 2437 1355 2499 dimetientium
1380 2434 1460 2497 Solis
1485 2444 1516 2497 et

163 2521 273 2586 Lunae.

244 2614 294 2675 At
318 2629 388 2672 vero
412 2631 479 2673 enm
502 2610 664 2675 lGllFBH
691 2615 732 2675 sit
764 2615 910 2694 ampliata
944 2615 1071 2696 nudique
1104 2614 1327 2675 senridiametro
1363 2614 1514 2675 fenestrae

155 2697 214 2764 EG
228 2701 280 2762 vel
296 2697 363 2773 GK,
388 2700 446 2762 due
470 2719 540 2781 ergo
565 2702 593 2763 in
617 2702 695 2764 idem
719 2714 908 2778 concurrunt,
933 2705 1027 2784 primo
1045 2703 1113 2778 AD,
1130 2703 1196 2775 An,
1217 2700 1272 2764 AC
1298 2702 1514 2764 semidiametri

156 2788 239 2852 Solis
263 2797 432 2868 augentur,
454 2791 585 2870 fiuntque
609 2791 664 2865 Al,
688 2790 766 2866 AG,
792 2794 861 2855 ΑΚ.
910 2793 1012 2864 Quare
1037 2794 1088 2865 (D.
1115 2794 1154 2864 V,
1179 2790 1214 2865 8)
1245 2792 1341 2871 major
1370 2799 1418 2853 est
1441 2810 1513 2871 pro·

155 2877 258 2959 portio
282 2879 330 2940 AI
359 2879 397 2939 ad
429 2879 485 2941 AL
515 2899 602 2959 quarn
626 2881 685 2942 AD
709 2883 746 2943 ad
772 2882 837 2943 AL.
884 2882 1002 2943 Deinde
1026 2882 1092 2950 LD,
1117 2881 1187 2952 LA,
1213 2878 1266 2943 LO
1298 2881 1514 2942 semidiametri

156 2968 265 3030 Lunae
289 2968 461 3030 minuuntur
483 2970 615 3050 fiuntque
639 2970 705 3045 Lll,
730 2970 793 3042 LB,
819 2971 871 3032 LF
894 2971 966 3032 item
999 2971 1159 3051 aequales,
1195 2970 1264 3050 quia
1295 2970 1434 3049 aequalia
1459 2970 1514 3031 de-

156 3067 289 3120 muntur.
339 3053 440 3127 Quare
471 3058 566 3137 major
588 3067 636 3119 est
664 3060 816 3139 proportio
840 3060 899 3121 AD
924 3061 962 3121 ad
986 3060 1041 3120 BL
1069 3078 1156 3139 qnam
1181 3060 1240 3120 AD
1264 3059 1303 3120 ad
1327 3060 1393 3134 AL,
1420 3059 1515 3138 major

157 3154 261 3209 autern
293 3144 350 3207 fuit
378 3154 410 3208 et
431 3147 476 3208 AI
501 3148 538 3207 ad
564 3147 619 3209 AL
651 3167 740 3227 quam
764 3148 822 3210 AD
847 3149 885 3210 ad
909 3149 986 3222 AL,
1017 3149 1111 3210 multo
1145 3149 1234 3229 igitur
1267 3150 1364 3230 major
1397 3156 1445 3209 est
1469 3148 1515 3209 AI

156 3236 386 3298 semidiameter
408 3234 490 3297 Solis
519 3236 549 3297 in
578 3236 661 3297 radio
691 3238 729 3298 ad
752 3238 807 3299 BL
839 3237 1094 3299 senridiarnetrnm
1118 3239 1144 3309 N
1171 3238 1199 3298 in
1224 3238 1308 3299 radio
1344 3257 1431 3319 qnam
1455 3236 1514 3298 AD

157 3324 387 3388 semidiameter
401 3321 440 3402 Θ
466 3325 494 3387 in
519 3326 603 3386 coelo
623 3326 660 3387 ad
679 3327 737 3387 AL
760 3326 1055 3398 semidiametrum)
1074 3327 1104 3389 in
1128 3327 1221 3388 coelo.
1259 3326 1343 3389 Haec
1367 3326 1514 3407 inaequa-

157 3415 232 3477 litas
256 3413 419 3477 admodum
443 3423 491 3476 est
515 3414 675 3488 sensibilis,
703 3415 771 3495 quia
794 3417 929 3479 fenestra
954 3417 1015 3477 fere
1039 3416 1201 3477 assumitur
1226 3415 1302 3477 satis
1326 3415 1438 3494 ampla.

249 3503 341 3584 Prop.
356 3503 428 3565 XII.
466 3502 582 3584 Digiti
606 3505 772 3584 ecliptici
793 3506 990 3585 pauciores
1014 3514 1201 3584 apparent
1219 3505 1252 3564 in
1277 3504 1381 3565 radio
1407 3522 1513 3582 qnam

157 3593 191 3656 in
216 3593 335 3656 coelo.
384 3589 582 3655 Continuetur
610 3594 687 3654 enim
713 3594 741 3654 in
774 3595 928 3655 schemate
956 3594 1046 3674 priori
1077 3601 1262 3673 segmentum
1290 3591 1368 3654 IGK
1392 3610 1446 3670 per
1470 3592 1509 3653 M.

158 3679 237 3745 Cum
261 3701 336 3762 ergo
359 3681 416 3743 EN
439 3683 476 3743 ad
500 3681 560 3744 NA
584 3681 625 3742 sit
647 3685 798 3762 proportio
832 3682 971 3745 diametri
996 3682 1077 3744 Solis
1102 3684 1139 3744 ad
1165 3689 1281 3763 partem
1316 3681 1511 3750 deficientem,

157 3770 224 3834 GM
246 3790 320 3833 rere
345 3771 387 3832 sit
409 3771 525 3832 auctior
549 3791 638 3851 quam
659 3771 715 3834 EN
739 3772 853 3835 duabus
878 3771 1110 3834 semidiarnetrie
1136 3772 1295 3845 fenestrae,
1320 3768 1377 3831 EG
1394 3777 1425 3830 et
1438 3769 1518 3844 Nlll,

157 3861 257 3924 minor
280 3869 328 3923 est
351 3878 422 3940 ergo
446 3860 599 3941 proportio
623 3861 681 3922 NA
706 3861 744 3923 ad
767 3860 842 3937 ΜΘ,
867 3880 1021 3943 qnam
975 3861 1170 3923 NAadNE
1210 3858 1271 3922 Sed
1296 3860 1355 3922 NA
1379 3858 1514 3939 aequalis

158 3959 207 4012 est
231 3949 304 4021 ΜΒ,
328 3957 491 4030 propterea
514 3950 583 4029 quin
606 3949 662 4012 AB
687 3952 798 4012 etMN
822 3951 973 4030 aequales,
1000 3950 1094 4011 minor
1117 3959 1166 4011 est
1189 3969 1260 4029 ergo
1284 3948 1439 4029 proportio
1454 3948 1513 4010 ΜΒ
1605 3965 1610 3977 ·

157 4040 258 4125 partis
284 4039 321 4101 de
344 4037 429 4101 radio
454 4038 619 4099 deficientis
644 4038 682 4099 ad
697 4039 760 4102 ΜΘ
786 4041 962 4102 diametrum
987 4039 1061 4100 radii
1087 4058 1203 4119 quam
1190 4039 1251 4101 NA
1273 4038 1370 4119 partis
1390 4037 1427 4097 de
1442 4034 1514 4097 Sole

157 4128 327 4192 deficientis
351 4129 390 4190 ad
414 4127 471 4191 NE
501 4128 679 4189 diametrum
704 4127 803 4191 Solis.
838 4129 926 4208 idque
951 4148 1042 4208 saepe
1076 4136 1184 4209 quarta
1207 4128 1254 4190 rel
1288 4127 1381 4189 tertia
1415 4132 1512 4204 parte,

158 4237 212 4296 pro
237 4218 436 4298 amplitudine
462 4218 622 4279 fenestrae.
