3692 5842
380 470 445 539 746
698 518 702 532 .
856 473 896 524 De
915 474 995 525 Stella
1011 474 1084 526 nm
1101 473 1252 539 Serpentarti

380 659 515 709 terantur.
545 655 645 724 Itaque
665 660 696 706 et
715 666 806 723 aquae
826 653 990 707 benedictae
1008 669 1088 707 usum
1107 658 1138 707 et
1150 652 1300 726 imaginum
1313 659 1344 706 et
1356 651 1575 708 maximoe
1587 668 1733 726 grmn-

379 743 410 788 et
430 750 570 789 cereorum
589 741 620 787 et
640 734 793 802 palmarum
814 741 845 787 et
864 742 1026 797 ceterorum,
1048 749 1119 804 quae
1138 733 1257 787 ecclesia
1276 740 1375 788 sauma
1395 733 1501 804 probat
1519 749 1556 788 sc
1576 732 1735 804 cquae

379 814 542 907 neophytis,
569 830 701 884 perquam
726 819 889 883 oportunum
910 831 972 868 esse
993 814 1045 867 sibi
1071 816 1261 885 persuadeant
1284 815 1458 877 sacerdotes,
1480 821 1570 884 atque
1593 829 1632 867 ea
1651 814 1736 868 onnia

380 896 407 949 in
429 894 602 948 concionibus
623 893 804 986 popularibus
824 893 918 950 multis
932 894 1061 948 laudibus
1082 902 1292 966 prosequantur,
1314 900 1409 964 utpro
1423 894 1515 947 veteri
1537 892 1735 964 superstitione

378 974 456 1028 novis
477 972 670 1045 religiosisque
691 973 778 1045 signis
799 972 917 1029 imbutos
940 973 1136 1029 assuefaciant.
1164 974 1210 1029 lta
1228 975 1322 1029 fietnt
1334 973 1498 1029 melioribus
1519 980 1611 1045 etque
1625 973 1734 1047 elegun-

379 1054 496 1108 tioribus
517 1055 659 1125 occupati,
689 1054 843 1110 obsoletam
870 1062 964 1109 sectae
985 1071 1052 1110 sune
1078 1043 1307 1146 superstitionem
1323 1055 1357 1108 dc
1381 1053 1514 1108 msm'bus
1533 1069 1573 1108 ac
1593 1056 1631 1108 de
1650 1061 1734 1108 ιιιιι

379 1145 528 1214 deponant
571 1133 656 1195 Haec
678 1133 777 1194 Acost
764 1141 822 1194 t.us
870 1132 987 1204 Quodsi
1017 1133 1085 1214 quis
1112 1133 1177 1212 jam
1207 1133 1493 1196 Mahumetanorum
1515 1139 1550 1193 et
1577 1134 1734 1235 praecipue

276 1273 280 1281 .
378 1222 564 1286 Judaeorum
588 1221 698 1296 studia,
721 1221 769 1283 his
792 1222 934 1284 Indomm
958 1241 973 1283 e
996 1222 1143 1284 diametro
1167 1223 1320 1285 contraria
1345 1220 1564 1304 perpenderit:
1595 1222 1626 1283 is
1654 1222 1734 1283 facile

379 1311 546 1386 concludet,
571 1310 730 1373 contrariis
754 1311 846 1372 etiam
864 1310 1006 1373 remediis
1029 1310 1213 1374 invitatum
1203 1312 1259 1388 rri;
1282 1310 1460 1396 acproinde
1484 1310 1633 1392 exemplo
1652 1329 1733 1391 snpn

379 1399 460 1462 dicto
485 1400 654 1490 Gothorum
686 1400 830 1462 facillime
861 1400 992 1462 omnium
1022 1399 1060 1461 ad
1090 1400 1340 1492 antitrinitarios,
1371 1407 1445 1484 post
1474 1398 1516 1461 ad
1549 1397 1733 1501 Arianw)

379 1498 443 1552 tum
466 1490 505 1550 ad
529 1485 665 1552 saniores
689 1498 758 1551 coet
759 1510 794 1551 us
745 1489 1065 1564 tChristianorum‚
1089 1489 1219 1552 maxime
1241 1473 1340 1571 siper
1361 1509 1417 1551 nos
1440 1487 1644 1551 ceremonias
1665 1488 1733 1569 legis

379 1598 452 1640 suae
483 1578 613 1640 retinere
636 1587 763 1659 possent
786 1577 831 1651 (i.
857 1578 927 1641 Cor.
954 1579 984 1653 7,
1007 1597 1088 1640 vers.
1116 1577 1191 1641 17
1183 1598 1214 1641 ιι
1234 1574 1302 1655 24),
1325 1578 1444 1641 traduci
1477 1595 1596 1659 posse:
1629 1577 1668 1640 ad
1688 1577 1733 1640 illa

378 1686 450 1728 vero
473 1666 558 1729 Indis
580 1668 736 1748 proposita
757 1668 891 1730 remedia
913 1668 965 1729 vix
987 1687 1117 1747 unquam
1137 1675 1345 1749 perventuros.
1381 1666 1466 1739 Quid
1493 1667 1521 1729 si
1548 1686 1628 1748 ergo
1648 1669 1733 1740 Deus,

377 1755 428 1817 uhi
452 1755 611 1818 convenire
634 1777 690 1818 nos
712 1758 863 1839 Europaei
886 1776 946 1818 nou
968 1775 1130 1839 possumus
1154 1756 1350 1838 expertibus
1379 1765 1547 1838 tantopere
1573 1756 1732 1837 confligen-

377 1844 479 1919 tibus,
513 1846 627 1908 alteros
651 1847 690 1907 ad
712 1846 819 1920 Indos,
854 1846 968 1908 alteros
992 1847 1031 1907 ad
1054 1848 1169 1908 Turcas
1201 1846 1341 1925 ableget,
1374 1845 1424 1907 vel
1451 1845 1520 1924 jam
1555 1853 1632 1908 ante
1659 1855 1733 1906 certo

379 1934 506 1996 consilio
540 1937 682 2017 utrosque
720 1944 915 1997 conservatos
952 1937 1066 1997 alteros
1098 1936 1137 1996 ad
1172 1935 1375 2009 occidentem,
1413 1933 1537 1997 alteros
1572 1935 1673 2015 magis
1700 1933 1732 1996 sd

378 2024 524 2085 orientem
547 2023 718 2100 collocavit,
742 2033 776 2086 ut
789 2025 865 2087 locis
885 2024 1002 2087 divisae
1025 2024 1152 2087 invicem
1174 2024 1311 2086 mordere
1327 2031 1359 2085 et
1373 2041 1560 2085 consumere
1584 2024 1731 2096 desinant

378 2121 410 2176 et
432 2112 584 2194 quaelibet
607 2113 707 2175 sinon
723 2114 780 2176 sibi
805 2115 914 2176 saltem
936 2113 1077 2194 gentibus
1093 2113 1130 2175 ab
1147 2113 1276 2176 ccclesia
1297 2112 1420 2195 penitus
1443 2112 1562 2175 alienis
1586 2112 1732 2193 proiciat?

465 2201 536 2264 Jam
559 2202 638 2284 quod
669 2202 781 2265 attinet
812 2204 961 2265 factiones
985 2202 1225 2266 Christianorum
1248 2202 1326 2264 iuter
1349 2221 1398 2276 se,
1431 2201 1565 2281 longum
1599 2211 1681 2264 esset
1700 2220 1730 2261 ιι

376 2291 562 2373 Apocalypsi
585 2293 623 2354 D.
647 2293 795 2367 Joannis,
826 2313 865 2355 er
891 2293 1040 2373 propheta
1062 2292 1207 2367 Daniele,
1241 2311 1278 2352 ex
1308 2291 1391 2352 vitae
1416 2289 1541 2354 Christi
1567 2291 1730 2354 &neom

377 2381 547 2461 aenigmate
569 2381 715 2461 proferre,
739 2382 810 2463 quid
834 2401 968 2465 quaeque
987 2402 1045 2463 pro
1069 2402 1102 2443 se
1118 2382 1268 2461 disputet:
1292 2379 1442 2462 quomodo
1467 2399 1619 2443 numeros
1640 2381 1672 2444 in
1689 2379 1729 2442 ιιι

376 2470 545 2554 prophetiis
578 2490 740 2552 expressos
771 2471 942 2552 applicent;
973 2472 1120 2553 quomodo
1152 2469 1374 2533 Antichristum
1397 2489 1417 2530 a
1440 2468 1577 2532 Christo
1601 2479 1634 2531 et
1653 2473 1729 2551 Apo-

379 2560 468 2624 stolis
499 2559 686 2641 praedictum
717 2560 806 2623 alteri
830 2561 928 2623 adhuc
951 2566 1144 2641 exspectent,
1177 2559 1266 2621 alteri
1291 2560 1356 2639 jam
1386 2559 1514 2620 venisse
1543 2559 1728 2621 contendant

376 2650 521 2730 Utrisque
546 2669 619 2711 sane
643 2650 774 2731 suspicio
799 2650 901 2733 aliqua
917 2669 955 2712 ex
969 2651 1027 2711 hac
1047 2649 1137 2712 stella
1153 2646 1282 2712 suboriri
1304 2647 1422 2729 possit;
1448 2646 1526 2722 illis,
1542 2647 1728 2719 Antichristi,

377 2740 426 2820 his
459 2738 554 2819 ipsius
577 2738 695 2801 Judicis
727 2740 863 2801 vivorum
886 2748 917 2801 et
944 2747 1128 2801 mortuorum
1160 2737 1352 2799 imminentis.
1399 2737 1442 2798 Et
1471 2736 1547 2817 quia
1572 2736 1728 2801 Christiani

377 2836 486 2911 poetae
510 2828 709 2890 traduxerunt
739 2829 864 2909 effigiem
887 2827 1076 2910 Serpentarii
1099 2828 1138 2889 ad
1161 2828 1235 2889 illud
1266 2844 1368 2889 semen
1396 2825 1557 2898 mulieris,
1582 2837 1729 2889 conterens

379 2924 469 2999 caput
500 2917 666 2997 serpentis:
697 2917 821 2979 videant
847 2917 940 2998 igitur
968 2937 1092 2999 quorum
1114 2917 1190 2979 haec
1213 2924 1262 2977 est
1282 2914 1452 2996 professio,
1484 2915 1641 2996 quomodo
1662 2934 1729 2977 nora

378 3008 455 3069 haec
483 3005 573 3068 stella
602 3006 673 3088 pedi
701 3006 767 3087 ejus
798 3007 960 3089 posteriori
989 3026 1043 3087 pro
1074 3006 1196 3067 stimulo
1230 3005 1335 3066 addita
1368 3003 1562 3083 allegatione
1593 3005 1728 3067 dictorum

379 3096 567 3176 scripturae,
590 3097 771 3177 praesertim
792 3097 920 3177 Apocal.
950 3093 1000 3158 12.
1027 3104 1058 3157 et
1081 3093 1134 3158 20.
1156 3094 1280 3176 pulchre
1304 3093 1453 3175 explicari
1476 3093 1604 3174 possit;
1633 3093 1730 3156 summ

379 3205 541 3247 monuisse.
1148 3247 1154 3260 ,

468 3275 556 3347 Quod
581 3275 672 3354 igitur
695 3275 805 3336 attinet
829 3275 992 3335 salutarem
1017 3273 1101 3334 iilum
1126 3271 1319 3353 omnibusque
1343 3290 1415 3332 vere
1441 3270 1635 3335 Christianis
1657 3269 1727 3333 desi

379 3364 601 3426 deratissimum
635 3372 666 3425 et
703 3364 903 3425 certissimum
941 3365 1102 3423 adventum
1135 3361 1256 3424 Domini
1293 3361 1391 3421 nostri
1428 3362 1506 3422 Jesu
1548 3362 1667 3425 Christi
1699 3360 1728 3420 ιιι

256 3471 260 3483 ’
378 3454 530 3517 Judicium
554 3463 585 3516 et
608 3454 893 3514 consummationem
917 3453 1028 3513 seculi:
1054 3451 1300 3531 quemadmodum
1321 3448 1415 3530 aliqui
1440 3450 1601 3528 trigonum
1625 3453 1728 3531 igneum

380 3544 555 3606 redeuutem
588 3544 654 3623 ejus
685 3543 803 3621 signum
829 3562 897 3604 esse
926 3542 1080 3615 dixerunt,
1113 3548 1261 3619 utsupra
1289 3539 1421 3600 dictum:
1448 3539 1496 3599 ita
1518 3560 1583 3601 non
1608 3542 1728 3604 deerunt

379 3633 429 3714 qui
463 3634 583 3695 stellam
615 3633 692 3693 hanc
725 3632 859 3711 ejusdem
890 3632 1005 3692 faciant
1032 3628 1263 3711 praenunciam3
1297 3628 1466 3689 confirmati
1496 3628 1555 3689 illa
1589 3647 1728 3710 magorum

380 3723 486 3794 stella,
518 3741 592 3802 quae
624 3721 751 3801 primurn
784 3721 898 3783 Christi
931 3721 1093 3780 aduentum
1125 3726 1343 3799 praecesserat.
1392 3718 1533 3789 (tuorum
1568 3720 1728 3800 religiosus

379 3813 519 3873 affectum
542 3812 640 3873 minus
669 3830 740 3871 sane
771 3811 973 3891 reprehendo,
1004 3828 1092 3890 quam
1122 3808 1255 3889 priorum
1284 3807 1404 3868 illorum
1437 3806 1669 3881 curiositatem,
1690 3827 1728 3886 qu:

379 3920 443 3962 rem
468 3901 544 3962 citra
567 3900 805 3961 controversiam
835 3899 1002 3961 naturalem
1027 3897 1146 3958 adhoc
1170 3897 1398 3977 supernaturale
1422 3915 1500 3975 opus
1526 3896 1728 3959 accommode

344 4047 352 4068 ,
377 3989 461 4052 baut
501 3990 562 4053 Cur
586 3990 663 4050 enim
687 3990 903 4069 reprehendam
928 4009 990 4063 eos,
1015 4008 1064 4068 qur
1056 3986 1238 4049 Christum
1251 3985 1413 4047 Dominum
1437 3985 1612 4062 imitantur,
1631 3987 1728 4067 jubea-

379 4089 439 4141 tem
464 4098 534 4140 suos
558 4079 712 4140 auditores
743 4078 884 4158 uigilare,
916 4078 995 4157 quod
1019 4076 1157 4138 nesciant
1180 4096 1238 4155 qua
1260 4075 1336 4136 hora
1364 4083 1513 4136 venturus
1539 4074 1599 4151 sit,
1631 4072 1728 4166 quial

380 4188 466 4231 omne
483 4168 600 4248 signum
619 4168 763 4241 coeleste,
786 4176 941 4240 terrestre,
965 4167 1044 4267 quod
1059 4165 1212 4225 hominurn
1228 4164 1345 4225 animus
1369 4163 1571 4226 uehementer
1594 4155 1728 4247 percellit

384 4258 554 4338 exspectari
579 4257 616 4319 ab
638 4255 808 4318 hominibus
831 4256 936 4329 ιιιιιι,
960 4256 1018 4335 piis
1042 4264 1076 4315 ut
1098 4254 1251 4324 liberator,
1274 4252 1400 4314 nefariis
1423 4262 1460 4314 ut
1476 4274 1610 4316 seuerus
1628 4251 1729 4335 judu

380 4348 422 4409 Et
444 4356 544 4408 tamen
567 4347 677 4408 alicubi
701 4356 818 4425 tempus
842 4330 964 4426 aliquod
989 4343 1148 4420 interjecit,
1173 4343 1261 4421 signu
1279 4342 1391 4421 posuit,
1415 4350 1488 4403 ante
1513 4364 1597 4424 quae
1621 4366 1677 4409 non
1697 4343 1729 4402 m

380 4436 439 4498 hoc
461 4437 600 4497 futurum.
650 4436 739 4506 Quod
762 4445 916 4515 utrumque
948 4434 1081 4494 imitatus
1105 4434 1213 4492 estD.
1238 4431 1367 4504 Paulus,
1396 4433 1537 4508 gentium
1562 4433 1728 4515 Apostoln

380 4526 478 4589 Sedt
466 4534 566 4587 tamen
598 4525 728 4586 monitos
757 4525 825 4584 volo
857 4524 1060 4596 considerent,
1093 4541 1152 4584 non
1181 4521 1270 4599 plane
1304 4531 1419 4580 certum
1444 4540 1516 4582 esse
1550 4544 1624 4586 num
1655 4523 1731 4585 stau

380 4617 454 4677 haec
479 4617 520 4676 sit
543 4636 616 4695 opus
640 4623 764 4674 naturae
793 4616 874 4685 (oum
899 4614 963 4693 jam
993 4613 1107 4692 aliquot
1138 4609 1309 4687 hujusmodi
1343 4610 1472 4683 fuerint)
1497 4633 1538 4673 nn
1566 4613 1664 4693 ipsius
1683 4611 1730 4675 Del

381 4704 601 4777 immediatum,
633 4703 721 4763 ιιι
708 4723 797 4781 supra
831 4704 951 4763 dictum.
999 4705 1103 4781 itaquo
1132 4697 1344 4777 judiciumuc
1375 4701 1730 4780 praecipitemus:

383 4793 567 4857 Christum
560 4794 658 4853 inritat
661 4793 758 4852 icum
781 4793 950 4872 ripostolis.
998 4790 1113 4852 Deinde
1138 4796 1205 4848 utar
1233 4798 1410 4866 argumento
1434 4790 1599 4870 Tychonis
1624 4791 1730 4855 lirnhei.

382 4904 574 4914 —-..--—-
595 4907 610 4912 .-

470 4952 497 5023 )
520 4954 609 5009 ltahbi
630 4955 733 5022 J0s‹ph
756 4956 838 5018 Alba,
861 4954 935 5005 circa
955 4969 1053 5006 annum
1076 4951 1178 5005 Christi
1203 4949 1287 5004 1425.
1309 4950 1466 5018 composuit
1487 4952 1731 5009 librumlkknut

384 5034 429 5105 qui
449 5037 548 5090 multos
571 5036 606 5088 ad
626 5034 809 5088 Arianismum
830 5034 968 5104 perduxit.
