3692 5842
241 457 308 525 tlt
838 459 868 510 ¹⁰
890 457 1008 525 opem

241 655 324 711 quam
343 654 404 693 cum
425 637 517 693 abiret
538 640 574 691 ab
594 637 671 707 ipsis.
713 637 789 690 Tunc
813 638 885 690 enim
916 645 1027 691 tantum
1053 637 1092 691 23
1112 638 1187 691 horis
1217 643 1381 702 menni,
1411 638 1459 692 hic
1484 638 1599 708 ampliu

242 720 428 775 3meusihus.
475 718 552 772 Nihil
582 718 635 771 huc
667 716 736 770 iacit
765 718 861 769 eadem
890 718 1037 788 utrobique
1067 718 1187 772 altitudo
1216 718 1458 789 crepusculorum,
1492 733 1601 789 quom

240 800 359 854 materia
379 800 453 852 sicca
474 804 504 851 et
529 798 632 850 humida
651 805 710 860 est,
732 814 786 849 non
812 797 1007 851 roh-actionem
1026 799 1075 850 sed
1096 799 1318 854 obscurationem
1338 803 1370 852 et
1388 798 1600 853 occultationem

241 895 378 942 causam
400 885 433 933 ut
453 886 569 940 taceam,
592 878 663 947 quod
684 877 758 930 intro
772 876 811 929 24
826 876 908 931 horas
930 887 1076 948 utrumque
1097 895 1184 948 penes
1199 896 1250 933 nor
1270 877 1379 942 accidit,
1402 877 1461 933 illic
1481 878 1600 940 minim

241 976 327 1032 quare
348 977 399 1013 uec
420 961 453 1012 de
475 957 530 1012 illis
552 957 642 1011 dicere
663 964 752 1027 potes,
775 957 820 1027 qui
842 964 973 1027 autoptes
995 976 1050 1012 non
1070 958 1157 1014 fuisti.

330 1039 368 1093 Et
388 1039 453 1110 quid
472 1038 588 1092 multis?
622 1038 755 1108 Equidem
786 1054 840 1090 nou
862 1039 997 1102 aberrem,
1019 1038 1043 1092 si
1064 1035 1137 1092 50*
1158 1047 1209 1092 aut
1228 1037 1301 1093 40¹0·
1321 1038 1412 1094 dium
1439 1039 1600 1108 exsuperni

240 1120 413 1190 superficiem
428 1119 502 1172 aeris
517 1119 708 1172 refractoriam
722 1125 751 1169 et
766 1118 903 1171 humidam
913 1134 932 1171 a
942 1135 1048 1172 somma
1061 1120 1284 1188 crepusculum
1297 1118 1434 1174 materiae
1448 1119 1600 1174 alu'tudiue.

330 1220 373 1271 De
395 1216 478 1270 claris
500 1218 596 1269 diebus
618 1223 646 1268 te
669 1215 742 1284 loqui
764 1214 824 1276 ais;
853 1223 884 1267 at
905 1215 956 1267 uisi
985 1216 1104 1269 fuissent
1125 1216 1162 1270 ibi
1185 1215 1346 1269 multifera
1364 1215 1438 1269 clari
1458 1215 1537 1278 dica,
1558 1217 1600 1268 sed

241 1306 377 1368 perpetuo
398 1296 504 1367 ningidi
526 1303 556 1349 et
576 1294 711 1357 nebulosi,
734 1295 805 1363 quod
826 1293 944 1347 historia
964 1303 1095 1360 testatur,
1118 1295 1249 1350 retractio
1270 1301 1354 1350 tanta
1372 1311 1430 1349 non
1448 1295 1560 1350 {uiaret

329 1378 424 1432 hlovet
445 1384 474 1429 et
495 1376 657 1447 magnitudo
680 1375 719 1428 5⁰.
758 1379 797 1427 At
818 1375 1009 1429 Rothmannus
1032 1378 1169 1431 Venerem
1198 1375 1310 1449 integro
1335 1376 1426 1430 horae
1453 1377 1602 1447 quamue

240 1459 337 1513 eodem
358 1459 417 1511 loco
439 1456 556 1510 haerere
578 1456 646 1508 vidit
660 1455 688 1507 iu
701 1454 812 1508 Hassia
842 1455 1007 1510 hlaestlinus
1029 1455 1056 1509 io
1078 1455 1175 1526 eclipsi
1195 1457 1304 1512 Lunam
1323 1455 1394 1510 vidit
1412 1453 1447 1510 2⁰
1470 1455 1602 1511 elevatam

241 1539 348 1593 oriente
368 1537 433 1593 Sole
454 1543 485 1589 et
512 1536 639 1589 similiter
659 1535 751 1588 Solem
772 1533 805 1587 2⁰
826 1535 967 1589 elevatum
994 1536 1135 1591 occidente
1155 1537 1246 1590 Luna.
1287 1537 1332 1590 Dc
1358 1536 1524 1592 borealibus
1544 1553 1602 1591 vero

242 1618 449 1673 Groenlandiao
471 1616 568 1670 scribit
587 1615 678 1668 nescio
701 1615 769 1684 quis,
792 1615 909 1669 nebulas
924 1616 962 1670 ibi
980 1617 1104 1671 existere
1124 1624 1254 1671 rorantes
1267 1616 1358 1689 guth'a
1371 1625 1432 1672 tam
1445 1619 1601 1689 grandibus

243 1707 276 1752 ut
298 1697 446 1751 enunciare
467 1713 522 1749 uon
543 1696 640 1749 ausim.
668 1696 713 1748 lta
733 1695 784 1747 tibi
799 1702 846 1749 sat
859 1697 923 1749 hinc
944 1697 1197 1751 verisimilitudinis.
1226 1696 1286 1750 Nec
1305 1697 1391 1750 aliam
1412 1713 1478 1750 essa
1499 1711 1602 1752 oausam

243 1783 369 1832 testatur
389 1776 562 1846 sequentium
583 1776 688 1829 dierum
709 1775 840 1837 historia,
863 1792 923 1829 cum
946 1778 1029 1848 longe
1051 1778 1114 1847 plus
1136 1776 1268 1847 temporis
1289 1777 1500 1846 praeteriisset,
1529 1794 1603 1850 quam

242 1874 294 1928 pro
316 1858 427 1911 tantulo
449 1864 599 1927 augmento
620 1855 811 1909 declinationis
833 1857 960 1926 aprima
981 1857 1174 1927 apparitione;
1196 1856 1244 1912 sot
1266 1863 1372 1919 tamem
1391 1857 1455 1927 jam
1478 1873 1602 1930 raporum

241 1938 334 1991 densis
356 1936 490 2007 superior,
512 1937 656 2006 pristinam
678 1937 841 1989 monstrosis
857 1936 914 2005 poli
937 1937 1120 2003 altitudinem,
1143 1953 1214 2009 quae
1229 1936 1283 1990 tols
1297 1943 1364 1991 ante
1383 1938 1602 1994 comitatiorem.

330 2036 374 2089 De
388 2034 526 2088 montanis
541 2050 640 2087 noram
654 2033 719 2086 mihi
734 2033 811 2087 litem
826 2052 927 2091 mores.
965 2040 1063 2106 (comp.
1083 2042 1139 2092 Vol.
1159 2042 1181 2091 1.
1199 2057 1224 2105 p.
1245 2037 1319 2101 327.)
1357 2035 1430 2097 Quid
1444 2037 1499 2090 tibi
1514 2037 1600 2092 aridae

245 2124 311 2171 suut
331 2116 386 2169 hae
407 2115 556 2186 regiones?
578 2114 654 2168 Unde
676 2130 745 2183 ergo
766 2123 809 2167 tot
828 2115 963 2170 fluminet
983 2116 1022 2169 Et
1041 2117 1114 2170 nude
1134 2118 1235 2170 vadum
1248 2115 1275 2169 in
1297 2115 1437 2170 altissimo
1458 2118 1602 2178 caumas,

240 2196 295 2251 uisi
317 2213 368 2265 per
387 2195 613 2264 evaporationem
634 2193 758 2248 marinae
780 2195 853 2248 intua
874 2196 902 2249 in
928 2197 1015 2250 Terra
1034 2196 1165 2249 facultati
1184 2196 1336 2266 vegetandi
1356 2202 1535 2251 concoctut
1564 2202 1601 2250 an

241 2285 272 2331 tu
294 2292 383 2347 negas
404 2275 471 2329 mibi
492 2290 589 2328 nasum
609 2291 672 2327 esse
694 2274 832 2329 humidum
853 2283 1012 2346 propterea,
1034 2278 1106 2346 quod
1127 2284 1235 2330 tautum
1257 2291 1349 2345 aquae
1368 2293 1426 2330 non
1445 2277 1486 2331 sit
1504 2277 1533 2331 in
1550 2293 1602 2330 meo

242 2373 368 2427 corpore,
391 2362 524 2425 quantum
545 2353 573 2407 in
594 2355 700 2408 situla?
737 2355 789 2409 Ubi
810 2371 915 2425 quaeso
942 2358 1005 2426 plus
1030 2355 1257 2426 evaporationisl
1291 2357 1337 2410 nb
1356 2356 1440 2428 igne,
1463 2373 1484 2411 a
1502 2357 1603 2418 ioco.a

242 2437 338 2489 calore
360 2444 405 2489 est
426 2435 601 2505 evaporatio,
624 2453 678 2488 uon
699 2442 807 2489 tantum
823 2452 840 2489 a
854 2438 980 2490 materia.
1009 2437 1079 2490 Esse
1098 2437 1177 2490 vohis
1199 2436 1310 2490 crebros
1331 2451 1453 2508 vapores
1471 2439 1509 2492 ad
1529 2438 1603 2492 litera

243 2518 333 2580 medo,
355 2516 481 2587 equidem
504 2517 583 2568 video
604 2518 639 2569 ad
659 2516 790 2570 bleldam.
832 2517 920 2569 sthi
949 2517 1004 2570 cito
1034 2517 1231 2586 dispelluntur‚
1258 2516 1287 2571 hi
1318 2516 1520 2574 refractionem
1548 2535 1601 2572 eca-

245 2603 368 2651 rtantem
389 2614 444 2650 ooo
466 2596 580 2650 iaciunt.
623 2595 808 2650 Meministine
829 2613 866 2650 ex
888 2597 1019 2667 Tychona
1047 2597 1152 2660 audire,
1179 2595 1268 2652 minus
1289 2595 1335 2652 hic
1354 2615 1419 2652 ease
1439 2600 1601 2654 undula

243 2694 326 2749 quam
347 2676 374 2730 in
396 2675 485 2730 medio
507 2676 579 2730 freto
601 2675 736 2730 Cimbrico
757 2675 839 2745 inque
859 2677 981 2732 Hueuua
1001 2683 1071 2731 suat
1098 2679 1198 2748 ltaque
1218 2694 1274 2734 uou
1299 2687 1377 2733 terra
1402 2696 1443 2734 ea
1463 2681 1601 2738 nuath.

243 2760 292 2812 aed
313 2758 411 2811 humor
431 2764 569 2826 evaporat
582 2756 671 2810 mixte
685 2756 784 2825 spiritu
799 2757 949 2820 metallico,
971 2758 1167 2827 sulphuraceo,
1188 2758 1346 2830 oleaginea,
1367 2759 1417 2829 qui
1437 2759 1469 2814 ia
1489 2761 1601 2814 udan

243 2839 364 2907 erumpit
383 2843 413 2890 et
433 2836 588 2891 chasmate.

332 2918 418 2970 Porro
439 2918 518 2969 iidem
539 2916 743 2970 itinerariorum
764 2925 895 2970 teneras.
936 2921 979 2973 ad
1000 2918 1087 2971 litora
1105 2932 1175 2971 saue
1196 2917 1360 2988 navigatur,
1388 2917 1415 2972 in
1438 2918 1599 2988 planitiebus

243 2996 397 3058 habitatur,
419 2998 454 3049 ad
475 3003 608 3050 montana
629 2997 828 3050 mercatoribus
849 2999 1016 3052 ascenditur.
1051 2998 1204 3051 Testantur
1224 3005 1319 3052 tamen
1339 3003 1370 3051 et
1389 2998 1520 3054 hodierni
1539 2999 1597 3071 phy·

245 3078 304 3139 sici,
327 3085 365 3139 et,
389 3094 423 3130 ne
445 3077 550 3129 frustra
565 3077 598 3128 de
617 3077 669 3130 hoc
690 3077 853 3146 glorientur,
870 3077 999 3148 antiquus
1014 3077 1124 3140 Strabo,
1140 3078 1309 3132 incrementa
1322 3077 1389 3141 Nili,
1410 3079 1460 3133 ubi
1475 3089 1600 3152 perpetua

244 3158 397 3219 serenitas,
431 3173 449 3210 a
479 3156 615 3209 continuis
645 3157 747 3226 pluviis
777 3174 839 3210 esse
865 3157 891 3209 in
913 3159 1010 3213 Lunae
1040 3158 1178 3211 montibus
1209 3160 1244 3211 ad
1274 3158 1410 3213 interiora
1432 3160 1598 3231 Aethiopiae.

242 3236 454 3307 Theophrastus
476 3253 542 3290 vero
563 3254 622 3289 curo
644 3236 796 3291 Aristotele
817 3235 862 3289 hic
882 3255 1050 3293 communem
1072 3238 1213 3308 cumipse
1235 3246 1334 3294 narrat
1354 3238 1496 3306 fabulam,
1524 3242 1597 3295 ntes

242 3320 361 3387 desuper
383 3335 419 3372 ex
441 3317 516 3371 aseris
537 3319 654 3387 coagulo
676 3318 807 3370 existere.
1341 3383 1348 3398 ι

332 3397 402 3460 Quid
423 3416 478 3469 ego
500 3397 551 3451 tibi
573 3398 683 3450 dicam?
713 3399 790 3459 Quod
812 3415 861 3451 nos
883 3404 976 3451 aerem
997 3398 1123 3460 dicimus,
1152 3398 1212 3451 sine
1233 3416 1287 3468 quo
1308 3406 1365 3452 tam
1385 3416 1442 3453 nou
1465 3416 1597 3470 possus

241 3479 363 3534 retinere
384 3480 521 3548 spiritum,
544 3494 623 3547 quam
638 3495 692 3531 non
713 3486 828 3546 possent
849 3479 939 3547 pisces
961 3493 1036 3549 aqna
1053 3494 1106 3531 sua
1127 3494 1232 3541 carere,
1256 3479 1282 3531 id
1296 3495 1366 3549 ergo
1379 3497 1437 3534 noa
1451 3491 1597 3536 estraatae

243 3559 412 3622 altitudinis,
444 3567 476 3612 nt
497 3559 588 3611 omnia
609 3558 739 3611 montium
761 3559 905 3612 cacumina
935 3565 1057 3627 superet.
1099 3559 1190 3612 Extat
1210 3560 1306 3621 Atlas,
1329 3561 1481 3630 Olympus,
1513 3570 1542 3616 et
1558 3563 1598 3615 ille

241 3640 314 3693 inter
333 3643 450 3702 Azoras,
473 3639 558 3692 Culus
579 3640 681 3690 Terrae
702 3639 801 3692 dictus.

333 3720 374 3771 Tu
395 3719 510 3772 fabulae
533 3725 710 3787 praetextum
732 3717 842 3788 quaeris
857 3719 894 3770 ab
909 3727 1048 3771 astrorum
1069 3718 1240 3787 operatione,
1261 3733 1332 3788 qnae
1347 3720 1508 3790 propiorem
1524 3721 1598 3775 hahet

243 3805 347 3853 adrem.
391 3799 521 3851 Edissere
542 3799 606 3851 mihi
628 3798 801 3869 elegantule,
826 3805 931 3868 quanto
952 3799 1065 3868 propior
1086 3815 1140 3868 ego
1155 3815 1215 3852 sum
1228 3798 1292 3852 lixis
1314 3815 1397 3870 quam
1419 3805 1469 3855 tui
1491 3801 1598 3857 Causam

243 3877 413 3949 operationis
436 3885 574 3932 astrorum
596 3878 719 3933 invenies
742 3878 769 3931 in
789 3878 856 3931 meis
871 3876 1111 3949 llleteorologicis,
1132 3878 1161 3932 in
1182 3878 1281 3949 quihus
1302 3879 1363 3948 jam
1383 3880 1494 3950 pridem
1515 3891 1543 3935 te
1559 3883 1598 3934 tr·

241 3958 361 4013 sideravi
383 3967 577 4028 opponentem,
599 3960 647 4012 sed
668 3959 769 4012 serium
784 3976 838 4011 nou
858 3967 1046 4029 gyniuastem
1069 3974 1118 4012 cur
1138 3959 1209 4013 euim
1224 3960 1251 4013 id
1265 3976 1321 4031 ego
1343 3976 1463 4030 operose
1483 3962 1598 4018 renea

244 4040 315 4109 quod
338 4039 397 4108 ipse
419 4039 490 4091 clam
513 4042 649 4092 damnas?
681 4039 806 4093 ins-enies
836 4040 936 4093 ibidem
965 4039 1033 4092 hoc:
1066 4045 1177 4093 terrane
1202 4056 1239 4094 ao
1264 4055 1340 4110 aqua
1369 4041 1462 4113 magia
1484 4039 1599 4113 aptarit

244 4119 347 4173 mutari
362 4126 392 4172 et
411 4119 515 4190 agitari
535 4121 571 4172 ab
593 4119 685 4182 astris,
708 4122 778 4190 quod
800 4120 912 4189 perinde
928 4125 972 4173 est
986 4136 1020 4171 ac
1034 4120 1057 4172 si
1078 4119 1161 4183 dicas,
1184 4120 1279 4174 aviene
1300 4120 1391 4191 magis
1406 4124 1443 4176 ad
1463 4124 1599 4178 volandum

243 4208 314 4269 apta
335 4199 373 4253 sit
394 4215 431 4252 au
452 4215 570 4268 pennae,
593 4202 627 4253 ad
650 4202 810 4253 currendum
832 4216 918 4271 equus
939 4216 977 4253 au
998 4205 1098 4253 rotaei
1128 4200 1183 4254 Sed
1203 4200 1257 4253 huc
1277 4207 1387 4255 ιιιιιιιιιιι
1407 4203 1556 4258 verboru
1571 4202 1600 4254 e

242 4281 400 4342 Hellandis,
423 4281 468 4349 qui
490 4289 519 4333 te
540 4287 681 4334 extorrem
702 4282 797 4349 patria
817 4282 882 4334 sede
904 4280 1047 4341 iecerunt;
1068 4280 1165 4334 missos
1187 4280 1331 4335 iaciamus.
1353 4309 1394 4321 «-

333 4374 438 4440 Spectat
457 4375 580 4438 chlerus
598 4375 636 4423 his
653 4376 735 4425 verbis
754 4376 920 4428 calamitates.
940 4389 1006 4439 quac
1018 4376 1138 4430 Fabricio.
1158 4378 1224 4439 prius
1242 4378 1335 4439 pastori
1347 4375 1534 4427 Reaterharlae
1550 4375 1598 4426 os·

240 4448 374 4506 isiciorum,
394 4461 408 4495 e
427 4447 572 4497 tumultibus
590 4446 684 4495 bellicis
709 4455 777 4496 ortae
804 4457 869 4501 snut,
896 4447 984 4511 quibus
1001 4454 1084 4495 motus
1101 4449 1168 4510 priua
1186 4450 1320 4503 Amicam,
1346 4447 1452 4512 posthac
1476 4451 1599 4513 pria*-

242 4533 314 4567 auum
342 4526 442 4568 rucuma
461 4518 570 4567 Esenam
594 4525 619 4567 et
647 4519 706 4567 inde
725 4518 837 4567 Ostelam
858 4534 885 4568 se
905 4519 1006 4580 recepit
1046 4518 1272 4583 ..Meteoroloqicau
1296 4531 1362 4583 qaae
1381 4519 1510 4584 Koplaras
1535 4531 1600 4583 m

242 4589 315 4638 verbo
335 4591 425 4653 tangit.
445 4591 529 4638 insunt
549 4590 734 4639 dissertationi:
762 4589 801 4639 lle
826 4590 1003 4639 Fundameutis
1029 4590 1179 4654 astrologiae
1205 4591 1350 4640 certioribus
1367 4589 1440 4651 (vot
1458 4589 1480 4641 1.
1499 4586 1599 4657 pili).

330 4660 509 4709 Fabricius
529 4660 654 4723 respondit
672 4659 754 4716 tlfll.
774 4662 793 4708 F
795 4662 833 4710 eb.
855 4658 951 4720 1603);
973 4659 1129 4709 Sententiam
1147 4668 1217 4711 tuam
1235 4677 1285 4711 nou
1304 4664 1406 4712 omniuo
1424 4665 1544 4729 improba,
1560 4661 1598 4710 nai

241 4731 305 4796 quod
324 4734 364 4780 vir
384 4733 428 4780 soli
447 4732 587 4781 refractioni
616 4741 712 4780 tantam
743 4733 907 4781 diflerentiam
937 4732 1075 4780 adscribere
1103 4732 1219 4781 audeam.
1256 4731 1321 4782 Puto
1348 4734 1441 4799 glaciei
1465 4731 1542 4786 melea
1558 4745 1598 4781 unt

240 4809 351 4864 tempore
372 4806 431 4851 anni
450 4805 555 4863 majores
575 4810 619 4852 aut
637 4805 743 4852 minores
763 4820 817 4854 esse
835 4806 945 4868 potuisse
963 4810 1063 4865 propter
1088 4804 1211 4853 diversum
1235 4812 1363 4854 ventorum
1382 4803 1488 4862 hatum.
1516 4805 1597 4872 glaciet

242 4871 298 4920 illas
317 4881 362 4921 aut
380 4873 553 4922 adreheotluin
573 4874 610 4923 cel
630 4875 804 4923 deducentium
824 4891 840 4925 a
858 4877 947 4932 litore,
975 4874 1041 4923 node
1060 4876 1098 4925 rel
1125 4876 1198 4924 unius
1217 4875 1255 4925 rel
1280 4878 1385 4926 duorum
1410 4879 1533 4943 graduum
1551 4874 1595 4926 di·

243 4942 355 4992 tudiuaru
374 4945 447 4993 lacile
467 4945 592 4994 occultare
610 4948 724 5009 potuerit.

332 5021 496 5088 Keplerus
515 5033 601 5076 contra
619 5023 656 5087 (l.
678 5026 728 5078 Jul.
750 5023 830 5087 loos)
848 5025 911 5077 haec
931 5025 1020 5075 affert:
1056 5021 1100 5073 De
1134 5020 1302 5074 refractione
1337 5021 1489 5078 Bollandis
1517 5020 1594 5077 soleo
