3692 5842
733 511 765 563 a
782 510 851 563 roa
869 511 1024 563 asmona
1042 510 1089 564 se.
1527 510 1593 582 469

227 684 341 768 procul
364 684 454 748 dubio
476 688 568 749 nosti.
616 687 709 763 Puto,
744 695 774 749 te
800 687 918 767 jocanti
948 687 1104 766 ignoscere
1128 686 1226 760 velle,
1260 687 1362 767 itaque
1386 695 1416 749 te
1440 689 1594 753 constituo

225 781 417 837 exactorem.
455 772 580 838 Sumtus
595 776 725 839 fabriees
749 776 814 859 ipse
837 776 987 850 refundat,
1014 784 1046 838 tu
1069 776 1179 837 vitrum
1203 795 1241 837 ex
1265 784 1318 837 tna
1341 786 1441 838 mente
1465 777 1592 841 fabrica.

320 861 407 935 Quae
442 865 504 927 alia
537 866 680 930 monuisti
712 864 934 945 deprecationis
958 865 1096 945 specioso
1120 872 1224 943 gestu,
1260 865 1439 927 civilitatem
1467 865 1592 927 demon-

228 960 346 1026 strans,
372 973 407 1013 ea
430 972 522 1033 snpra
545 974 641 1016 meum
666 952 812 1017 Germani
836 962 957 1034 captum
983 962 1069 1027 sunt,
1095 972 1188 1033 coque
1213 954 1370 1033 ignosces,
1396 955 1474 1035 qnod
1498 955 1591 1017 rideo.

230 1041 302 1104 Uno
326 1041 438 1110 verbo,
462 1042 488 1104 si
511 1043 585 1105 nihil
609 1044 758 1105 excudisti
782 1052 889 1104 contra
911 1043 1076 1115 Hermum,
1101 1042 1237 1121 gratulor
1260 1043 1392 1124 utrique,
1418 1043 1491 1106 milri
1515 1062 1592 1123 geu-

229 1130 311 1203 deo;
344 1130 391 1191 sin
416 1139 463 1192 est
487 1131 600 1212 aliquid
625 1151 786 1207 excusum,
807 1133 876 1211 jure
900 1140 951 1192 tuo
976 1151 1047 1193 usus
1072 1150 1124 1205 es,
1149 1149 1206 1191 non
1231 1131 1345 1204 habeo,
1371 1132 1449 1211 quod
1474 1150 1591 1212 querar,

229 1217 289 1282 nisi
316 1220 395 1298 quod
419 1238 481 1292 orn,
505 1221 673 1301 exemplum
699 1222 814 1282 mittas.
861 1220 953 1281 Vale.
986 1220 1105 1307 Pragae
1130 1216 1160 1283 9.
1185 1219 1256 1281 Jan.
1277 1217 1369 1283 1611.
1397 1226 1593 1293 (capito.)

316 1325 414 1376 Eadem
432 1326 507 1377 editio
525 1326 669 1376 Florentius
687 1327 786 1377 exhibet
805 1324 874 1388 (Vol.
888 1326 932 1375 Vl.
952 1341 976 1390 p.
995 1323 1057 1385 159)
1076 1326 1160 1375 literas
1178 1325 1282 1389 Kepleri
1301 1322 1333 1386 (s.
1348 1323 1386 1387 d.)
1405 1326 1438 1375 ad
1451 1325 1591 1376 Galilaeum

227 1396 313 1454 tim,
332 1398 464 1461 inquibus
481 1397 605 1461 Keplerus
623 1400 772 1449 sententiam
791 1412 861 1448 ruam
884 1398 966 1447 reddit
983 1398 1014 1446 de
1033 1396 1108 1446 Sitii
1129 1396 1255 1454 ,Dianoia
1280 1398 1464 1454 Astronomiea,
1488 1398 1515 1446 in
1539 1412 1590 1462 qua

228 1468 321 1519 Nuntii
339 1467 444 1532 Sydersi
461 1483 545 1518 rumor
561 1470 593 1519 de
612 1466 629 1517 4
647 1470 756 1533 planetis
780 1483 858 1519 vanus
885 1468 1020 1519 redditur.“
1059 1467 1162 1525 lnrehi,
1190 1469 1285 1532 inquit,
1305 1467 1394 1518 Sitium
1417 1470 1443 1517 in
1460 1468 1589 1531 Horkium,

226 1554 254 1589 rs
271 1540 330 1603 ipss
345 1554 404 1590 raro
431 1541 508 1590 rideri
526 1542 552 1589 in
570 1540 657 1590 Horkii
684 1542 834 1591 sententiam
862 1541 939 1590 abire.
977 1539 1093 1604 Allegare
1120 1540 1195 1603 ipsius
1219 1537 1346 1603 (Keplori)
1373 1540 1467 1604 scripta
1488 1540 1586 1590 honori·

226 1618 399 1670 mammo.
436 1618 642 1671 contumeliosius
660 1636 688 1672 se
705 1622 767 1672 nihil
790 1621 993 1685 deprehendisse,
1020 1633 1095 1683 quarn
1119 1620 1195 1669 rerba
1216 1620 1290 1669 tituli.
1331 1611 1431 1686 Talis,
1464 1620 1589 1671 mactatis

225 1706 360 1774 Ksplm
384 1700 503 1762 libellus
528 1702 654 1778 videtur,
680 1703 728 1783 qui
754 1710 784 1763 et
807 1702 871 1763 sine
894 1700 1033 1761 veritatis
1053 1699 1176 1778 jactura
1200 1700 1322 1780 negligi,
1346 1706 1378 1761 et
1401 1700 1489 1763 salva
1512 1719 1586 1781 gra-

225 1788 324 1850 vitate
347 1787 403 1851 riri
427 1789 543 1852 cordati
568 1791 665 1852 refelli
688 1791 806 1870 publice
830 1788 943 1869 possit,
967 1789 993 1850 si
1018 1789 1089 1849 talis
1119 1787 1261 1849 refutatio
1290 1788 1472 1869 suscipiatur
1494 1790 1585 1853 insti-

225 1877 331 1941 mendi
355 1897 449 1940 causa
466 1878 606 1958 juvenem
630 1898 688 1940 non
712 1899 784 1941 sane
809 1881 928 1947 malum,
953 1897 1007 1940 nec
1032 1878 1184 1939 indoctum
1206 1876 1421 1956 impolitumve.

314 1974 357 2025 ns
375 1973 482 2025 venem
499 1975 617 2040 phasim
634 1974 699 2027 haee
718 1977 799 2027 adme:
840 1969 1003 2046 inopinata
1027 1965 1098 2027 mihi
1122 1966 1339 2046 quodammodo
1369 1966 1427 2029 fuit
1450 1974 1503 2029 tua
1527 1967 1584 2030 ob-

224 2056 372 2120 servatio.
418 2057 498 2119 Nam
522 2064 645 2136 propter
668 2058 820 2137 ingentem
843 2056 1015 2118 claritatem
1040 2055 1169 2116 Veneris
1193 2055 1352 2135 opinabar,
1377 2055 1531 2136 proprium
1553 2055 1583 2116 iu

224 2146 280 2210 illa
302 2146 402 2209 lumen
426 2146 535 2210 inesse.
582 2146 689 2225 Itaque
714 2147 838 2207 multum
862 2164 976 2207 mecum
1000 2144 1145 2220 meditor,
1174 2143 1254 2224 quali
1278 2144 1434 2224 superficie
1463 2145 1585 2225 globum

224 2235 304 2300 huuc
327 2242 467 2318 oporteat
490 2254 558 2296 esse
586 2235 766 2314 praeditum.
813 2235 940 2308 Mirum,
970 2232 1027 2294 nisi
1052 2231 1184 2315 Cynthia
1215 2241 1281 2295 tota
1304 2252 1396 2295 aurea
1419 2242 1487 2309 est,
1520 2241 1584 2310 aut,

226 2324 308 2405 quud
331 2323 363 2384 in
385 2324 600 2385 Fundamentis
623 2323 826 2404 Astrologicis
851 2323 921 2396 dixi,
947 2322 1103 2384 electrina.
1155 2330 1225 2391 (vot
1242 2329 1263 2381 1.
1282 2346 1308 2394 p.
1327 2327 1400 2391 teo)

316 2413 421 2491 Atque
443 2412 497 2474 illa
518 2420 559 2487 te,
584 2412 643 2474 nisi
666 2413 776 2475 tetrico
799 2413 882 2474 vultu
907 2412 1069 2485 aversaris,
1091 2411 1200 2473 blande
1225 2411 1377 2490 respiciat,
1402 2411 1492 2474 Vale.

313 2499 361 2550 His
378 2497 529 2565 interpositis
546 2502 654 2551 redimus
672 2502 705 2551 ad
717 2502 877 2565 praefationis
890 2500 1034 2565 Dioptricae
1052 2506 1157 2564 partem,
1175 2512 1250 2564 quam
1267 2515 1291 2564 p.
1305 2496 1358 2550 stt
1370 2513 1403 2549 ss.
1423 2499 1583 2550 exhibuimus.

224 2571 295 2623 rouo
313 2566 371 2694 ii?
386 2571 420 2622 ad
431 2572 523 2622 rerba:
543 2572 623 2643 ,fatui
640 2573 801 2637 reputentur¹⁴
822 2573 995 2637 adscripsimus
1013 2572 1111 2622 literam
1124 2568 1161 2632 a).
1193 2571 1242 2622 Eia
1253 2571 1378 2637 Keplerus
1398 2570 1431 2623 ad
1447 2573 1586 2638 marginem

224 2647 556 2795 m,hrgumentnm
580 2715 712 2779 auctoris
736 2716 772 2777 de
796 2714 856 2778 situ
872 2714 1003 2777 Veneris
1023 2723 1054 2777 et
1072 2714 1213 2777 Mercurii
1237 2715 1352 2778 orbium
1374 2714 1456 2777 circa
1469 2713 1583 2789 Solem,

224 2801 324 2886 qualis
347 2812 398 2866 est
430 2803 459 2866 in
492 2805 706 2867 constitutione
729 2805 832 2868 mnndi
856 2803 1066 2885 copernieana
1099 2813 1130 2866 et
1153 2804 1372 2887 Pythagorica,
1407 2804 1585 2884 simpliciter

224 2892 343 2973 accipio
366 2911 422 2955 nec
445 2892 603 2974 quicquam
627 2894 717 2967 addo,
740 2893 798 2955 nisi
822 2895 901 2974 quod
924 2895 1025 2957 Peneo
1050 2894 1204 2975 gratulor,
1234 2893 1284 2975 qni
1306 2893 1385 2956 idem
1409 2913 1500 2975 supra
1522 2893 1584 2956 alio

224 2980 418 3045 imbecilliori
442 2992 618 3062 argumento
641 2983 854 3062 probaverat.“

318 3069 425 3135 Spectat
440 3070 479 3120 his
497 3070 620 3136 Ksplerm
643 3073 740 3122 initium
758 3085 819 3122 suae
843 3072 1021 3136 praefationis,
1046 3072 1089 3123 ubi
1107 3072 1139 3122 de
1157 3071 1263 3122 loannis
1280 3070 1367 3123 Penas
1384 3070 1494 3123 editione
1511 3070 1583 3137 cpti-

226 3155 313 3194 σω
332 3142 442 3193 caelidis
460 3142 521 3207 agit.
559 3140 644 3204 (Haec
660 3144 726 3194 infra
743 3141 898 3208 sequentur.)

224 3291 281 3336 m
298 3209 540 3349 :adotlgz'ietgm
559 3216 659 3265 anobis
677 3216 817 3281 adscriptae
834 3220 894 3264 eunt
910 3214 998 3264 literae
1011 3214 1026 3264 b
1039 3239 1073 3249 —-
1085 3214 1103 3272 i,
1123 3214 1156 3265 ad
1174 3228 1236 3278 quaa
1248 3215 1275 3264 iu
1291 3214 1406 3281 margine
1422 3211 1486 3265 haee
1504 3228 1583 3265 anno·

269 3357 307 3432 b)
335 3356 495 3418 Liberavit
516 3344 681 3437 Keplerum
705 3367 796 3428 meto,
821 3358 870 3438 qui
895 3357 983 3418 valde
1007 3355 1125 3418 scilicet
1147 3355 1251 3419 honori
1275 3375 1330 3418 suo
1353 3357 1525 3433 metuebat,
1556 3358 1583 3420 si

334 3444 451 3508 Marius
475 3446 569 3508 motui
587 3446 704 3508 terrae
729 3447 955 3509 intercessisset
978 3464 1045 3507 cum
1067 3446 1113 3506 sui
1137 3444 1264 3506 nominis
1288 3445 1448 3507 mentione.

269 3537 305 3609 ο)
338 3533 473 3597 Primum
495 3534 641 3598 victoriae
665 3554 751 3597 omen
775 3544 846 3598 ante
869 3553 1010 3616 pugnam,
1034 3534 1112 3613 qnod
1127 3532 1241 3595 Marius
1260 3533 1409 3613 imperitia
1432 3532 1582 3596 hominum

334 3630 439 3685 sectae
478 3622 564 3705 hujus
598 3624 824 3704 amplitudinem
857 3625 936 3686 intra
969 3624 1042 3684 duos
1079 3622 1251 3702 restringit,
1289 3642 1364 3703 quae
1402 3621 1468 3701 jam
1504 3642 1582 3703 pene

332 3711 455 3793 publiea
486 3719 551 3789 est,
582 3713 639 3775 nisi
672 3714 728 3775 flos
752 3715 848 3776 omnis
879 3714 1034 3775 doctorum
1064 3711 1214 3773 hominum
1245 3711 1326 3774 intra
1357 3712 1580 3775 academiarum

333 3810 424 3881 septa
445 3800 488 3863 sit
509 3803 676 3865 conclusus.

268 3889 305 3965 d)
334 3884 486 3953 Obsistite
510 3890 653 3972 theologi,
679 3910 740 3954 rem
764 3891 1006 3972 impertinentem
1029 3891 1224 3972 aggreditur;
1247 3888 1461 3954 auctoritatem
1475 3885 1583 3972 Serip-

332 3986 421 4041 turae
444 3980 571 4044 abusum
593 3980 628 4044 it.

269 4068 304 4143 e)
335 4065 503 4132 cernamur
526 4070 654 4151 agendo.

267 4154 300 4230 f)
335 4154 404 4228 Quo
437 4157 505 4239 ipso
534 4169 671 4242 tempore
704 4156 862 4222 Galilaens
889 4157 1046 4221 Florentia
1069 4157 1201 4238 Pragnm
1233 4156 1356 4241 scripsit
1388 4159 1425 4219 de
1460 4156 1580 4233 „Matre

334 4246 502 4322 amorum,“
528 4256 560 4312 et
583 4248 658 4312 haec
681 4248 798 4312 Mario
822 4248 867 4310 sio
890 4246 994 4311 ordine
1019 4248 1193 4329 apparitura
1212 4245 1279 4327 jam
1302 4257 1372 4309 tunc
1395 4246 1557 4328 praedixit

313 4348 344 4402 In
373 4350 549 4411 ..Fhrateramu
578 4354 694 4420 catalogo
721 4353 793 4406 addit
818 4353 942 4419 Keplerus
966 4352 1047 4403 uerbis
1075 4353 1210 4413 ,carmani
1244 4350 1406 4417 cujusdam“:
1435 4352 1582 4416 ,equdam

224 4420 333 4474 hona
350 4421 426 4474 Harii
443 4424 534 4476 Franci
561 4426 695 4476 mtrouomi
723 4425 850 4483 celebris,“
879 4424 944 4491 quod
962 4437 1020 4474 sam
1038 4425 1069 4476 ob
1087 4438 1190 4476 caueam
1207 4424 1248 4475 hio
1274 4430 1408 4481 notamus,
1435 4425 1495 4489 quia
1518 4424 1585 4475 inira

224 4492 351 4560 Regiam
369 4500 397 4545 et
412 4491 509 4547 Mariua
528 4496 561 4547 ad
579 4497 645 4548 huuc
666 4497 805 4550 „errorem“
823 4498 936 4547 redeunt

313 4564 357 4617 De
374 4563 491 4629 hiatio,
511 4570 550 4620 sul
563 4570 654 4634 partim
666 4583 683 4618 s
694 4583 722 4618 se
734 4570 794 4631 ipso,
813 4570 904 4633 partim
916 4569 947 4618 ab
961 4567 1015 4617 eliis
1027 4568 1141 4619 tribuitur
1152 4566 1231 4631 prima
1243 4565 1351 4616 detectio
1362 4564 1431 4616 Jor'u
1443 4564 1584 4619 satellitum

224 4650 273 4689 ase
288 4651 342 4688 uon
361 4635 467 4688 Veneris
485 4639 606 4705 pharium,
625 4639 689 4691 haee
708 4646 830 4689 commus.

313 4708 427 4761 Simon
456 4710 577 4761 Marius
596 4708 710 4774 (Meyer)
735 4717 810 4760 natus
833 4716 873 4760 est
890 4709 1049 4761 cumenhusi
1073 4706 1394 4767 aun01572„rumtlbus
1412 4707 1586 4762 Merebionum

224 4778 504 4848 muimtmgmtm
528 4783 562 4833 ab
579 4798 645 4833 anuo
671 4783 762 4832 aetatis
783 4779 823 4829 tt.
843 4781 966 4832 cnoldiae
983 4789 1010 4831 et
1027 4781 1207 4832 Heilsbronoee
1234 4781 1357 4831 enutritus
1377 4781 1431 4831 est“
1443 4794 1451 4846 3
1480 4783 1586 4847 primum

224 4849 409 4904 moneas
425 4854 537 4905 musicae
557 4862 584 4905 st
600 4853 809 4911 mathematicae,
835 4853 926 4903 deiude
944 4854 970 4902 iu
986 4853 1062 4904 Italia
1081 4850 1201 4915 (Patavii)
1225 4852 1366 4903 medicinas
1383 4867 1428 4917 per
1451 4855 1585 4905 trienmum

224 4936 327 4988 mm
345 4922 433 4982 dabat.
451 4932 541 4989 postes
556 4926 663 4992 deniqne
679 4924 851 4976 mathematici
869 4923 1042 4975 Marehionum
1059 4923 1337 4990 Brandemurgensmm
1354 4938 1443 4977 munus
1462 4924 1584 4977 canidiae
1687 4930 1689 4934 ’

224 4994 342 5054 οῊ.
358 4994 442 5061 lhiqus
469 4999 653 5049 ammaonte·
672 4994 826 5048 calendariis
844 5003 871 5048 st
889 4996 1057 5060 Progrrosticis
1082 4996 1173 5046 rictum
1199 4996 1245 5046 sibi
1270 4994 1374 5061 pararit
1411 4995 1458 5049 ms
1476 4998 1586 5062 exceptis

224 5063 365 5133 fleres
378 5067 501 5135 mnodo
514 5075 583 5123 usu
593 5070 712 5125 momenti
726 5068 760 5122 stl
770 5068 902 5123 scium
921 5067 1111 5121 maerentem
1126 5066 1220 5133 nubta
1232 5068 1296 5133 laris
1315 5066 1383 5130 teet.
1401 5076 1587 5136 prutsropm·
