3692 5842
835 477 969 530 Praefatio.
1355 532 1357 536 Α
1517 481 1581 547 523

224 669 285 712 uon
310 658 428 714 tautum
451 671 505 730 per
528 653 655 726 Lunam,
680 652 758 733 quod
782 654 935 716 difficilius
955 656 989 716 fit
1011 662 1135 735 propter
1158 657 1272 718 varium
1303 666 1336 719 et
1365 660 1493 721 celerem
1517 660 1582 738 ejus

224 747 351 813 motum,
375 742 429 802 sed
456 741 550 803 multo
582 740 710 803 maxime
742 760 796 820 per
819 744 904 805 fixas.
951 742 993 804 Et
1025 752 1126 806 tamen
1159 746 1206 807 vel
1239 764 1293 824 per
1324 748 1420 809 solam
1452 749 1580 823 Lunam,

224 826 346 890 etiamsi
378 848 436 891 non
470 828 510 891 sit
539 831 724 892 certissimus
748 832 813 909 ejus
837 832 980 908 calculus,
1006 833 1189 911 deprehendi
1213 833 1301 895 facile
1321 845 1456 914 possent.
1495 837 1581 898 Haec

224 915 258 980 de
284 916 461 980 Vitellionis
486 919 729 981 hallucinatione.
775 920 974 982 Excutiamus
998 922 1065 1000 jam
1095 930 1127 984 et
1151 922 1251 984 Penae
1283 942 1450 986 censuram.
1498 926 1580 987 Vere

224 1013 253 1068 et
277 1005 306 1067 is
331 1006 483 1081 defendit,
509 1017 633 1087 propter
656 1007 734 1087 ignis
758 1010 918 1088 sphaeram
943 1011 1040 1071 nullas
1064 1010 1237 1089 contingere
1269 1013 1483 1074 retractiones:
1520 1014 1580 1075 fal-

224 1113 288 1156 sum
312 1101 415 1157 tamen
439 1096 533 1170 addit,
559 1098 648 1175 plane
672 1096 771 1158 nullas
796 1100 979 1178 contingere,
1004 1119 1040 1159 ne
1066 1100 1185 1178 quidem
1215 1101 1294 1162 aeris
1325 1121 1427 1164 causa.
1473 1103 1579 1180 Inepte

224 1181 353 1263 denique
377 1186 506 1246 occurrit
529 1193 705 1264 argumento
732 1186 924 1261 Vitellianis,
959 1187 1017 1248 etsi
1050 1197 1083 1248 ut
1114 1188 1224 1250 dictum
1256 1189 1354 1250 inutili
1385 1200 1416 1252 et
1439 1191 1578 1251 ruinoso:

224 1269 360 1334 tribuens
383 1274 588 1352 parallaxibus
613 1293 659 1347 ea,
683 1294 758 1353 quae
783 1275 909 1337 Vitellio
933 1276 1173 1338 retractionibus.
1220 1278 1315 1356 Atqui
1345 1287 1454 1340 norunt
1475 1288 1578 1339 astro-

224 1359 325 1432 nomi,
363 1362 486 1423 duarum
522 1363 627 1425 harum
659 1383 757 1425 rerum
790 1366 913 1426 effeetus
947 1383 1015 1425 esse
1048 1365 1224 1426 contrarios.
1272 1366 1429 1428 Rcfractio
1461 1368 1579 1428 Lunam

224 1449 350 1523 attollit,
375 1451 540 1530 parallaxis
565 1451 714 1531 deprimit.
753 1453 819 1514 Hoc
843 1473 900 1514 non
924 1455 1083 1533 perpendit
1105 1454 1198 1514 Pena.
1241 1454 1303 1516 Sed
1320 1463 1353 1517 ut
1369 1456 1441 1527 dixi,
1466 1458 1580 1516 nullum

224 1545 272 1600 est
296 1537 519 1615 detrimentum,
544 1541 602 1601 etsi
625 1541 708 1603 Pena
732 1541 907 1604 Vitellionis
931 1535 1209 1604 refractiones'uou
1241 1544 1363 1623 effugit:
1407 1554 1477 1605 sunt
1501 1543 1579 1604 enim
1605 1599 1610 1606 .

224 1625 304 1688 aeris
329 1646 388 1689 non
412 1627 490 1707 ignis
515 1631 649 1691 effectus.
696 1631 788 1691 Aeris
812 1631 904 1710 igitur
929 1631 1095 1692 densiorem
1119 1632 1315 1710 superficiem,
1341 1642 1374 1694 ut
1398 1652 1489 1712 supra
1512 1633 1577 1692 dic-

224 1723 305 1789 tum,
341 1716 512 1791 stabiliuut3
550 1718 627 1797 ignis
652 1737 723 1779 vero
748 1719 913 1781 tenuiorem
938 1720 1106 1799 regionem,
1142 1721 1310 1799 quodvult
1332 1721 1434 1794 Pena,
1459 1723 1579 1800 penitus

224 1803 399 1868 convellunt
422 1815 453 1867 et
477 1807 643 1869 eliminant.
693 1807 838 1888 Utrinque
862 1808 954 1885 igitur
977 1808 1167 1887 praestantia
1195 1809 1364 1888 optlcarum
1388 1810 1576 1870 demonstra-

225 1893 342 1956 tionum
365 1893 482 1966 elucet,
516 1905 578 1957 tam
611 1897 639 1956 in
665 1896 849 1958 stabilienda
872 1896 1065 1958 distinctione
1091 1897 1171 1958 aeris
1196 1897 1233 1958 ab
1258 1898 1399 1970 aethere,
1438 1916 1526 1977 quam
1548 1897 1579 1957 in

224 1981 360 2044 tollenda
382 1982 489 2044 fictitia
512 1985 642 2064 sphaera
665 1984 753 2063 ignis.

313 2067 427 2139 Quinto
461 2072 526 2134 loco
555 2074 638 2135 Pena
670 2073 802 2147 indicat,
837 2082 951 2153 quauta
983 2072 1123 2153 physicos
1157 2072 1331 2151 ignorantia
1362 2080 1467 2134 teneat
1500 2073 1580 2134 circa

224 2158 395 2230 materiam,
419 2160 515 2222 locum
540 2172 572 2223 et
596 2163 719 2223 effectus
743 2171 937 2237 cometarum,
963 2162 1019 2223 nisi
1044 2162 1161 2242 opticas
1177 2161 1299 2223 scholas
1314 2161 1425 2223 fuerint
1440 2162 1578 2241 ingressi,

224 2257 255 2310 et
279 2246 351 2328 quid
375 2248 448 2310 haec
473 2250 634 2330 disciplina
658 2251 738 2313 circa
762 2252 836 2312 talia
859 2261 986 2313 naturae
1010 2259 1153 2330 portenta
1177 2250 1286 2312 doceat
1305 2270 1365 2325 eos,
1391 2250 1440 2330 qui
1465 2270 1497 2311 se
1521 2269 1578 2312 uon

224 2346 433 2417 aspernantur.

310 2425 441 2487 Rursum
466 2425 566 2508 itaque
591 2447 692 2488 verum
717 2428 772 2488 hoc
791 2427 895 2488 lectori
915 2428 1100 2497 commendo,
1124 2436 1307 2489 cometarum
1324 2446 1376 2489 seu
1394 2426 1579 2501 crinitorum,

224 2511 429 2589 barbatorum,
455 2517 651 2578 caudatorum
676 2516 805 2577 siderum
831 2535 956 2595 corpora
981 2516 1071 2595 plane
1095 2516 1246 2595 pellucida
1275 2536 1312 2577 ex
1343 2513 1445 2596 optica
1469 2515 1579 2589 doceri,

224 2612 403 2684 argumento
427 2604 494 2678 hoc,
519 2607 596 2685 quod
621 2606 734 2666 caudas
759 2604 867 2667 aSole
892 2615 997 2666 teuent
1020 2623 1154 2665 aversas.
1465 2659 1469 2668 .

314 2692 428 2754 Verum
453 2695 584 2756 secundo
609 2705 640 2754 et
663 2694 718 2754 hoc
742 2703 799 2768 est,
825 2713 952 2772 corpora
975 2693 1028 2754 illa
1050 2693 1201 2772 pellucida
1215 2692 1355 2755 densiora
1370 2711 1438 2753 esse
1457 2691 1580 2752 aethere

224 2781 336 2862 inquo
361 2782 539 2845 discurrunt.
587 2784 700 2844 Verum
725 2792 774 2845 est
798 2791 829 2844 et
852 2783 926 2844 illud
951 2782 1082 2856 tertium,
1114 2802 1152 2843 ex
1175 2782 1317 2860 analogia
1348 2790 1447 2841 motus
1478 2798 1579 2839 come-

224 2877 323 2934 tarum
345 2871 476 2950 plurima
499 2891 553 2933 nos
578 2873 614 2932 de
640 2874 704 2933 loco
728 2882 910 2933 cometarum
936 2871 1049 2945 doceri,
1075 2879 1248 2950 certumque
1278 2869 1397 2941 habere,
1420 2870 1580 2947 plerosque

224 2977 319 3040 supra
342 2959 461 3022 Lunam
485 2961 513 3022 in
540 2961 688 3022 altissimo
713 2962 835 3022 aethere
860 2961 984 3021 versari.
1032 2962 1076 3021 At
1104 2969 1243 3041 quartum
1277 2960 1355 3039 quod
1388 2958 1473 3019 addit
1496 2957 1580 3018 Pena

224 3047 349 3111 dubium
373 3057 438 3124 est,
474 3070 510 3110 an
545 3051 670 3112 cometis
694 3049 740 3110 vis
765 3049 962 3110 calefaciendi
996 3049 1067 3110 insit
1098 3051 1164 3127 lege
1198 3049 1316 3127 optim,
1356 3048 1424 3108 dum
1457 3046 1580 3107 refracti

224 3133 307 3200 Solis
339 3138 416 3199 radii
454 3138 483 3200 in
513 3140 647 3218 corporis
681 3138 818 3200 cometici
856 3138 992 3216 ingressu
1026 3136 1167 3217 exituque
1199 3146 1270 3216 post
1302 3155 1410 3215 corpus
1442 3136 1480 3195 ad
1513 3132 1580 3195 coni

224 3243 395 3288 mucronem
419 3236 565 3306 coguntur
589 3247 683 3307 eaque
716 3226 871 3289 coactione
907 3226 967 3287 vim
1000 3224 1177 3287 incendendi
1211 3225 1389 3303 concipiunt.
1435 3226 1515 3286 Nam
1547 3231 1582 3284 ut

224 3313 305 3390 dem,
337 3315 439 3377 radios
464 3316 560 3378 sicin
586 3336 690 3377 conum
715 3316 810 3390 coire,
840 3315 978 3395 nuspiam
1002 3322 1144 3394 sequetur
1167 3313 1410 3375 inflammationis
1435 3311 1581 3373 violentia

224 3403 280 3466 cisi
304 3402 335 3465 in
358 3404 410 3465 illo
434 3405 500 3484 ipso
531 3406 597 3466 coni
633 3423 771 3466 mucrone
804 3406 835 3465 in
868 3402 1015 3482 profundo
1049 3403 1181 3464 aethere.
1230 3400 1310 3472 Quid
1343 3421 1415 3462 vero
1448 3401 1503 3461 hoo
1541 3399 1580 3459 ad

224 3499 343 3556 matum
366 3492 458 3569 illum,
483 3494 531 3574 qui
551 3493 599 3555 hio
618 3494 647 3555 in
663 3493 764 3555 Terris
789 3491 958 3555 excitatur?
984 3491 1099 3552 Deinde
1114 3510 1173 3552 non
1198 3490 1295 3551 cauda
1319 3490 1372 3551 illa
1396 3497 1578 3550 cometarum

224 3581 389 3661 conspicua
411 3601 502 3644 conus
526 3583 591 3664 ipse
615 3591 664 3643 est
686 3582 845 3656 radiorum,
872 3601 943 3643 usus
968 3598 1091 3664 corpore
1116 3588 1252 3640 cometae
1276 3596 1330 3658 pro
1355 3577 1421 3638 basi
1429 3596 1438 3650 ;
1477 3576 1531 3637 sed
1554 3575 1581 3635 si

224 3670 384 3751 plurimum
408 3670 476 3732 huic
501 3671 704 3751 speculationi·
724 3671 926 3745 tribuerimus,
952 3670 1049 3730 cauda
1073 3669 1147 3729 haec
1171 3686 1266 3728 novus
1290 3685 1382 3728 conus
1406 3674 1471 3733 cst,
1501 3663 1578 3725 iuci-

224 3759 310 3840 piens
334 3760 375 3821 ibi
400 3760 450 3821 ubi
474 3779 565 3822 conus
590 3762 685 3834 alter,
719 3760 804 3839 cujus
837 3760 866 3820 in
899 3777 1022 3839 corpore
1046 3766 1181 3819 cometae
1211 3756 1312 3829 basis,
1348 3754 1376 3815 in
1410 3771 1579 3815 mucronem

224 3847 352 3912 desinit:
391 3849 469 3928 quod
495 3849 544 3911 lex
567 3849 670 3929 optioa
693 3850 782 3910 docet
803 3848 937 3929 proxime
961 3854 1032 3926 post
1064 3866 1173 3926 corpus
1206 3852 1342 3906 cometae
1371 3844 1443 3905 fieri.
1490 3841 1581 3903 Radii

224 3937 319 4018 igitur
343 3935 446 4011 Solis,
481 3948 629 4017 quatenus
662 3937 849 3999 constituunt
880 3935 1073 4016 conspicuum
1104 3936 1188 3997 illum
1221 3942 1368 4008 tractum,
1408 3951 1493 4012 quern
1527 3950 1581 3991 nos

224 4027 352 4090 caudam
377 4027 574 4106 appellamus,
595 4028 660 4107 jam
685 4026 793 4088 iterum
817 4026 988 4104 divergunt.
1027 4024 1165 4086 lucensio
1190 4043 1261 4085 vero
1276 4042 1335 4084 uon
1350 4041 1387 4082 ex
1403 4021 1581 4091 diversione,

224 4115 279 4178 scd
312 4135 351 4178 ex
383 4116 517 4178 sectione
551 4117 703 4179 radiorum
741 4116 842 4178 oritur.
890 4115 984 4176 Nulla
1013 4114 1104 4193 igitur
1136 4113 1166 4174 in
1198 4113 1295 4174 cauda
1317 4112 1363 4172 vis
1394 4108 1581 4181 incendendi,

224 4204 278 4266 sed
303 4204 330 4266 si
354 4213 404 4266 est
426 4205 544 4286 aliqua,
577 4214 625 4267 est
655 4205 686 4266 in
711 4205 845 4266 sectione
868 4201 1019 4265 radiorum
1042 4202 1178 4282 proxime
1212 4220 1339 4281 corpus,
1375 4199 1452 4261 unde
1487 4198 1583 4258 cauda

224 4291 298 4356 talis
321 4293 436 4373 incipit.

314 4381 385 4445 Etsi
408 4402 480 4446 vero
504 4382 596 4445 dubia
619 4390 677 4456 est,
703 4389 736 4443 ut
759 4379 830 4454 dixi,
855 4381 931 4442 haec
945 4380 1046 4441 Penae
1071 4375 1263 4440 ratiocinatio
1287 4376 1324 4437 de
1349 4375 1456 4435 effectu
1479 4391 1580 4435 come-

224 4479 292 4549 tae,
327 4479 445 4533 tantum
478 4480 578 4534 tamen
614 4471 703 4533 abest
735 4478 770 4531 ut
800 4469 919 4548 penitus
953 4467 1201 4531 contemnendam
1228 4464 1379 4545 judicem,
1418 4471 1452 4523 ut
1482 4461 1582 4541 potius

225 4559 493 4643 generosissimam
517 4561 654 4622 omuibus
679 4559 884 4621 commendem
908 4566 940 4619 et
963 4558 1064 4630 talem,
1091 4575 1128 4615 ex
1152 4554 1262 4634 quade
1280 4560 1463 4614 cometarum
1479 4551 1582 4611 caudis

224 4648 485 4714 abstrusissimum
508 4659 635 4711 naturae
659 4666 803 4709 arcanum
827 4647 889 4708 erui
913 4665 1003 4727 posse
1033 4643 1212 4706 existimem.
1260 4641 1375 4721 Scripsi
1404 4641 1461 4700 hac
1490 4639 1526 4698 de
1550 4656 1582 4699 re

224 4737 339 4822 aliquid
373 4737 404 4800 in
437 4739 639 4819 descriptione
664 4735 849 4800 Germanica
881 4742 1034 4810 cometae,
1069 4734 1118 4813 qui
1149 4732 1235 4793 fulsit
1258 4749 1335 4791 auno
1363 4723 1460 4792 1607:
1495 4746 1583 4807 quam

224 4827 319 4894 latine
344 4828 437 4889 etiam
461 4828 680 4889 adornaveram
704 4845 771 4887 cum
795 4824 1052 4886 demonstratione
1071 4820 1271 4902 pulcherrima
1286 4818 1431 4899 trajectus
1447 4826 1582 4877 cometae

224 4916 377 4982 rectilinei
409 4935 464 4997 per
496 4916 628 4979 aetheris
657 4915 849 4995 profundum:
883 4915 939 4975 sed
967 4908 1225 4992 exspectationem
1257 4927 1354 4971 meam
1377 4906 1582 4989 typographus

225 5007 328 5082 elusit,
353 5015 514 5087 manetque
539 5005 657 5069 libellus
681 5005 711 5066 in
734 5002 855 5066 scriniis
879 5002 972 5064 aliam
995 5008 1176 5082 exspectaus
1200 4999 1399 5061 occasionem.
1420 4989 1463 5069 ²³)
