3692 5842
248 481 313 548 728
725 484 766 534 De
785 483 864 534 Stella
880 482 956 535 man
972 483 1123 549 Serpentarii

245 660 518 743 permutationibus
542 680 595 725 sen
625 661 727 741 potins
758 662 874 741 magnis
905 660 1182 740 conjunctionibus,
1214 660 1244 721 id
1275 661 1334 723 hac
1363 663 1501 742 generali
1532 682 1601 724 soce

247 750 429 813 turbationis
452 768 548 812 rernm
572 768 626 829 per
648 770 716 812 sese
739 751 889 811 mobilium
913 750 1182 829 comprehenditur.
1221 750 1255 811 lo
1275 750 1314 811 iis
1337 752 1450 832 quippe
1474 751 1601 832 negotiis

246 841 343 920 iisqne
367 838 594 919 rebuspublicis‚
620 859 694 919 quae
714 839 780 918 jam
804 839 929 901 amulto
953 848 1088 920 ternpore
1112 838 1312 901 turbabantur
1335 840 1458 912 leniter,
1482 842 1554 902 nori
1574 855 1602 902 et

244 927 398 1010 praecipui
422 929 566 989 tumultus
590 928 714 989 excitati
739 936 816 1004 suot,
842 929 931 1009 idque
955 939 1026 990 ante
1048 928 1209 990 triennium
1231 936 1300 990 tuto
1319 930 1502 1008 praedicere
1525 931 1602 1010 potui

247 1019 340 1080 etiam
362 1017 420 1079 hac
442 1016 508 1079 vioe
532 1018 672 1078 futorum.

333 1105 496 1186 Imperium
528 1123 599 1166 vero
626 1106 715 1187 plane
747 1124 856 1167 novum
885 1106 965 1169 inter
993 1105 1127 1168 homines
1159 1105 1364 1181 constituere,
1395 1124 1554 1187 regnaque
1575 1119 1604 1170 et

244 1194 431 1276 principatus
465 1196 646 1267 mansferre,
679 1196 862 1256 mutationes
894 1196 1073 1274 religionum
1100 1213 1152 1256 sen
1180 1213 1342 1275 procurare
1378 1213 1458 1277 quae
1483 1198 1602 1258 suntin

244 1283 364 1357 melius,
399 1302 453 1345 sen
475 1284 649 1363 permittere
682 1303 758 1363 qnae
782 1284 810 1344 in
835 1285 965 1345 deterius
993 1292 1141 1363 vergont3
1172 1284 1248 1345 haec
1269 1284 1397 1364 inquam
1427 1303 1528 1364 opera
1548 1304 1602 1347 non

245 1383 373 1437 naturae
404 1373 457 1434 sed
491 1373 584 1434 solius
617 1381 687 1434 sunt
727 1372 996 1452 imperscrutabilis
1033 1373 1243 1453 providentiae
1282 1373 1406 1435 divinae
1447 1375 1603 1455 solentque

245 1463 548 1544 utplurimum-atam
572 1462 733 1523 contemtis
756 1462 855 1528 initiis¹
873 1462 1026 1542 progredi,
1048 1473 1081 1526 ut
1100 1466 1190 1543 quiam
1211 1461 1356 1541 plurimos
1376 1481 1491 1537 annos,
1515 1482 1602 1543 saepe

245 1554 337 1615 etiam
361 1571 420 1627 non
444 1570 533 1612 noum
561 1552 692 1612 seculum
722 1551 852 1623 lateant,
884 1561 936 1612 aut
969 1551 1104 1632 quamvis
1135 1559 1316 1632 appareant,
1343 1560 1453 1613 tamen
1479 1552 1522 1614 ab
1543 1554 1601 1632 ejas

245 1640 357 1703 aetatis
380 1640 549 1703 hominibus
572 1647 808 1701 contemnantur.
851 1640 936 1701 Haec
964 1640 1055 1719 igitur
1078 1660 1134 1720 ego
1157 1650 1227 1701 ante
1251 1640 1307 1701 hoc
1330 1640 1502 1702 triennium
1525 1643 1600 1713 (raro

245 1749 283 1792 ex
307 1748 390 1791 more
413 1730 451 1790 de
479 1728 597 1810 trigono
630 1730 717 1807 igneo
749 1729 860 1809 aliquid
884 1727 1065 1790 Germanico
1095 1730 1238 1791 idiomate
1269 1731 1512 1809 perscriberem)
1541 1750 1601 1792 cu

244 1819 375 1881 nondum
405 1819 587 1880 accessisset
615 1838 694 1879 nova
718 1818 826 1893 stella,
855 1818 898 1879 sic
923 1819 1029 1879 solitus
1053 1837 1118 1879 sum
1149 1819 1301 1898 applicare
1325 1819 1366 1879 ad
1390 1829 1506 1880 nostn
1527 1830 1601 1881 ten·

243 1924 335 1988 pora,
369 1915 402 1968 ut
425 1908 550 1970 fidenter
581 1907 857 1986 pronunciaverim:
891 1908 1004 1969 frustra
1031 1927 1086 1971 nos
1118 1907 1231 1968 inhiare
1264 1904 1354 1969 rebus
1389 1908 1487 1987 plane
1520 1912 1601 1970 noris

242 1996 517 2077 mutationibusque
537 1996 658 2068 talibus,
684 1996 788 2076 quales
807 1996 953 2075 astrologi
977 1995 1063 2057 nobis
1078 2015 1115 2058 ex
1130 1997 1248 2074 trigono
1268 1997 1355 2075 igneo
1380 1998 1602 2076 praedicerent,

247 2104 342 2166 neque
364 2086 558 2165 perpendere,
584 2084 659 2164 qnod
676 2084 811 2164 proximo
827 2086 929 2146 seculo
944 2093 1048 2146 tantae
1068 2086 1133 2163 jam
1157 2085 1340 2147 mutationes
1364 2087 1601 2163 praecesserint,

246 2182 281 2238 ut
302 2175 353 2236 vix
384 2174 501 2258 majora
533 2174 684 2253 speranda
707 2175 755 2236 uel
780 2175 985 2253 exspectanda
1007 2175 1078 2235 sint.
1126 2174 1232 2254 ltaque
1266 2174 1406 2254 quicquid
1440 2187 1517 2255 post
1548 2178 1599 2238 hoe

241 2263 359 2325 initium
382 2263 493 2342 trigoni
516 2263 595 2343 ignei
619 2264 748 2324 sutorum
768 2273 861 2336 esset,
886 2264 914 2323 id
931 2271 983 2324 aut
1002 2263 1066 2341 jam
1091 2263 1244 2344 antiquam
1263 2273 1294 2324 et
1309 2272 1432 2324 centum
1458 2285 1599 2327 annorum

242 2370 311 2414 esse
335 2352 484 2414 tabulam:
509 2359 561 2413 aut
576 2352 601 2412 si
617 2352 685 2432 quid
709 2353 798 2432 plane
818 2351 887 2412 novi
911 2361 1037 2424 seratur,
1062 2352 1235 2431 priusquam
1251 2352 1280 2413 id
1301 2352 1331 2413 in
1347 2371 1414 2413 earn
1442 2355 1599 2416 adolescat

242 2440 497 2521 magnitudinem,
530 2448 564 2502 ut
587 2442 689 2502 oculos
714 2443 865 2513 incurrat,
895 2440 1038 2520 plurimos
1063 2460 1101 2500 ex
1125 2442 1171 2516 iis,
1196 2442 1244 2521 qui
1269 2442 1359 2503 hodie
1384 2452 1477 2515 sunt,
1510 2445 1598 2504 uitam

244 2530 440 2603 deserturam,
465 2530 566 2610 itaque
590 2530 724 2592 inutilem
749 2538 780 2590 et
803 2530 917 2591 irritam
941 2548 1009 2590 esse
1032 2531 1162 2609 ipsorum
1186 2530 1406 2592 curiositatem.
1451 2532 1597 2594 Desinant

242 2618 334 2699 igitur
358 2619 490 2681 homines
516 2620 689 2690 (occasione
713 2619 800 2699 hujus
824 2619 942 2699 quidem
973 2618 1050 2680 initii
1073 2621 1110 2680 de
1134 2619 1251 2698 trigono
1277 2620 1380 2699 igneo,
1407 2622 1549 2684 solitarie
1569 2637 1597 2682 et

243 2709 423 2770 naturaliter
447 2710 645 2781 considerati)
670 2709 786 2770 somnia
800 2708 857 2769 sibi
872 2708 983 2787 tingere
1008 2708 1183 2788 magnifica:
1209 2709 1325 2771 Turcae
1340 2711 1379 2768 de
1394 2713 1596 2790 opprimendis

246 2795 446 2870 Christianis,
481 2795 646 2859 Christiani
670 2798 707 2857 de
731 2796 933 2858 subvertenda
963 2798 1067 2859 domos
1091 2797 1331 2860 Cthomannicae
1363 2802 1527 2880 tyrannide
1550 2813 1597 2861 sut

242 2886 280 2948 de
311 2886 522 2948 convertendis
554 2887 593 2949 ad
627 2886 715 2946 fidem
741 2886 944 2948 Christianam
968 2887 1149 2949 vastissimis
1173 2887 1267 2948 Asiae
1291 2888 1411 2967 regnis,
1437 2889 1595 2951 Persarum

242 2972 321 3053 Regi
345 2974 531 3055 parentibus,
555 2993 590 3035 eu
606 2976 683 3055 qnod
698 2974 833 3052 trigonus
848 2975 954 3053 igneus
973 2977 1076 3038 laveat
1094 2976 1230 3055 religioni
1246 2974 1447 3038 Christianae
1463 2979 1594 3040 scilieet:

241 3073 346 3145 partes
369 3083 424 3144 per
446 3063 598 3143 Europam
632 3064 787 3142 litigantes
811 3065 908 3125 altera
932 3065 968 3125 de
993 3066 1116 3126 alterius
1141 3065 1358 3143 exstirpatione
1388 3077 1444 3128 aut
1474 3087 1594 3149 recupe-

241 3152 378 3227 ratione,
414 3172 489 3232 qnae
526 3154 601 3214 citra
633 3152 784 3231 ingentem
817 3152 897 3213 orbis
927 3154 1083 3215 Terrarum
1117 3157 1345 3215 concussionem
1380 3165 1413 3215 et
1448 3158 1593 3220 inauditos

240 3243 385 3304 tumultus
409 3243 471 3304 lieri
495 3242 546 3302 vix
573 3242 701 3322 possint.
749 3240 951 3319 Quaecunque
979 3243 1056 3303 enim
1090 3243 1257 3322 hujusmodi
1291 3246 1410 3322 sperari
1436 3248 1488 3306 rel
1512 3248 1593 3307 metui

239 3332 289 3411 pie
313 3329 442 3405 soleant,
466 3351 568 3393 eorum
592 3330 706 3391 semina
730 3332 858 3391 nondum
882 3340 964 3392 certe
983 3331 1166 3392 sufficienter
1190 3350 1347 3411 apparere,
1375 3347 1409 3394 ut
1423 3338 1592 3415 astrologus

239 3420 432 3483 verisimilem
457 3421 524 3482 iude
549 3422 750 3500 conjecturam
775 3421 902 3480 formare
935 3421 1047 3500 possit,
1082 3416 1170 3502 quarn
1194 3421 1243 3481 diu
1269 3422 1391 3500 quidem
1415 3425 1503 3486 solas
1527 3445 1591 3487 con-

236 3510 409 3590 junctiones
434 3530 558 3590 magnas
583 3510 723 3581 intuetur,
749 3510 826 3587 quod
847 3509 919 3569 lacit
935 3511 969 3583 is,
994 3511 1043 3588 qui
1058 3510 1153 3589 ipsam
1170 3512 1261 3570 ctiam
1281 3511 1404 3574 stellam
1428 3518 1591 3575 naturalem

239 3608 272 3660 et
296 3599 509 3678 astrologicam
542 3601 680 3661 effectum
708 3617 776 3658 esse
809 3598 918 3658 statuit
948 3617 1074 3677 magnae
1110 3600 1347 3677 conjunctionis:
1383 3612 1418 3662 nt
1443 3604 1591 3665 Fabricius

239 3708 297 3750 non
322 3688 457 3762 obscure,
482 3697 516 3749 ut
539 3688 683 3764 astrologi
708 3687 773 3760 alii,
803 3687 852 3765 qui
876 3688 1059 3765 scripserunt
1085 3687 1256 3767 priusquam
1286 3708 1367 3749 noua
1397 3693 1493 3753 stella
1516 3712 1589 3754 con·

239 3777 402 3857 pamisset.
447 3777 524 3839 Nam
549 3777 625 3858 quod
650 3795 728 3836 nova
747 3776 836 3836 stella
859 3785 980 3854 praeter
996 3786 1120 3836 naturae
1145 3777 1288 3837 usitatum
1313 3796 1435 3841 cursum
1463 3782 1503 3842 ad
1526 3802 1589 3842 coo-

236 3865 422 3946 junctionem
456 3866 601 3927 accessit:
643 3865 679 3924 de
716 3864 803 3943 hujus
834 3865 876 3926 rei
908 3867 1161 3944 praeternaturali
1203 3866 1426 3945 significatione
1469 3873 1589 3932 nondum

242 3956 360 4035 quidem
385 3955 469 4034 coepi
493 3955 606 4026 dicere,
635 3953 685 4015 fiet
709 3964 807 4014 autem
831 3955 921 4031 paulo
945 3963 1031 4032 post:
1057 3955 1085 4015 in
1110 3974 1254 4034 praesens
1277 3975 1349 4017 vero
1375 3958 1497 4021 inculco
1520 3960 1588 4041 qnod

241 4044 331 4124 paulo
355 4042 540 4121 supradixi,
565 4042 700 4103 nimirum
725 4061 800 4122 quae
825 4061 862 4102 ex
885 4044 1072 4121 planetarum
1103 4044 1390 4124 corrfigurationibns
1414 4066 1476 4110 non
1500 4050 1586 4129 signi·

243 4132 369 4195 ficantur
392 4151 446 4211 per
469 4142 594 4193 naturae
618 4131 764 4211 quendam
789 4131 917 4202 modum,
941 4133 1029 4209 plane
1053 4151 1110 4193 noo
1134 4133 1383 4212 praesignificari.

330 4218 417 4292 Quae
441 4220 517 4294 dixi,
551 4219 680 4281 naturali
714 4229 887 4297 argumento
912 4239 950 4281 ex
973 4220 1047 4300 ipsis
1072 4223 1187 4300 magnis
1218 4223 1485 4302 conjunctionibus
1509 4228 1586 4288 docto

240 4310 430 4372 confirmavi:
456 4327 514 4371 non
529 4328 596 4370 esse
611 4328 664 4370 cur
682 4308 719 4369 ob
739 4308 815 4370 hanc
839 4328 980 4390 superam
1006 4311 1240 4389 conjunctionem
1264 4314 1463 4392 praecipuum
1485 4315 1585 4395 aliquid

242 4400 396 4478 majusque
421 4417 509 4478 qoam
532 4398 733 4477 superioribus
758 4398 872 4459 duobus
896 4399 1015 4471 seculis,
1041 4410 1165 4460 naturae
1190 4401 1228 4472 ri,
1253 4410 1481 4481 exspectemus.
1515 4406 1586 4467 hott

242 4488 319 4550 enim
342 4488 470 4548 interest
493 4487 531 4547 ad
555 4506 652 4547 rerum
677 4486 869 4548 humanarum
900 4497 1012 4548 statum
1046 4490 1304 4562 commovendum,
1334 4493 1373 4552 ab
1399 4494 1471 4570 igne
1497 4514 1533 4554 ao
1555 4494 1587 4552 at·

241 4595 320 4657 aqua
342 4576 477 4655 trigonus
502 4576 726 4637 denominetur:
752 4586 784 4637 at
798 4577 845 4637 hic
866 4577 989 4637 multum
1014 4577 1150 4649 interest,
1175 4580 1261 4638 multi
1281 4599 1318 4639 an
1338 4586 1427 4658 pauci
1454 4584 1586 4662 planetae

240 4666 319 4744 iique
351 4683 444 4744 prope
473 4683 509 4725 an
539 4664 606 4725 laxe
635 4674 666 4725 et
693 4666 808 4725 eminus
840 4675 955 4726 coeant
1003 4664 1077 4726 Cum
1111 4667 1187 4727 enim
1217 4687 1254 4727 ea
1286 4668 1418 4731 bominis
1455 4674 1586 4734 lacarias

241 4773 317 4834 qnae
343 4773 439 4832 capax
463 4763 511 4815 est
534 4753 752 4815 harmoniarum
778 4753 854 4816 inter
887 4757 1070 4815 radiationes
1104 4757 1270 4831 coelestes,
1302 4757 1371 4837 ipsa
1399 4778 1521 4842 quoqne
1542 4763 1586 4821 det

241 4843 297 4902 huc
321 4842 441 4917 homini,
467 4853 499 4903 ut
523 4844 563 4904 sit
587 4842 695 4904 animal
720 4843 872 4916 sociabile,
899 4845 966 4921 ipsa
990 4846 1124 4905 nimirum
1149 4846 1189 4905 sit
1209 4847 1438 4910 fundamentum
1459 4863 1491 4912 et
1510 4853 1584 4930 prin·

241 4930 349 5008 cipium
381 4932 553 5010 politiamm
575 4951 629 5010 per
657 4932 790 5011 singulos
824 4951 959 5010 sparsum
993 4935 1168 5004 (instinctus
1199 4936 1277 4996 enim
1302 4947 1349 4997 est
1379 4940 1484 5015 potins
1515 4939 1584 5019 apud

239 5019 384 5095 homines,
408 5039 495 5101 quarn
519 5021 684 5091 consilium,
709 5022 736 5080 io
761 5040 847 5081 unurn
872 5022 960 5089 coire,
981 5022 1045 5083 Deo
1068 5023 1244 5103 providente
1264 5025 1472 5091 imbecillitati
1496 5030 1583 5091 ratio-
