3692 5842
241 488 308 556 634
605 565 609 570 ῃ
720 491 760 540 no
779 489 859 541 seu·
876 459 1117 556 nmssqsauu

241 667 332 729 Dicat
355 668 461 739 etiam,
495 685 547 726 cur
579 667 608 727 id
639 667 750 726 siccum
783 665 884 744 potius
916 683 1004 745 quam
1037 663 1211 728 humidum?
1259 666 1395 748 Primum
1428 663 1542 743 inquit,
1571 664 1596 724 si

242 758 360 816 Taurus
384 756 567 816 constitutus
591 755 700 816 fuisset
723 754 875 823 humidus,
909 754 1056 817 Cancrum
1084 754 1270 833 oportuisset
1292 773 1362 814 esse
1385 753 1513 814 siccum.
1558 751 1598 814 At

241 845 346 906 melius
370 854 434 905 erat
460 845 589 903 Taurum
615 862 681 903 esse
705 844 829 915 siccum,
864 850 897 903 nt
930 843 1001 903 bina
1028 844 1192 921 conjugata
1224 843 1366 922 sigusia
1390 861 1452 902 nna
1475 842 1597 920 passiva

240 943 273 994 et
305 932 456 993 materiali
490 932 637 1009 qualitate
671 932 880 1003 convenirent,
913 932 1005 991 Aries
1029 941 1060 993 et
1082 932 1197 992 Taurus
1226 932 1257 993 in
1287 932 1387 1004 sicce,
1421 928 1548 992 Getnini
1569 941 1598 988 et

242 1020 361 1083 Cancer
384 1022 413 1081 in
437 1022 567 1092 humido,
592 1021 655 1081 Leo
680 1031 711 1080 et
735 1021 830 1098 i'irgo
854 1021 882 1079 in
906 1020 986 1080 sicco
1009 1031 1041 1081 et
1064 1021 1108 1080 sic
1131 1032 1361 1099 consequenter.

331 1110 461 1170 Videtur·
496 1109 541 1169 bic
573 1109 688 1188 aliquus
721 1128 758 1168 ex
792 1109 899 1168 cabala
933 1109 1090 1169 thesauros
1123 1110 1241 1187 aperire
1270 1110 1470 1169 Albumasar.
1522 1105 1596 1169 naa

241 1218 338 1260 rernm
364 1207 500 1257 naturam
525 1199 610 1274 quasi
634 1217 688 1275 per
712 1197 810 1257 ludum
836 1197 976 1275 explicat.
1017 1195 1146 1257 Omnino
1161 1215 1272 1257 marem
1288 1208 1321 1258 et
1334 1195 1482 1256 timinam
1501 1195 1597 1272 specie

142 1339 148 1352 .
240 1288 397 1348 convenire
421 1295 556 1365 oportet,
589 1295 622 1345 ut
654 1286 784 1364 speciem
815 1295 1000 1364 propagent,
1033 1305 1106 1346 sexu
1139 1304 1210 1347 reru
1242 1295 1351 1346 contra
1384 1303 1419 1342 se
1443 1281 1596 1360 distingui.

241 1378 306 1437 Hoc
330 1376 543 1435 adumbrantes
568 1394 638 1451 erge
663 1394 698 1433 ex
715 1375 925 1434 Albumasaris
949 1375 1102 1434 sententia
1123 1385 1243 1435 veteres
1258 1375 1300 1434 ilii
1317 1374 1391 1433 bina
1413 1371 1508 1449 signa
1528 1389 1597 1430 cun-

242 1466 336 1542 tigua,
362 1483 437 1543 quae
462 1462 518 1540 ipsi
543 1463 680 1540 conjugio
705 1466 890 1540 copularunt,
917 1462 1065 1523 materiali
1090 1463 1238 1541 qualitate
1259 1461 1425 1522 corruenire
1450 1460 1599 1526 dixerunt,

241 1553 348 1613 activis
382 1571 434 1612 ceu
460 1551 635 1630 quibusdam
669 1551 851 1628 genitalibus
885 1551 1039 1629 distingui.
1086 1553 1133 1612 Ac
1164 1570 1230 1612 cum
1263 1551 1342 1611 duae
1376 1549 1466 1610 solae
1499 1557 1597 1608 essent

240 1637 379 1719 passivae
403 1640 576 1718 qualitates,
602 1640 684 1702 sicca
706 1649 736 1699 et
758 1641 887 1710 humida,
913 1642 970 1700 duo
995 1639 1085 1700 etiam
1110 1640 1321 1701 connubiorum
1347 1656 1467 1716 genera
1489 1654 1596 1714 posue·

240 1738 327 1798 runt,
357 1730 437 1788 lucos
467 1728 495 1788 in
520 1729 642 1788 zodiaco
666 1730 799 1790 alternos
823 1730 951 1789 sortita:
986 1739 1019 1790 ut
1049 1729 1076 1788 in
1109 1748 1204 1790 rerum
1229 1737 1340 1788 natura
1363 1726 1429 1786 alia
1453 1737 1505 1786 eat
1528 1723 1600 1784 inter

238 1815 375 1878 homines
400 1818 508 1895 copula
532 1817 622 1876 maris
644 1828 676 1877 et
698 1818 835 1888 feminae,
861 1818 922 1877 alia
937 1818 1015 1878 inter
1029 1817 1132 1878 boves.
1170 1819 1350 1878 Alluserunt
1366 1814 1500 1876 forsitan
1514 1811 1599 1874 etiam

242 1907 279 1966 ad
304 1907 513 1967 successiones
537 1915 656 1966 mutuas
680 1906 809 1967 aestatis
833 1916 865 1967 et
880 1907 986 1968 hiemis
1010 1906 1095 1966 etin
1119 1915 1245 1985 utraque
1268 1905 1327 1966 diei
1354 1922 1392 1965 ac
1416 1903 1531 1964 noctis.

330 1996 415 2055 Haec
440 2004 588 2073 utcunque
613 1995 758 2062 babeant,
792 1996 851 2055 etsi
881 1996 999 2075 quidem
1023 1994 1180 2072 ingeniosa
1198 1994 1254 2055 hac
1278 2004 1407 2053 naturae
1433 1989 1599 2052 imitatione

243 2093 274 2144 et
298 2081 476 2162 qualitatum
503 2083 530 2141 in
556 2083 643 2160 signa
657 2084 867 2145 distributione
893 2086 1000 2145 merito
1015 2081 1158 2158 delector,
1183 2102 1240 2142 nun
1256 2091 1360 2142 tamen
1376 2079 1506 2160 majoris
1524 2078 1599 2139 illan

242 2173 320 2233 facio
345 2190 432 2250 quam
457 2189 511 2249 par
535 2180 598 2243 est;
632 2192 686 2232 nec
715 2172 740 2231 si
767 2172 853 2250 primi
878 2181 1017 2234 auctores
1041 2172 1139 2250 legem
1163 2172 1313 2251 quandam
1338 2171 1403 2229 suis
1438 2167 1600 2230 ratiociniis

241 2260 411 2321 arbitrariis
436 2280 454 2319 a
478 2279 574 2319 rerum
606 2269 714 2321 natura
746 2271 816 2321 sunt
849 2263 993 2329 mutuati,
1026 2269 1187 2340 prepterea
1219 2259 1353 2319 vicissim
1387 2267 1459 2318 tota
1492 2256 1601 2334 reliqna

242 2349 418 2411 coelestium
452 2359 561 2408 natura
593 2368 658 2408 sese
692 2349 819 2428 subjecit
851 2350 898 2411 his
931 2368 1032 2411 eorum
1065 2349 1244 2411 ratiociniis:
1283 2356 1316 2408 nt
1350 2347 1534 2407 lrertulanus
1565 2343 1600 2403 ad

241 2438 407 2517 quinarium
433 2456 583 2497 numerum
608 2438 730 2498 floribus
755 2438 932 2499 familiarem
957 2437 1135 2515 respiciens,
1167 2438 1194 2497 si
1223 2436 1368 2516 pulvillos
1390 2441 1496 2495 struat
1518 2433 1599 2512 quin·

243 2527 425 2606 quangulos‚
451 2545 508 2585 non
534 2525 600 2585 ideo
624 2527 730 2599 eflicit,
756 2537 788 2586 ut
813 2527 928 2589 felicius
951 2527 981 2587 in
1005 2526 1043 2586 iis
1064 2528 1244 2605 proveniant
1267 2543 1377 2585 rosae:
1402 2524 1477 2602 qnia
1498 2531 1601 2583 natura

243 2617 335 2688 floris,
361 2615 417 2674 etsi
443 2615 669 2674 ratiocinantem
694 2616 883 2675 hortulanum
907 2617 1049 2675 admonet
1076 2615 1113 2674 de
1137 2614 1377 2694 quinquangulu,
1412 2631 1476 2672 non
1505 2621 1600 2670 tamen

242 2705 281 2765 ab
309 2723 453 2783 expresse
485 2704 706 2782 quinquanguln
739 2704 920 2782 reciprocam
954 2704 1037 2783 capit
1070 2703 1243 2763 utilitatem.
1297 2700 1380 2771 Quin
1415 2700 1476 2762 boc
1506 2699 1601 2778 petias

242 2803 371 2872 apparet
394 2812 431 2852 ex
456 2792 592 2869 diligenti
617 2811 774 2853 causarum
795 2794 897 2853 barum
912 2792 1124 2871 pensitatione,
1149 2792 1237 2870 signa
1257 2791 1375 2852 zodiaci
1391 2790 1433 2849 ab
1448 2785 1601 2849 elementis

243 2882 438 2942 denominata
460 2899 542 2941 mero
557 2880 743 2942 inventurum
766 2882 904 2943 arbitrie:
930 2900 1035 2942 revera
1050 2890 1150 2940 autem
1170 2882 1254 2941 nrrlls
1272 2880 1397 2941 arctiori
1422 2877 1600 2956 cognatione

242 2989 308 3031 cnm
332 2970 401 3043 illis,
427 2991 445 3031 a
468 2970 575 3048 quibus
590 2968 819 3031 denominantur
841 2970 968 3046 singula,
994 2969 1139 3030 connecti.
1186 2968 1324 3047 Denique
1339 2968 1386 3029 sic
1409 2977 1601 3045 comparatae

241 3068 313 3118 sunt
336 3059 392 3119 irae
417 3058 688 3119 denominationum
703 3077 823 3132 causae,
849 3068 882 3119 ut
897 3068 1039 3118 maneant
1053 3056 1174 3119 numina
1193 3057 1308 3135 igneus,
1333 3064 1457 3128 aereus,
1483 3071 1601 3135 aqueus,

242 3157 368 3220 terreus,
394 3146 583 3224 quantumvis
608 3147 831 3207 discedentibus
855 3147 922 3207 fixis
947 3167 999 3207 seu
1023 3146 1203 3224 imaginibus
1227 3146 1510 3206 constellationum.

331 3235 452 3295 Etenim
477 3237 525 3314 qni
550 3236 663 3312 primus
688 3235 874 3308 deliberavit,
901 3255 1047 3313 quaenam
1068 3235 1228 3313 praecipue
1252 3235 1341 3310 signa
1366 3256 1384 3294 a
1409 3233 1520 3312 quibus
1542 3231 1600 3290 ele·

243 3324 353 3384 mentis
377 3326 599 3383 denominaret:
633 3325 657 3382 si
683 3325 720 3383 ad
754 3325 830 3383 lixas
855 3324 1053 3401 respexisset,
1087 3325 1216 3383 Taurum
1241 3324 1373 3383 calidum
1397 3335 1432 3382 et
1458 3321 1600 3382 lruruidunr

242 3414 385 3486 dixissen
410 3414 538 3473 calidum
564 3413 601 3471 ab
625 3413 711 3489 igneo
737 3412 851 3486 fulgore
876 3412 1014 3484 Palilicii,
1041 3413 1192 3473 humidum
1218 3432 1237 3470 a
1260 3411 1441 3489 Plejadibus
1464 3421 1498 3470 et
1521 3409 1600 3489 Ilpa·

241 3503 338 3570 dibus,
364 3521 439 3580 quae
464 3502 581 3578 plantas
605 3520 748 3577 generare
772 3501 981 3561 credebantur.
1029 3500 1080 3561 Sic
1104 3500 1301 3578 Scorpionem
1331 3501 1464 3560 dixisset
1491 3498 1601 3575 ignee·

242 3590 280 3649 ab
305 3591 392 3668 ignee
418 3590 571 3649 Arelateos
595 3591 692 3649 sidere
715 3590 803 3666 primi
829 3589 966 3661 honoria,
1001 3591 1078 3667 quod
1108 3591 1273 3666 proximum
1309 3601 1378 3649 erat
1401 3584 1600 3664 conjunctioni

242 3679 365 3739 Saturni
390 3688 421 3736 et
443 3679 530 3738 loris
553 3679 746 3757 praeteritae.

329 3768 379 3828 lla
395 3767 488 3838 rides,
506 3766 561 3825 bas
577 3767 834 3827 denominationes
850 3765 888 3824 ab
904 3765 1063 3825 elementis
1078 3765 1234 3825 desumtas
1251 3785 1308 3824 nun
1324 3767 1454 3825 fixarum
1469 3777 1599 3841 respectu

241 3855 402 3915 obvenisse
426 3855 539 3933 signis:
568 3875 658 3934 quare
684 3873 777 3934 neque
802 3873 866 3914 cum
892 3854 1027 3915 discessu
1052 3855 1176 3914 lixarum
1200 3872 1216 3913 e
1240 3853 1336 3932 signis
1361 3854 1599 3931 exstinguuntur.

826 4093 1013 4103 —..—--

802 4313 921 4411 Caput
950 4313 1030 4386 vll.

242 4488 334 4566 Quae
357 4510 455 4551 cansa
479 4488 639 4552 rruttrrulr's
661 4492 752 4572 eiqrm
768 4490 917 4561 Zodiuci,
942 4492 1107 4552 trientibus
1124 4486 1240 4551 eirctrli
1262 4489 1433 4560 eliciendis,
1457 4492 1493 4550 in
1508 4508 1597 4550 nna!

724 4578 940 4660 triplicitatem
964 4577 1110 4660 copruIet?

327 4733 447 4793 Dictum
472 4744 520 4792 est
545 4735 635 4811 igilur
659 4737 818 4806 hactenns,
852 4739 919 4815 quid
953 4738 993 4797 sit
1016 4738 1165 4814 Trigonus
1191 4738 1296 4813 ignens
1322 4738 1448 4798 notione
1472 4738 1596 4798 astrolo-

240 4818 323 4896 gica:
349 4823 425 4897 qnod
452 4841 555 4899 nempe
580 4824 641 4883 sint
665 4836 727 4884 tres
752 4828 864 4886 zodiaci
890 4828 1083 4886 duodecimae
1103 4838 1217 4909 partes
1250 4828 1397 4902 trianguli
1434 4829 1530 4888 tonna
1552 4843 1598 4904 prr

240 4907 394 4967 andiacum
428 4909 593 4986 dispositae
627 4922 658 4971 et
690 4914 728 4970 ab
762 4916 829 4990 igne
862 4916 1080 4974 denominatae.
1129 4913 1205 4976 Cum
1238 4927 1342 4978 autern
1377 4927 1411 4975 et
1443 4917 1598 4978 sectionem

241 4991 359 5054 zodiaci
382 4994 411 5054 in
435 5005 539 5073 partes
567 4996 606 5057 12
630 5007 660 5059 et
684 5002 812 5077 partium
837 5003 1096 5064 denominationes
1126 5011 1189 5063 tam
1219 5023 1239 5064 a
1269 5023 1348 5065 sexu
1373 5017 1406 5066 et
1429 5003 1598 5067 animalibus
