3692 5842
847 465 931 531 Caput
948 466 993 518 lv.
1535 470 1599 540 627

331 637 394 703 Cur
423 659 494 701 vero
526 660 563 702 ex
586 641 634 702 his
658 648 788 722 quatuor
811 643 1029 721 quadrantibus
1060 644 1176 706 zodiaci
1207 644 1334 724 quilibet
1364 645 1393 707 in
1424 647 1485 709 tria
1513 649 1601 728 signa

235 746 331 808 porro
362 727 532 805 dividatur,
562 739 596 790 ut
626 729 671 790 ita
700 730 788 808 signa
817 732 891 791 fiant
921 753 1043 794 nurnero
1075 732 1128 808 12,
1158 753 1281 793 causam
1303 735 1491 819 .lll'raganus
1521 738 1599 801 hanc

236 818 325 892 dicit,
349 818 428 900 quod
451 816 494 878 sit
515 827 641 879 naturae
665 827 897 880 consentaneum
922 842 1035 902 usuque
1059 831 1220 901 receptum,
1244 823 1409 902 quamlibet
1424 845 1485 886 rem
1502 847 1600 909 quan-

235 915 303 972 tam
328 906 522 985 distinguere,
538 906 567 968 in
591 908 779 987 principium,
804 910 934 970 medium
957 920 987 971 et
1009 914 1107 972 linem.

330 995 436 1059 Tertia
459 1015 551 1057 causa
575 1016 627 1058 seu
652 997 770 1058 occasio
801 997 960 1060 divisionis
991 1000 1125 1077 praecise
1157 998 1359 1059 duodenariae
1390 1001 1556 1063 desumitur
1579 1024 1598 1063 a

237 1085 466 1166 comparatione
495 1092 638 1163 aspectus
669 1085 740 1147 trini
771 1105 838 1146 cum
868 1090 1026 1167 quadrato.
1075 1087 1276 1151 Consentiunt
1303 1087 1380 1148 enirn
1410 1089 1440 1149 in
1463 1090 1520 1151 boc
1543 1111 1598 1151 ex-

228 1169 406 1258 perientia,
437 1192 512 1253 quae
543 1191 623 1247 rem,
655 1184 686 1235 et
714 1174 889 1235 harmonica
916 1176 1010 1250 ratio,
1043 1197 1119 1257 qnae
1143 1196 1266 1237 causam
1290 1177 1332 1237 rei
1357 1177 1486 1250 indicat,
1519 1180 1599 1259 quod
1671 1195 1674 1200 ’

236 1263 319 1328 binis
343 1261 473 1342 planetis
497 1262 536 1322 ad
559 1262 657 1324 visum
681 1263 772 1323 tertia
795 1264 900 1324 circuli
923 1265 1039 1326 zodiaci
1055 1274 1141 1345 parte
1166 1266 1218 1335 (de
1235 1286 1293 1345 qua
1310 1285 1401 1343 supra
1417 1266 1514 1343 capite
1530 1270 1598 1342 IL),

237 1352 422 1438 veltquarta
444 1351 493 1412 vel
517 1359 605 1411 sexta
623 1352 817 1426 distantibus,
841 1372 951 1430 magna
968 1355 1081 1414 existat
1096 1354 1257 1415 commotio
1274 1361 1398 1415 naturae
1416 1355 1597 1417 sublunaris.

236 1441 346 1505 Posito
377 1459 449 1520 ergo
481 1440 612 1501 Saturno
644 1441 673 1501 in
704 1440 851 1520 principio
882 1441 999 1502 Arietis
1031 1444 1116 1522 qumi
1146 1442 1306 1515 immobili,
1339 1441 1387 1502 ubi
1410 1443 1464 1504 Sol
1495 1444 1533 1504 ab
1562 1464 1598 1504 eo

237 1537 357 1594 tantum
381 1529 551 1601 recesserit,
576 1537 609 1589 ut
628 1529 723 1607 prinro
740 1539 843 1602 serta,
871 1530 940 1591 dein
964 1542 1087 1611 quarta,
1118 1532 1246 1611 denique
1270 1531 1362 1592 tertia
1385 1532 1489 1592 circuli
1513 1542 1599 1614 parte

237 1617 358 1704 distata
375 1617 472 1679 tribus
497 1617 545 1677 his
569 1617 644 1679 locis
660 1626 763 1697 partes
780 1618 883 1680 circuli
900 1620 1092 1692 duodecimas
1109 1620 1289 1699 intercipiet.
1329 1619 1410 1680 Nam
1428 1619 1599 1683 differentia

237 1715 347 1772 sextae
371 1716 403 1767 et
425 1717 549 1785 quartae
573 1707 669 1785 partis
693 1706 803 1780 totius,
834 1707 905 1768 item
937 1716 1061 1786 quartae
1086 1717 1118 1770 et
1139 1711 1264 1782 tertiae,
1295 1708 1432 1787 utrinque
1457 1717 1599 1788 estpars

236 1797 336 1858 totius
360 1794 545 1857 duodecima.
592 1795 626 1856 ln
652 1795 789 1856 Geminis
821 1797 898 1857 enirn
922 1797 975 1857 Sol
1007 1798 1099 1858 faciet
1128 1798 1269 1858 sextilem
1298 1815 1364 1857 cum
1387 1799 1537 1872 Saturno,
1569 1797 1598 1858 in

238 1883 360 1950 Cancro
384 1883 577 1965 quadratum,
609 1885 635 1944 in
659 1884 760 1945 Leone
784 1885 904 1945 trinum.
951 1885 1019 1946 llini
1044 1886 1145 1965 itaque
1169 1905 1206 1946 ex
1229 1886 1319 1947 dictis
1342 1895 1484 1964 aspectus
1508 1907 1598 1946 occa-

237 1975 357 2038 sionem
379 1972 539 2052 praebent,
564 1972 719 2033 zodiacum
744 1973 773 2032 in
801 1971 840 2034 12
864 1983 968 2053 partes
992 1973 1160 2048 dividendi;
1186 1975 1363 2055 principium
1387 1993 1459 2035 vero
1483 1975 1597 2036 nullum

236 2073 354 2128 certum
377 2069 555 2122 monstrant.

329 2153 477 2223 Quartam
509 2150 562 2209 sed
593 2149 708 2210 futilem
732 2169 854 2209 causam
884 2149 1000 2228 allegat
1021 2146 1261 2223 Albumasar²)‚
1294 2150 1444 2211 iuvenisse
1477 2158 1596 2211 veteres

236 2241 268 2306 ‘m
293 2241 377 2302 coelo
409 2238 556 2316 imagines
580 2235 637 2310 48,
670 2257 707 2297 ex
738 2236 844 2318 quibus
878 2258 944 2298 cum
981 2237 1017 2299 12
1046 2237 1075 2299 in
1106 2239 1261 2300 zodiacum
1289 2239 1439 2312 incidant,
1470 2239 1598 2301 totidem

235 2329 305 2410 eius
328 2330 427 2390 factas
451 2333 564 2405 partes.
604 2328 683 2387 Nam
706 2337 739 2387 ut
762 2327 799 2386 ab
823 2327 929 2387 ultima
953 2347 1045 2387 causa
1067 2327 1244 2408 principium
1269 2328 1377 2389 faciani
1394 2328 1596 2401 refutationis

234 2418 401 2498 imaginum
430 2414 595 2494 antiquitus
624 2414 657 2475 11
685 2416 782 2476 solum
812 2415 842 2476 in
865 2416 1020 2476 zodiacum
1051 2416 1227 2477 inciderunt.
1275 2417 1360 2487 duas
1386 2418 1464 2478 enim
1488 2417 1596 2477 stellas

234 2507 350 2572 Librae
374 2504 549 2577 tribuimus,
582 2523 635 2565 eae
659 2505 818 2583 Scorpioui
848 2524 901 2583 pro
932 2504 1028 2565 clrelis
1058 2506 1304 2566 accersebantur.
1350 2505 1467 2565 Audiat
1494 2506 1596 2585 itaque

233 2594 431 2666 Albumasar‚
456 2613 514 2652 non
532 2592 598 2652 ideo
619 2590 657 2653 12
674 2593 856 2654 constitutas
873 2613 941 2654 esse
957 2594 1073 2654 zodiaci
1096 2603 1210 2673 partes,
1234 2594 1313 2673 quod
1330 2602 1434 2654 essent
1456 2594 1595 2654 inventae

242 2680 280 2746 12
304 2682 450 2761 imagines
466 2682 741 2755 constellationum,
766 2683 819 2742 sed
836 2692 941 2743 contra
957 2684 1024 2743 ideo
1041 2683 1148 2743 stellas
1164 2683 1192 2742 in
1209 2683 1325 2743 zodiaci
1345 2682 1454 2744 vicinia
1472 2702 1594 2743 numero

237 2772 377 2852 praecise
402 2771 586 2831 duodenario
610 2771 800 2845 distributas,
825 2772 896 2850 quia
918 2772 988 2832 aliis
1012 2773 1048 2832 de
1073 2772 1174 2832 causis
1192 2779 1314 2850 recepta
1329 2779 1395 2831 erat
1410 2771 1595 2832 duodenaria

235 2860 347 2924 divisio
372 2859 400 2919 in
424 2858 588 2919 zodiacum.
633 2860 722 2921 Adde
746 2861 825 2939 quod
848 2860 1090 2921 constellationis
1114 2860 1212 2938 imago
1236 2879 1295 2921 non
1319 2859 1439 2921 conficit
1466 2861 1592 2939 siguum.

234 2949 317 3014 Sunt
338 2946 417 3008 enim
441 2946 559 3027 aliquae
583 2958 726 3008 extensae
750 2950 830 3010 ultra
852 2959 969 3029 partem
993 2950 1122 3010 ambitus
1139 2949 1355 3023 duodecimam,
1381 2948 1499 3029 aliquae
1519 2969 1594 3009 con-

233 3047 369 3102 tractae:
396 3035 579 3115 signavero
603 3038 824 3116 astrologorum
848 3040 923 3099 adeo
949 3048 1018 3100 sunt
1048 3039 1184 3099 minutim
1215 3038 1352 3098 dimensa
1382 3038 1412 3098 in
1444 3036 1594 3098 sectiones

234 3124 448 3204 duodenarias,
474 3133 507 3184 ut
529 3124 649 3204 Jupiter
672 3127 701 3186 in
726 3122 793 3189 211ο
815 3123 868 3189 59’
891 3123 956 3189 59”
982 3128 1175 3190 Geminorum
1192 3136 1352 3188 censeatur
1368 3128 1397 3187 in
1414 3127 1593 3188 detrimento

234 3235 302 3290 suo,
326 3223 432 3277 nactus
456 3223 540 3274 atros
564 3215 697 3275 calculos
721 3216 848 3297 quinque
856 3236 865 3289 ;
888 3225 959 3295 post
974 3217 1119 3276 minutum
1144 3216 1288 3294 temporis
1312 3216 1491 3278 transitione
1511 3217 1594 3276 lacta

232 3304 265 3366 in
289 3298 329 3365 0ο
359 3301 391 3365 0¹
428 3301 464 3361 l“
489 3301 609 3377 Cancri,
629 3304 694 3381 jam
719 3304 807 3379 felir,
827 3305 893 3383 jam
917 3306 947 3365 in
971 3305 1155 3365 exaltatione
1180 3324 1249 3377 sua,
1274 3315 1400 3384 quatuor
1424 3304 1503 3365 albis
1527 3304 1592 3364 cal-

232 3392 312 3456 culis
335 3391 469 3471 gaudeat
492 3390 517 3450 si
543 3391 602 3452 diis
625 3391 734 3471 placet.
775 3395 888 3454 Valeat
911 3393 1011 3472 itaque
1035 3400 1142 3473 quarta
1157 3392 1231 3452 haec
1255 3387 1348 3453 caus'a
1362 3392 1589 3457 Albunrasarls:

232 3479 372 3544 dicamus
395 3488 426 3541 et
448 3481 486 3541 de
510 3480 607 3541 tribus
631 3481 846 3560 superioribus,
871 3490 904 3542 ut
926 3491 1041 3559 pateat,
1065 3501 1124 3541 nou
1147 3481 1220 3540 ellici
1245 3500 1298 3559 per
1322 3482 1400 3553 illas,
1426 3490 1460 3541 ut
1482 3481 1512 3540 in
1536 3501 1590 3540 zo-

232 3569 322 3630 diaco
346 3569 434 3649 signa
463 3566 500 3629 12
525 3569 605 3629 veris
630 3580 660 3631 et
684 3571 871 3632 naturalibus
896 3570 1056 3642 limitibus,
1082 3578 1134 3629 aut
1157 3569 1227 3629 aliis
1250 3580 1339 3647 atquc
1363 3568 1433 3629 aliis·
1457 3569 1590 3648 qualita-

230 3657 316 3720 tibus
340 3658 402 3719 sint
424 3657 578 3718 distincta.
617 3660 660 3719 Et
683 3660 719 3718 de
742 3660 839 3738 prima
855 3658 974 3739 quidem
999 3669 1088 3739 atque
1112 3657 1204 3719 tertia
1227 3678 1285 3718 non
1310 3658 1427 3718 difficile
1452 3665 1501 3719 est
1517 3676 1591 3737 pro-

230 3746 317 3821 bue,
342 3766 408 3808 cum
432 3767 489 3807 non
507 3747 695 3808 constituant
710 3749 882 3809 constantia
899 3748 989 3827 hujus
1013 3746 1171 3808 divisionis
1195 3746 1289 3807 initia
1330 3749 1435 3826 ltaque
1459 3748 1486 3809 si
1506 3745 1589 3808 verbi

230 3835 334 3916 gratia
367 3832 431 3898 19⁰
453 3836 614 3914 Sagittarii
645 3838 895 3916 aconjunctione
926 3837 1115 3899 luminarium
1145 3836 1205 3896 vim
1236 3834 1383 3897 siccitatis
1414 3836 1587 3899 sortiretur:

230 3923 347 4003 elapsis
370 3923 486 4004 aliquot
509 3923 661 3984 mensibus
686 3925 716 3985 in
740 3926 865 3986 eundem
896 3921 957 3988 19ο
979 3925 1137 4005 Sagittarii
1161 3924 1295 3985 incidens
1311 3926 1506 4004 plenilunium
1529 3925 1589 3986 vim

229 4011 260 4074 ei
286 4012 476 4074 humectandi
507 4014 652 4074 infundet.
699 4015 783 4076 Idem
811 4015 847 4074 de
872 4016 1044 4093 aspectibus
1068 4015 1255 4093 planetarum
1279 4013 1337 4075 dici
1366 4024 1483 4093 potest,
1514 4035 1589 4094 quos

230 4101 289 4182 ipsi
313 4100 527 4162 circumierunt
549 4121 603 4180 per
626 4121 742 4161 omnen]
768 4104 910 4164 ambitum
927 4124 991 4165 curn
1008 4104 1070 4164 suis
1085 4103 1267 4181 corporibus.
1307 4101 1383 4164 Corn
1400 4124 1470 4164 vero
1485 4114 1587 4163 astron

229 4189 365 4268 lagorurn
390 4190 478 4268 signa
501 4189 615 4251 zodiaci
640 4192 812 4252 constantia
835 4192 974 4254 dicantur
997 4193 1106 4252 babere
1132 4192 1230 4264 initia,
1265 4193 1338 4253 nilril
1372 4193 1410 4252 ad
1445 4192 1497 4252 illa
1530 4191 1586 4250 hae

228 4297 357 4350 causae,
390 4287 513 4357 praeter
536 4278 591 4339 lroc
615 4298 718 4352 unum,
753 4281 830 4359 quod
860 4292 1048 4342 astronomos
1078 4280 1190 4359 primos
1224 4280 1387 4341 invitarunt
1411 4280 1524 4341 eminus
1549 4281 1586 4339 ad
1632 4322 1638 4334 .

228 4367 399 4448 praecisum
424 4386 575 4429 numerum
600 4367 826 4442 duodenarium,
852 4388 938 4448 quern
963 4371 1006 4430 illi
1030 4388 1176 4430 unacum
1200 4369 1402 4430 subdivisione
1427 4368 1588 4430 tricenaria

227 4454 349 4536 penitus
373 4466 444 4515 sunt
467 4456 607 4534 amplexi,
632 4476 688 4517 non
713 4467 850 4518 naturam
876 4467 1018 4529 motuum,
1043 4461 1118 4538 quae
1143 4457 1336 4536 discrepabat
1360 4457 1506 4530 nonnihil,
1532 4458 1585 4517 sed

227 4563 315 4606 auum
340 4542 496 4604 arbitrium
519 4552 552 4604 et
574 4546 686 4606 numeri
712 4541 776 4608 360
800 4547 1039 4625 amplitudinem,
1073 4566 1111 4606 ex
1134 4548 1300 4625 geometria
1323 4556 1433 4618 orlavu,
1468 4547 1585 4606 occulto

227 4631 373 4694 instinctu
397 4641 429 4692 et
452 4632 615 4694 manifesta
638 4634 753 4694 ratione
777 4636 882 4697 secuti.
922 4635 1002 4696 Sane
1027 4635 1144 4715 quidem
1169 4637 1245 4714 quod
1271 4636 1331 4697 dixi
1350 4636 1386 4695 de
1403 4634 1584 4695 inconstanti

227 4719 385 4782 divisionis
409 4721 547 4794 termino,
572 4722 649 4782 idern
674 4723 766 4783 etiam
791 4725 951 4785 secundam
976 4743 1097 4785 causam
1122 4725 1247 4799 attinet;
1277 4743 1344 4784 narn
1370 4735 1401 4783 et
1423 4721 1475 4784 Sol
1500 4723 1583 4800 prin-

226 4807 336 4888 cipium
360 4808 418 4869 hoc
437 4828 531 4876 suum,
556 4831 660 4889 nornpe
676 4812 791 4873 Arietis
806 4814 933 4890 primum
951 4821 1092 4891 punctum
1117 4812 1172 4873 sub
1196 4813 1319 4873 fixarum
1344 4812 1482 4890 sphaera,
1507 4829 1583 4888 quae

227 4896 377 4959 naturalis
400 4906 457 4970 est,
483 4900 663 4977 transponit.
711 4902 814 4980 ltaque
840 4901 984 4975 astrologi
1006 4921 1062 4962 non
1079 4902 1174 4980 ipsunt
1188 4902 1325 4978 praecise
1351 4900 1503 4974 ambitum,
1529 4898 1582 4959 sed

227 4985 340 5066 aliquid
364 4986 454 5065 paulo
478 4988 606 5066 amplius
639 4989 703 5068 ipso
727 4989 864 5057 zodiaco,
899 4990 927 5050 iu
956 4989 994 5052 12
1018 4991 1171 5052 dividunt:
1202 4990 1324 5069 perinde
1355 5000 1445 5068 atque
1469 4987 1583 5049 faciunt

1310 5091 1367 5142 ⁴0·
