3692 5842
764 469 846 536 Caput
863 471 895 523 V.
914 471 940 522 2.
1469 473 1535 542 235

171 645 323 710 radiorum
357 648 419 710 fere
452 646 536 708 nulla
567 648 601 709 tit
631 668 709 709 nova
741 648 883 710 refractio
916 649 945 709 in
979 649 1130 712 anteriore
1163 653 1332 733 crystallini
1366 656 1534 734 superficie,

170 735 309 817 quamvis
332 736 501 819 crystallini
530 737 651 798 densius
686 738 726 797 sit
760 738 889 799 medium
922 758 1011 817 quam
1041 739 1137 819 aquei.
1185 743 1317 803 Rursum
1352 752 1454 805 autem
1483 745 1533 807 hic

171 845 305 888 araneae
329 834 362 887 et
384 843 440 886 sno
464 825 588 900 humori,
613 827 788 907 crystallino
813 827 938 899 scilicet,
965 828 1083 888 ascribo
1100 829 1226 889 eandem
1243 829 1423 893 densitatem
1439 853 1533 895 causa
1598 888 1605 898 .

169 914 384 987 refractiouis,
414 921 448 975 ut
471 924 503 975 et
525 914 604 976 infra
627 916 723 976 vitreo
748 925 779 977 et
803 916 922 977 tunicae
956 916 1106 997 hyalinae.
1154 917 1351 980 Descendunt
1378 920 1470 1000 igitur
1503 924 1533 985 hi

171 1004 258 1065 unius
281 1003 387 1083 puncti
411 1003 506 1075 radii,
539 1010 684 1083 quantum
708 1024 810 1066 eorum
838 1024 890 1083 per
917 1005 1049 1066 foramen
1074 1024 1167 1066 uveae
1193 1007 1249 1068 fuit
1274 1008 1457 1082 admissum,
1481 1030 1534 1090 per

170 1111 289 1154 omnem
314 1091 551 1172 profunditatem
576 1094 743 1174 crystallini
772 1112 890 1172 semper
921 1094 1017 1172 magis
1051 1095 1206 1173 magisque
1243 1105 1402 1172 coeuntes,
1435 1101 1533 1178 quoad

173 1182 369 1263 pervenerint
392 1181 431 1242 ad
454 1182 651 1260 posteriorem
685 1183 853 1263 crystallini
887 1182 1111 1264 hyperbolicam
1143 1185 1338 1262 superficiem.
1385 1187 1532 1269 Adeoque

171 1272 198 1333 si
221 1270 285 1332 fieri
311 1277 426 1350 posset,
452 1278 485 1331 ut
508 1270 611 1331 horum
635 1272 786 1332 radiorum
811 1271 919 1331 seriem
946 1272 972 1332 in
999 1274 1083 1333 oculo
1109 1274 1241 1333 sectione
1266 1275 1331 1352 quis
1355 1275 1532 1353 imitaretur,

170 1362 198 1423 is
222 1379 242 1420 a
265 1359 389 1421 summis
423 1377 550 1419 corneae
579 1379 671 1440 usque
706 1361 743 1420 ad
768 1360 890 1421 ultimas
914 1361 1080 1441 crystallini
1108 1371 1211 1439 partes
1234 1381 1324 1423 uuam
1348 1366 1534 1445 eandemque

173 1451 292 1511 faceret
315 1448 450 1510 conicam
474 1449 669 1528 superficiem,
695 1449 779 1534 cujus
804 1449 922 1528 quidem
947 1449 1113 1528 amplitudo
1138 1459 1187 1511 est
1211 1451 1344 1512 foramen
1369 1473 1461 1515 uveae
1483 1455 1533 1516 illo

171 1540 248 1612 loen,
273 1546 383 1599 vertex
405 1555 478 1598 vero
498 1537 649 1598 desitums
673 1545 756 1598 esset
779 1538 808 1598 in
832 1547 974 1617 punctum
990 1538 1109 1618 aliquod
1135 1545 1206 1617 post
1220 1541 1347 1602 oculum.
1377 1541 1447 1603 Janr
1462 1563 1533 1605 vero

170 1627 248 1689 radii
273 1626 304 1687 hi
327 1643 382 1705 per
404 1626 539 1687 conicam
561 1627 759 1705 posteriorem
785 1628 953 1706 crystallini
988 1627 1174 1707 superficiem
1200 1628 1230 1688 in
1255 1628 1383 1691 vitreum
1408 1633 1532 1709 egressi,

170 1715 258 1795 cujus
281 1725 331 1777 est
353 1714 481 1776 medium
506 1715 602 1776 rarius
627 1716 724 1776 medio
751 1716 936 1797 crystallini,
961 1717 1165 1794 refringuutur
1194 1719 1534 1795 aperpendicularibus

170 1805 200 1866 in
224 1803 413 1884 superficiem
436 1820 491 1882 per
513 1809 624 1883 puncta
648 1804 858 1866 refractionum
884 1805 997 1879 ductis,
1032 1824 1122 1883 quare
1149 1806 1239 1865 litut
1270 1807 1393 1868 refracti
1422 1817 1532 1871 coeant

169 1913 277 1955 versus
302 1911 405 1966 axem;
429 1893 530 1972 itaque
555 1892 752 1954 terminantur
776 1893 911 1954 breviore
937 1902 968 1954 et
991 1894 1145 1954 obtusiore
1161 1912 1244 1961 cono,
1270 1915 1358 1974 quam
1376 1896 1475 1957 fuerat
1493 1898 1530 1972 is,

169 2001 229 2063 qno
253 1982 401 2044 hactenus
425 1990 634 2061 pervenerant.
682 1981 800 2044 Coeunt
823 1983 913 2060 igitur
947 1982 1073 2061 denique
1104 2001 1207 2043 omnes
1232 1981 1261 2042 lri
1294 1984 1371 2044 radii
1404 1985 1441 2045 ab
1473 2005 1531 2047 nno

169 2080 283 2152 puncto
315 2070 427 2132 visibili
452 2071 480 2131 in
504 2078 646 2151 punctum
678 2073 768 2151 plane
800 2091 907 2146 unrrm,
940 2072 1018 2151 quod
1048 2078 1096 2131 est
1129 2071 1312 2147 ipsissimum
1342 2081 1477 2135 centrum
1502 2083 1534 2135 ct

170 2159 351 2222 extremitas
374 2160 457 2221 nervi
482 2159 583 2239 optici,
610 2179 666 2240 quo
692 2160 716 2222 is
742 2162 807 2221 loco
832 2162 948 2221 retinae
972 2159 1170 2221 connectitur.
1209 2160 1289 2220 Nam
1312 2162 1352 2221 ad
1372 2162 1448 2223 hanc
1463 2182 1533 2244 cry-

176 2248 293 2312 stallini
318 2248 502 2310 densitatem
527 2257 559 2309 et
583 2249 711 2310 futuram
734 2250 839 2310 irarum
864 2249 1076 2311 refractionum
1099 2247 1335 2327 magnitudinem
1359 2257 1468 2312 natura
1487 2260 1535 2313 est

175 2339 316 2401 dimensa
339 2338 470 2417 spatium
494 2337 625 2398 humoris
650 2338 736 2399 vitrei
761 2339 968 2420 crystallinum
992 2338 1071 2398 inter
1095 2345 1126 2397 et
1149 2338 1288 2400 retinam.

260 2429 364 2507 Atque
396 2427 471 2487 haec
503 2427 620 2487 demum
656 2434 704 2488 est
733 2427 964 2489 distinctissima
994 2427 1085 2500 visio,
1121 2446 1189 2487 cum
1219 2428 1361 2487 universa
1399 2427 1532 2505 ejusdem

169 2517 275 2598 puncti
290 2517 351 2589 lux,
377 2522 606 2595 quantacunque
621 2535 728 2595 sparsa
744 2524 792 2577 ost
814 2535 868 2595 per
891 2515 1118 2595 amplitudinem
1142 2515 1247 2576 conia
1275 2515 1417 2577 foramine
1440 2536 1533 2578 uveac

170 2604 458 2690 admissi,duabus
490 2604 740 2673 retractionibus,
768 2606 866 2667 altera
889 2606 918 2666 in
944 2624 1068 2673 cornea,
1095 2604 1193 2665 altera
1216 2604 1245 2664 in
1270 2605 1436 2684 posteriore
1463 2625 1533 2689 cry-

172 2694 291 2756 stallini
323 2692 494 2774 superficie,
524 2694 654 2771 cogitur,
682 2702 712 2755 et
742 2694 860 2755 unicum
884 2694 1000 2756 retinae
1024 2703 1180 2772 puuctum,
1213 2692 1395 2772 ipsissimum
1428 2713 1533 2775 nempe

169 2782 314 2846 orificium
344 2782 442 2856 nervi,
475 2783 649 2843 facultatem
684 2783 828 2843 visorium
853 2803 906 2845 seu
931 2782 1069 2861 spiritum
1093 2782 1246 2855 vehentis,
1276 2783 1438 2844 lectissime
1463 2783 1534 2845 illu-

171 2880 273 2944 strat,
308 2872 404 2951 adque
430 2871 459 2932 id
483 2879 623 2951 punctum
648 2872 721 2933 nulli
747 2872 795 2932 alii
822 2873 859 2933 ab
884 2873 944 2933 ullo
978 2872 1036 2932 alin
1063 2871 1180 2931 lucente
1204 2881 1315 2950 puncto
1340 2871 1415 2932 radii
1441 2873 1532 2934 allabi

173 2968 313 3041 possunt,
338 2960 482 3023 beneficio
506 2960 634 3039 nigroris
659 2969 689 3021 et
713 2960 874 3039 opacitatis
895 2979 999 3034 ureae,
1025 2960 1183 3037 angustiae
1201 2961 1364 3035 foraminis,
1389 2960 1534 3024 ciliarium

169 3068 378 3132 processuum,
404 3058 436 3110 et
459 3057 636 3123 ceterorum,
662 3050 698 3109 de
724 3049 829 3129 quibus
852 3051 943 3127 paulo
967 3057 1037 3127 post
1061 3050 1186 3110 dicetur.

261 3136 404 3201 Cetemm
429 3139 508 3219 quod
532 3138 676 3198 hactenus
700 3138 787 3199 nobis
812 3138 867 3199 fuit
891 3138 1076 3216 propositum
1102 3137 1229 3211 visibile,
1255 3137 1284 3197 id
1306 3146 1447 3215 punctum
1464 3138 1530 3212 fuit,

170 3248 229 3291 nnn
254 3246 379 3307 corpus:
411 3247 501 3308 quare
532 3234 636 3305 partes
670 3246 728 3287 non
761 3228 867 3288 babuit
900 3246 995 3305 neque
1029 3226 1174 3287 distincta
1206 3228 1315 3288 dextra
1343 3247 1362 3285 a
1390 3226 1529 3302 sinistris,

173 3336 287 3397 supera
311 3316 348 3377 ab
373 3315 487 3378 inferis.
527 3316 631 3394 Neque
656 3334 726 3376 vere
751 3316 868 3376 visibile
892 3316 946 3375 sed
971 3316 1160 3388 clementum,
1187 3334 1239 3375 seu
1263 3315 1360 3393 magis
1385 3316 1531 3377 terminus

171 3408 216 3470 rei
240 3404 386 3479 visibilis;
417 3405 462 3467 uti
486 3412 518 3466 et
542 3405 609 3483 ipsa
632 3404 734 3483 puncti
757 3405 833 3465 visio
859 3406 1003 3465 hactenus
1028 3404 1179 3486 explicata
1203 3423 1259 3464 non
1285 3413 1333 3463 est
1357 3404 1533 3482 accipienda

172 3516 228 3577 pro
253 3502 464 3556 consummata
496 3493 624 3565 visione,
654 3494 706 3553 sed
739 3513 793 3574 pro
822 3494 951 3573 quodam
980 3492 1103 3552 visionis
1134 3493 1295 3552 elemento.
1342 3492 1420 3554 Nam
1446 3492 1531 3553 utin

172 3605 205 3647 re
229 3582 341 3645 visibili
365 3590 436 3644 sunt
458 3583 553 3644 multa
576 3589 696 3663 puncta,
722 3583 767 3645 ita
791 3592 822 3644 et
846 3583 942 3644 multa
965 3583 1006 3642 rci
1023 3582 1101 3643 illius
1118 3581 1241 3641 visionis
1266 3581 1351 3660 quasi
1372 3582 1531 3642 elementa.

174 3675 342 3752 Manetque
365 3672 423 3734 lIl.
452 3668 502 3734 19.
529 3669 703 3733 Vitellianis
729 3672 937 3734 nihilominus:
962 3671 1034 3731 nihil
1058 3670 1162 3740 videri,
1186 3669 1244 3730 nisi
1267 3670 1350 3746 cujus
1374 3670 1415 3729 sit
1429 3670 1533 3747 aliqua

172 3761 351 3841 rnagnitndo
376 3759 652 3841 proportionabilis.
700 3759 750 3822 Sit
773 3780 842 3839 crgo
867 3769 1010 3839 punctum
1036 3760 1116 3819 aliud
1145 3759 1235 3837 juxta
1259 3758 1340 3836 prius
1365 3767 1395 3818 et
1419 3747 1533 3820 directe

176 3851 368 3932 oppositum,
403 3849 559 3911 declinans
583 3849 622 3909 ab
646 3868 681 3909 eo
706 3851 744 3910 ad
777 3849 923 3910 dextram.
971 3849 1048 3909 Illud
1086 3848 1178 3926 igitur
1215 3856 1356 3926 punctum
1394 3865 1533 3909 corneam

175 3942 274 4023 ipsum
300 3957 416 4020 qnoque
440 3938 606 4000 illustrabit
630 3946 661 3999 et
690 3938 857 4017 subjectam
887 3937 1009 4010 iridem,
1044 3936 1167 4016 ejusque
1204 3938 1336 3997 foramen
1370 3935 1535 3997 intuebitur

173 4050 212 4092 ex
235 4028 368 4110 obliquo.
415 4028 520 4108 ltaque
546 4027 620 4088 radii
645 4047 699 4106 per
723 4027 877 4089 foraminis
901 4028 1044 4087 circulum
1067 4025 1232 4086 intromissi
1256 4025 1386 4104 speciem
1408 4025 1534 4086 exhibe·

172 4121 249 4182 bunt
275 4116 345 4180 coni
373 4116 500 4190 scaleni,
535 4116 584 4196 qui
614 4116 730 4178 secabit
760 4135 866 4177 conum
895 4121 1009 4176 rectum
1037 4114 1145 4192 prioris
1179 4115 1280 4193 puncti
1319 4114 1349 4172 in
1387 4114 1533 4174 foramine

172 4227 270 4271 aveas
296 4213 328 4268 et
350 4213 423 4285 post
445 4206 609 4267 sectionem
635 4205 714 4267 intra
738 4224 843 4266 uveam
860 4205 1006 4265 concedet
1029 4204 1057 4262 in
1082 4210 1185 4281 partes
1206 4203 1354 4268 sinistras,
1379 4201 1535 4263 illustrans

172 4304 293 4379 partem
318 4294 438 4376 quidem
463 4295 631 4373 superficiei
656 4295 821 4375 crystallini
846 4315 864 4353 a
888 4292 979 4371 priori
1003 4292 1095 4352 etiam
1112 4294 1303 4363 illustratam,
1327 4297 1444 4367 partem
1464 4307 1534 4350 vero
1584 4287 1593 4303 “

173 4384 310 4467 aptiori
334 4393 447 4464 puncto
470 4402 529 4445 non
554 4384 751 4454 illustratam,
781 4383 835 4444 scd
869 4383 1090 4453 sinistriorem;
1123 4388 1155 4440 ct
1182 4382 1215 4439 lit
1242 4396 1317 4457 pene
1342 4376 1430 4448 idern,
1456 4377 1534 4455 qnod

173 4494 267 4556 supra
291 4492 357 4552 cap.
374 4473 415 4535 ΙΙ.
441 4473 713 4534 demonstravimus
737 4473 766 4532 in
791 4472 895 4532 clausa
910 4490 1030 4532 camera
1053 4469 1125 4529 lieri.
1164 4470 1242 4530 Nam
1257 4466 1370 4546 pupilla
1385 4472 1434 4523 est
1449 4464 1535 4527 fene-

174 4574 259 4628 strae
284 4563 360 4636 loco,
387 4562 583 4643 crystallinus
608 4563 672 4624 loco
698 4562 853 4640 oppositae
874 4561 1014 4622 tabulae:
1041 4557 1098 4618 nisi
1123 4557 1199 4635 quod
1220 4556 1256 4615 nb
1272 4552 1403 4632 pupillae
1419 4562 1450 4612 et
1465 4571 1535 4633 cry·

174 4652 292 4716 stallini
329 4650 585 4732 propinquitatem
620 4650 666 4711 hic
700 4652 829 4711 nondum
861 4651 943 4710 facta
972 4655 1020 4709 est
1054 4645 1189 4723 plenaria
1221 4639 1409 4710 intersecti03
1444 4658 1535 4718 quare

176 4744 305 4804 confusa
328 4742 425 4802 adhuc
450 4740 559 4800 omnia.
594 4740 628 4800 In
653 4739 833 4801 anteriorem
856 4738 949 4817 igitur
973 4732 1160 4815 superficiem
1184 4727 1351 4812 crystallini
1376 4745 1468 4786 conus
1487 4727 1535 4788 bic

177 4830 302 4893 sinister
326 4830 424 4891 factus
446 4829 582 4891 incidens
615 4828 795 4904 refringetur
828 4847 932 4888 versus
962 4842 1066 4887 conum
1097 4829 1228 4888 rectum,
1264 4815 1400 4892 obliquus
1435 4823 1535 4876 tamen

180 4919 370 4980 nihilomiuus
402 4919 610 4999 crystallinum
643 4917 771 4996 trajicit,
795 4924 940 4997 tantoque
979 4913 1089 4975 rectius
1122 4905 1257 4986 impingit
1288 4903 1314 4961 in
1349 4902 1536 4979 superficiem

181 5007 407 5089 hyperbolicam
426 5007 605 5090 crystallini,
631 5006 680 5067 ubi
703 5006 812 5067 iterum
835 5004 889 5065 sed
913 5022 1019 5084 parum
1043 5016 1148 5059 versus
1172 5011 1277 5056 conum
1291 4989 1420 5070 priorem
1435 4992 1535 5053 direc-
