3692 5842
716 521 747 571 n
766 522 837 572 rsus·
857 521 959 586 mun..
1450 522 1493 591 ⁴9

136 692 211 754 milri
237 694 277 755 ad
300 695 467 757 medicinae
491 695 581 757 limen
606 695 687 756 fores
712 696 805 775 aperi.
853 697 1020 775 Expectavi
1054 705 1134 759 tuum
1159 699 1305 777 judicium
1333 702 1371 762 de
1395 704 1493 765 cordis

138 782 291 845 incendio.
337 781 445 855 Quoad
469 784 552 846 calor
575 803 641 846 cum
664 784 729 846 luce
754 794 817 859 est,
842 785 1061 849 immateriatus
1085 795 1116 848 et
1139 787 1203 867 ipse
1227 798 1291 863 est,
1330 791 1385 851 sed
1419 812 1491 866 nou,

137 877 171 932 nt
209 890 306 953 aeque
345 873 442 936 dicam
479 873 621 947 barbare,
671 873 856 952 inspeciatus
889 876 937 936 vel
969 874 1162 948 dmogrraoc.
1223 878 1290 939 Lux
1320 877 1399 941 enim
1432 900 1489 942 nou

137 967 188 1021 est
211 959 298 1024 nihil.
344 962 442 1024 Vides
464 962 566 1024 inesse
590 962 649 1024 luci
673 962 859 1042 quantitates
884 965 931 1026 rel
956 973 1082 1040 motum,
1108 965 1178 1046 quid
1202 966 1307 1028 mirum
1331 968 1356 1029 si
1381 976 1412 1029 et
1435 989 1489 1030 ca-

139 1048 207 1110 lor?
254 1049 301 1112 'l'n
324 1068 396 1114 vero
419 1070 515 1131 negas
538 1051 670 1114 directos
685 1050 765 1113 Solis
780 1052 882 1114 radios
906 1054 1093 1116 calefacere?
1139 1056 1188 1116 An
1212 1054 1304 1133 igitur
1326 1065 1492 1137 serpentes,

136 1138 308 1202 crocodilos
332 1148 365 1203 et
387 1140 536 1221 reptilium
560 1147 686 1202 naturae
710 1150 855 1220 cognatos
878 1143 972 1204 Afros
997 1143 1075 1222 apud
1100 1144 1265 1205 Arnobiunr
1300 1146 1339 1205 ad
1369 1147 1492 1225 specula

137 1227 251 1290 saltem
275 1228 407 1309 apricari
431 1230 460 1292 in
484 1227 557 1292 Sole
586 1229 762 1291 existimas?
810 1228 965 1293 Omanus
994 1232 1156 1306 delicatas,
1190 1251 1266 1312 quae
1300 1233 1494 1298 meridianum

139 1314 226 1378 Solis
259 1316 351 1381 ictum
375 1339 394 1379 a
418 1316 527 1380 Cancri
553 1317 675 1396 fastigio
708 1339 857 1399 nunquam
890 1321 1026 1383 sensere!
1074 1319 1134 1383 Sed
1167 1322 1243 1383 forte
1272 1323 1309 1383 ad
1333 1334 1494 1405 perpetuas

135 1403 225 1467 nives
249 1407 377 1487 respicis
400 1408 430 1469 in
454 1408 578 1487 Alpium
606 1406 737 1486 fastigiis
770 1426 861 1486 supra
884 1419 1017 1470 nostrum
1050 1416 1150 1472 aerem
1183 1411 1332 1473 elevatis?
1377 1415 1422 1474 At
1454 1412 1494 1473 ibi

135 1496 356 1650 cansqefalpqq
380 1515 433 1558 eur
447 1495 501 1558 Sol
516 1516 574 1558 non
590 1497 794 1558 calefaciendo
819 1497 934 1572 vincat,
960 1518 1018 1560 nou
1035 1499 1223 1562 retractionis
1247 1500 1276 1562 in
1301 1508 1371 1563 aere
1395 1502 1493 1563 aeris-

134 1601 192 1663 qne
238 1603 305 1647 sec
358 1631 366 1646 .

224 1689 450 1758 Brenggarns:
477 1688 517 1740 De
542 1697 632 1755 quarta
649 1689 711 1740 lucis
729 1691 826 1753 specie,
854 1706 898 1740 seu
926 1691 981 1741 luce
1007 1695 1241 1745 communicata
1259 1689 1361 1758 (capi.
1381 1691 1425 1757 22)
1445 1710 1494 1745 non

134 1762 238 1811 memini
257 1777 299 1812 ms
318 1761 381 1812 alias
399 1761 502 1827 legisse,
520 1775 586 1825 qnae
603 1768 688 1811 tamen
708 1761 804 1810 silentio
824 1777 872 1811 non
892 1771 947 1812 erat
964 1764 1154 1827 praetereunda.

224 1832 256 1882 In
274 1833 480 1898 figuratione
498 1832 561 1882 lucis
580 1832 728 1895 explicanda
746 1833 891 1882 industriam
910 1840 979 1883 tuam
998 1835 1131 1885 exosculor.
1169 1835 1228 1898 Ejus
1247 1837 1320 1886 lectio
1338 1840 1456 1900 majorem
1469 1840 1494 1888 in

132 1903 235 1953 modurn
255 1920 295 1955 rna
314 1904 455 1956 delectarit.
493 1902 587 1953 Locum
606 1905 720 1970 imaginis
739 1920 782 1968 per
800 1906 957 1954 reflexionem
970 1908 1111 1969 apparentis
1127 1909 1197 1970 ponis
1210 1908 1236 1956 in
1249 1922 1393 1958 concursum
1412 1909 1493 1959 radio·

133 1990 189 2025 rnna
208 1976 340 2026 naaalirnn
359 1974 427 2039 (cap.
445 1974 492 2024 111.
511 1975 542 2035 2,
561 1990 628 2038 prop.
645 1972 705 2036 rm:
732 1990 796 2039 quas
824 1992 881 2026 mea
905 1979 937 2025 sit
964 1980 1090 2027 sententia
1115 1992 1144 2027 ex
1168 1980 1331 2042 superioribus
1350 1980 1493 2044 cognovisti.

135 2045 220 2110 0pdci
239 2048 319 2097 visum
339 2047 497 2098 considerant
515 2054 635 2110 tanquam
654 2048 753 2095 unicum
771 2056 898 2110 punctum,
918 2055 992 2113 atque
1011 2050 1047 2097 ita
1060 2063 1205 2099 concursum
1223 2050 1346 2099 radiorum
1364 2051 1495 2100 risnellum

135 2132 237 2168 omnem
257 2119 355 2168 tollrmt.
394 2118 478 2175 adde.
497 2117 562 2182 quod
581 2117 659 2166 altero
679 2118 762 2167 clauso
782 2119 859 2167 altero
873 2119 944 2170 oculo
965 2120 1016 2168 solo
1030 2122 1105 2169 etiam
1124 2120 1256 2169 distantias
1275 2120 1493 2184 apprehendimus:

135 2203 183 2239 nea
204 2189 327 2255 estquod
346 2190 476 2254 confugias
494 2189 527 2236 ad
545 2189 652 2252 pupillae
670 2188 839 2249 latitudinem,
869 2194 921 2253 ejus
949 2194 1014 2239 enirn
1041 2191 1110 2240 nulla
1135 2199 1172 2240 est
1197 2193 1318 2255 proportio
1338 2193 1371 2242 ad
1389 2207 1494 2258 magnas

136 2260 281 2310 distantias
320 2260 392 2321 Quod
410 2259 501 2311 deinde
517 2275 585 2324 prop.
611 2257 649 2308 18.
669 2262 766 2309 conans
783 2261 901 2324 probare,
933 2261 1014 2312 locum
1031 2264 1146 2326 imaginis
1168 2277 1223 2312 esse
1241 2266 1266 2312 in
1285 2262 1302 2312 S
1320 2265 1346 2313 in
1364 2264 1445 2329 ligura
1461 2264 1494 2314 lbi

136 2334 233 2395 posita,
253 2333 346 2382 frosm
363 2332 475 2386 laboras,
493 2346 552 2380 narn
570 2346 609 2380 rsa
628 2340 732 2394 apparet
750 2334 851 2396 gemina
863 2340 918 2396 post
937 2332 962 2382 S.
1001 2333 1073 2393 Quod
1092 2333 1166 2384 facile
1185 2333 1354 2398 deprehendes
1372 2338 1394 2384 si
1412 2338 1437 2385 in
1449 2334 1495 2385 tali

136 2403 187 2452 situ
206 2403 281 2453 rnodo
299 2403 366 2453 hanc
383 2403 456 2452 modo
475 2402 580 2451 alterurn
608 2401 704 2451 oculum
729 2403 871 2452 alternatim
890 2404 993 2455 claudas
1012 2412 1039 2454 et
1054 2406 1160 2468 aperias.
1198 2405 1263 2455 Alibi
1291 2408 1357 2458 enirn
1375 2407 1495 2457 ridebitur

137 2473 208 2525 reato
228 2474 263 2532 C,
282 2474 342 2524 alibi
361 2474 432 2524 oculo
450 2473 483 2523 Η.

226 2564 430 2645 Keplerus:
455 2562 600 2624 Redimus
624 2563 664 2623 ad
686 2563 783 2624 locum
808 2565 958 2645 imaginis.
997 2562 1198 2627 collationem
1215 2586 1312 2629 meam
1326 2566 1494 2646 impugnas,

139 2654 219 2735 quod
244 2653 337 2735 optici
361 2653 455 2714 visum
479 2652 569 2713 aliter
592 2651 745 2714 definiant.
792 2654 838 2714 At
861 2653 956 2726 nosti,
989 2674 1042 2715 nos
1071 2654 1118 2716 hic
1149 2655 1302 2736 disputare
1331 2664 1428 2717 utrum
1452 2655 1495 2718 illi

138 2751 220 2806 recte
246 2752 280 2805 et
302 2740 506 2805 sufficienter?
551 2740 646 2802 Putas
678 2759 773 2820 aeque
798 2761 852 2803 nos
880 2743 1104 2824 apprehendere
1129 2744 1291 2806 distantias
1316 2763 1374 2807 uno
1396 2745 1491 2818 oculo,

139 2830 188 2895 ubi
211 2849 270 2912 ego
294 2832 371 2894 duas
394 2848 504 2893 causas
528 2829 686 2891 substitui:
711 2837 823 2891 motum
846 2831 956 2911 capitis
981 2840 1013 2892 et
1027 2833 1216 2894 latitudinem
1231 2833 1374 2913 pupillae.
1408 2833 1494 2895 Hanc

140 2921 237 2984 solam
262 2921 435 3000 impugnas,
460 2919 539 3000 quod
563 2919 645 2980 nulla
669 2918 734 2999 ejus
757 2920 928 2999 proportior
962 2920 1099 3002 equidem
1123 2921 1163 2983 ibi
1188 2930 1219 2982 et
1242 2922 1325 2984 nulla
1348 2921 1496 2983 distantia

141 3009 197 3073 uisi
219 3028 261 3071 ex
291 3007 516 3071 assuefactione
546 3026 653 3068 sensus
686 3011 859 3071 communis.
905 3009 975 3071 Scis
998 3011 1098 3089 pueris
1130 3029 1277 3089 apparere
1301 3012 1495 3072 domunculas

141 3100 167 3161 iu
191 3098 328 3161 hiatibus
343 3098 512 3159 valvarum:
532 3096 577 3158 illi
600 3095 691 3174 igitur
715 3116 771 3158 uuo
796 3099 860 3159 solo
885 3100 970 3161 oculo
986 3099 1014 3160 iu
1035 3099 1187 3178 speculum
1208 3100 1359 3161 intuentes
1374 3099 1494 3161 omniuo

143 3189 299 3263 errabunt,
333 3187 479 3248 aediculis
503 3185 680 3247 distantiam
713 3188 865 3247 fenestrae
890 3188 1065 3249 tribuentes.
1111 3189 1175 3249 lino
1208 3197 1239 3250 et
1271 3189 1422 3250 oculorum
1446 3189 1494 3250 di-

144 3277 258 3339 stantia
281 3276 453 3348 evauescit,
477 3282 510 3335 et
532 3281 603 3335 tunc
622 3292 730 3335 uorum
755 3276 875 3356 aliquod
894 3285 1024 3339 erratum
1049 3278 1150 3339 oritur.
1200 3278 1233 3338 ln
1257 3278 1348 3355 plano
1372 3277 1494 3356 speculo

145 3385 251 3447 quaere
276 3366 438 3445 imaginem
461 3362 596 3443 patentis
621 3363 782 3440 fenestrae,
806 3383 860 3444 per
883 3385 973 3446 quam
987 3367 1104 3444 species
1121 3365 1234 3444 fastigii
1258 3365 1384 3446 alicujus
1403 3366 1493 3427 turris

146 3462 194 3516 aut
216 3454 293 3517 tecti
317 3454 346 3515 in
370 3454 449 3515 idern
473 3451 627 3532 speculum
651 3451 823 3527 delabatur;
856 3463 940 3516 utere
970 3454 1115 3515 ambobus
1144 3455 1215 3517 licet
1238 3454 1347 3521 oculis,
1376 3453 1494 3532 jurabis

147 3543 296 3623 fastigium
319 3543 394 3605 tecti
416 3540 551 3622 proxime
577 3541 740 3602 fenestram
763 3550 855 3605 stare.
902 3543 970 3606 lion
995 3544 1092 3604 minus
1120 3543 1197 3604 enim
1221 3551 1401 3604 concurrunt
1422 3561 1494 3622 per-

147 3640 250 3712 petuae
274 3650 374 3695 rerum
398 3631 493 3693 series
517 3650 536 3690 a
557 3629 624 3690 visu
648 3629 687 3690 ad
710 3630 843 3706 risibile,
878 3632 916 3692 ad
950 3632 1088 3711 imaginis
1121 3632 1231 3704 locum,
1265 3649 1354 3710 quarn
1382 3630 1422 3690 ad
1445 3629 1494 3690 di-

149 3721 286 3784 stinctam
310 3727 342 3782 et
366 3720 511 3782 directam
535 3717 690 3793 visionem,
716 3720 794 3798 quod
818 3740 908 3800 supra
932 3722 1024 3782 etiarn
1043 3720 1124 3782 circa
1142 3719 1493 3798 conehoideausurpavi.

231 3810 348 3886 Video,
372 3810 442 3871 dum
465 3825 573 3869 novam
597 3825 719 3869 causam
743 3809 852 3883 affero,
876 3828 923 3871 me
946 3819 1081 3871 veterem
1103 3806 1336 3887 imperfectionis
1360 3827 1494 3889 arguere.

150 3899 304 3975 Fortasse3
339 3896 477 3960 namsia
500 3904 563 3969 est,
598 3894 740 3957 discendo
764 3898 943 3976 proficimus.
991 3896 1112 3977 Cogita.
1160 3895 1222 3960 Sed
1245 3905 1279 3958 ut
1305 3896 1497 3960 latitudinem

150 3989 290 4069 pupillae,
316 3988 467 4050 oculorum
491 3983 682 4058 dualitatem,
706 3994 810 4048 nutum
833 3987 943 4066 capitis
965 3996 1066 4063 tuear,
1098 3986 1201 4065 accipe
1224 3986 1281 4047 hoc
1305 3986 1496 4066 experimen-

150 4085 224 4141 tun:
247 4095 304 4158 per
327 4076 463 4138 foramen
488 4081 541 4135 aut
563 4072 686 4143 rimam,
712 4076 869 4154 augustius
885 4076 1044 4138 latitudine
1059 4075 1206 4156 pupillae,
1231 4075 1422 4154 introspicite
1440 4094 1496 4137 ca·

150 4184 257 4230 meram
280 4184 432 4247 nunquam
455 4163 552 4224 visam
575 4161 718 4236 lucidam,
743 4172 778 4225 ut
792 4164 891 4240 lubet,
916 4164 1055 4246 quicquid
1070 4172 1207 4227 occurret
1221 4165 1313 4238 visui,
1340 4163 1497 4225 dummodo

150 4274 202 4319 uon
225 4274 276 4318 res
298 4261 391 4317 notae
414 4250 526 4334 speciei
558 4258 590 4313 ct
621 4251 820 4330 quantitatis,
853 4253 883 4315 id
911 4253 1042 4316 nescibis
1074 4254 1272 4334 propinquum
1295 4252 1337 4314 sit
1359 4251 1498 4313 foramini

151 4363 184 4406 su
205 4353 365 4407 remotum.
411 4343 445 4404 ln
470 4358 599 4403 summa:
624 4340 720 4418 prima
744 4343 880 4421 quaestio
904 4351 961 4415 est,
986 4343 1131 4422 quomodo
1160 4342 1297 4403 videatur
1318 4339 1421 4420 puncti
1449 4337 1497 4399 vi·

151 4432 242 4496 sibilis
274 4431 423 4495 distantia
454 4430 585 4502 directe;
618 4428 666 4490 hie
698 4448 754 4508 ego
787 4431 903 4492 adduco
936 4427 1090 4494 deausas
1114 4433 1214 4510 (prop.
1234 4425 1272 4504 6,
1291 4427 1320 4503 7,
1345 4427 1365 4491 8
1389 4435 1422 4489 et
1447 4426 1496 4500 ll,

151 4522 255 4602 sapitis
270 4522 326 4585 111.
356 4518 403 4594 2).
450 4518 486 4581 Si
509 4516 547 4579 ad
572 4516 628 4578 hoc
651 4518 780 4595 probae,
815 4520 1017 4582 certissimum
1041 4529 1099 4590 est,
1124 4520 1234 4597 probas
1259 4535 1326 4577 esse
1351 4517 1444 4578 etiam
1459 4514 1499 4578 ad

151 4607 327 4673 locationem
350 4607 491 4688 imaginis
515 4605 691 4685 specularis.
737 4608 825 4688 Prop.
846 4606 896 4672 18.
926 4609 984 4671 mei
1008 4608 1075 4671 libri
1099 4608 1191 4669 etiam
1209 4606 1265 4668 boo
1288 4605 1360 4667 mihi
1383 4604 1498 4685 eripere

151 4699 243 4780 cupis,
268 4699 349 4781 qnod
372 4698 433 4760 tuis
456 4701 689 4760 cousentaneum
714 4698 941 4775 experimentis:
966 4697 1126 4777 imaginem
1150 4697 1213 4758 fore
1236 4694 1266 4756 in
1291 4693 1323 4756 S.
1370 4694 1500 4773 Allegaa

151 4785 287 4864 indicem,
322 4788 350 4851 si
381 4786 522 4850 claudam
555 4781 657 4844 oculos
686 4785 869 4850 alternatim.
915 4787 976 4860 At,
1010 4786 1142 4858 obone,
1171 4783 1264 4864 jubeo
1295 4802 1352 4862 ego
1383 4783 1500 4864 aperire

151 4883 317 4960 utrumqne,
350 4884 383 4938 st
409 4876 466 4938 hoe
497 4894 570 4957 ago,
604 4871 661 4934 hoc
691 4892 780 4952 pono.
826 4874 894 4938 Nisi
918 4875 974 4938 hoc
1002 4875 1069 4950 fiat,
1103 4873 1166 4935 scio
1190 4871 1275 4933 oculo
1299 4891 1358 4935 nou
1381 4869 1502 4936 obtrudi

152 4965 351 5030 neoessarium
373 4964 473 5028 losum
495 4964 601 5033 ullum,
627 4968 681 5025 ant
703 4961 729 5023 si
753 4964 871 5026 omnino
895 4963 1041 5044 aliquem,
1073 4961 1259 5025 differentem
1283 4968 1380 5037 certe,
1412 4968 1502 5042 prout

200 5067 426 5121 mmo
1272 5054 1290 5108 ⁴
