3692 5842
357 489 424 558 384
854 491 1026 541 Astroaomlae
1043 487 1105 540 Para
1124 488 1222 553 Optica.

445 669 528 730 Talis
552 668 656 729 Lunae
681 667 803 747 eclipsis
826 668 892 728 visa
915 674 963 728 est
986 666 1154 747 nuperrime
1181 662 1282 740 1603,
1306 659 1391 748 6118.
1413 662 1615 738 Novembris,
1641 681 1712 743 quae

357 778 423 822 cum
447 757 614 837 incepisset
638 756 723 837 quasi
747 751 809 819 65ο
831 778 849 817 a
872 756 984 817 vertice
1010 757 1047 817 ad
1072 755 1226 818 sinistram
1258 753 1463 826 numerando,
1495 752 1589 814 desiit
1612 751 1715 814 umbra

357 867 414 909 non
438 847 560 927 penitus
575 846 614 907 ad
637 844 781 907 verticem
804 845 1008 925 perveniente,
1034 845 1086 906 sed
1104 844 1201 905 adhuc
1221 845 1258 904 ad
1279 844 1433 906 sinistram
1448 849 1596 922 vergente
1610 858 1714 901 versus

358 945 465 998 ortum.
511 935 590 997 Nam
615 934 673 995 fnit
695 933 724 993 in
754 932 891 995 orientali
921 935 1086 1013 quadrante
1119 931 1322 993 meridionalia
1354 931 1505 1005 delectus,
1541 929 1631 991 Luna
1662 930 1712 988 de-

356 1024 520 1087 scendente
544 1024 573 1083 in
597 1022 759 1085 meridiem.
1687 1099 1690 1103 .

449 1111 558 1191 Coepit
583 1109 635 1173 10‘
653 1120 813 1191 postquam
829 1110 1023 1172 culminasset
1039 1110 1144 1172 dexter
1164 1109 1303 1170 humerus
1317 1108 1454 1189 Aquarii,
1479 1125 1546 1170 cum
1566 1106 1633 1188 jam
1648 1115 1715 1167 ante

358 1201 511 1262 dimidiam
534 1202 639 1261 horam
664 1200 761 1260 lumen
784 1200 955 1279 pallescens
974 1198 1026 1260 illa
1044 1200 1113 1278 ipsa
1135 1206 1223 1277 parte
1246 1206 1411 1270 notaretur,
1432 1198 1481 1260 vel
1499 1197 1592 1276 paulo
1613 1215 1716 1257 versus

356 1291 511 1352 sinistram
543 1288 686 1361 inferius,
717 1306 843 1368 cumque
873 1286 927 1349 Sol
962 1287 1050 1349 lherit
1077 1288 1107 1348 in
1135 1284 1198 1348 25ο
1220 1281 1273 1348 55⁴
1294 1297 1344 1375 tp3
1376 1287 1450 1350 hora
1480 1285 1552 1348 bine
1583 1283 1716 1365 arguitur

361 1375 392 1441 6.
417 1376 479 1441 21‘.

445 1465 544 1527 Desiit
569 1460 600 1526 3‘
625 1472 785 1543 postquam
810 1474 902 1544 caput
925 1464 1139 1526 Andromedae
1163 1464 1375 1537 culminassct‚
1400 1480 1474 1542 ergo
1498 1462 1575 1523 hora
1598 1459 1630 1524 8.
1657 1459 1714 1523 i'I‘.

356 1555 483 1617 Duratio
504 1554 534 1614 h.
553 1548 661 1615 l.5b‘.
699 1554 851 1634 Tyehonis
872 1553 1004 1614 calculus
1023 1553 1125 1632 prodit
1145 1552 1176 1616 2.
1196 1550 1255 1615 10⁴.
1293 1551 1369 1615 Mihi
1390 1570 1464 1613 sane
1485 1551 1567 1611 circa
1587 1549 1714 1610 medinm

358 1645 453 1705 minus
477 1651 585 1723 quarta
599 1655 687 1721 parte
702 1642 808 1703 deesse
831 1642 1012 1721 putabatur:
1039 1649 1071 1702 at
1095 1639 1318 1703 contendebant
1337 1639 1388 1702 alil
1402 1639 1471 1721 plus
1495 1645 1608 1719 quarta
1631 1645 1714 1718 parte

358 1732 523 1793 delituisse.
561 1731 607 1791 De
632 1731 873 1792 circumferentia
898 1730 1016 1810 quidem
1039 1731 1136 1791 minus
1168 1725 1213 1813 ¹l„
1238 1730 1305 1810 plus
1334 1723 1367 1812 Ἰ,
1390 1728 1498 1791 abesse
1524 1726 1713 1787 censebatur.

359 1819 562 1882 Consentiunt
595 1827 695 1880 autem
725 1819 822 1881 haec:
853 1820 1003 1879 deiectum
1036 1819 1197 1893 minorem,
1231 1818 1418 1879 durationem
1448 1816 1620 1878 breviorem
1652 1835 1713 1876 esse

358 1929 446 1990 quam
474 1910 501 1969 in
526 1908 651 1981 calculo,
677 1914 709 1968 et
732 1908 867 1968 umbram
889 1909 927 1967 ad
952 1908 1096 1969 verticem
1115 1928 1172 1969 nou
1189 1907 1361 1987 pervadere.
1387 1906 1533 1990 ,Medium
1555 1904 1584 1966 h.
1607 1904 1638 1966 7.
1661 1901 1712 1976 19¹,

357 1998 439 2078 quod
471 1997 567 2076 ipsum
601 1997 746 2057 minutum
776 1995 927 2077 'lychonis
958 1996 1090 2058 calculus
1119 1998 1148 2059 in
1181 1994 1343 2057 meridiano
1379 1993 1557 2056 Hucnnensi
1597 1991 1714 2055 exhibet

356 2105 413 2166 pro
437 2105 511 2147 vera
534 2085 730 2165 longitudinis
754 2085 969 2164 conjunctione,
996 2103 1071 2164 quae
1095 2085 1227 2147 nonnihil
1251 2084 1391 2145 emedio
1415 2083 1538 2162 eclipsis
1562 2082 1674 2144 differt.

446 2174 525 2236 Visa
549 2185 598 2235 est
630 2173 871 2235 circumferentia
904 2173 1121 2249 obtenebrata3
1155 2192 1220 2234 cum
1244 2173 1295 2233 rix
1325 2172 1498 2234 riderentur
1530 2171 1713 2233 clarissimae

356 2263 499 2325 Pleiades
523 2263 641 2342 aliquot
669 2262 812 2341 gradibus
837 2270 989 2324 remotae:
1023 2263 1098 2323 adeo
1123 2264 1203 2324 clare
1227 2261 1314 2323 Luna
1346 2262 1436 2322 etiam
1461 2261 1490 2323 in
1516 2261 1627 2322 umbra
1650 2260 1714 2321 illu·

356 2352 532 2414 strabatur:
558 2351 636 2431 quod
660 2352 699 2411 ad
723 2351 879 2430 superiora
901 2352 991 2413 refer.

447 2439 535 2510 Quod
569 2440 716 2501 calculum
749 2440 879 2514 attinet,
912 2440 938 2500 is
969 2441 1059 2519 plane
1091 2439 1243 2501 consentit
1275 2437 1342 2499 huic
1372 2437 1593 2517 phaenomena.
1639 2437 1713 2500 b'arn

355 2529 385 2590 h.
402 2526 433 2591 8.
453 2527 505 2590 17‘
529 2529 656 2607 angulus
681 2530 759 2590 iuter
782 2529 958 2590 verticalem
983 2537 1014 2589 et
1038 2528 1207 2607 eclipticam
1232 2536 1279 2588 est
1294 2522 1433 2602 62048‘,
1457 2528 1488 2589 in
1510 2528 1597 2607 qu'us
1622 2527 1711 2588 sinum

358 2637 475 2679 summa
499 2618 790 2678 semidiametrorum
815 2613 949 2679 60‘16⁴‘
974 2618 1091 2700 (Tycha
1116 2617 1193 2678 enirn
1217 2616 1339 2679 umbrae
1363 2615 1624 2678 semidiametrum
1648 2614 1712 2678 iacit

357 2703 412 2769 Μ’
436 2704 490 2777 δ”,
516 2706 553 2767 de
577 2725 634 2785 quo
658 2725 712 2767 suo
735 2706 818 2780 loco)
852 2706 1065 2787 multiplicata,
1101 2706 1234 2767 ostendit
1267 2705 1454 2767 latitudinem
1483 2704 1542 2767 hoc
1566 2713 1710 2767 momento

358 2792 412 2858 53‘
435 2791 511 2868 40¹2
539 2804 650 2874 quanta
676 2793 792 2868 fuisset,
818 2794 843 2855 si
867 2794 973 2855 umbra
996 2796 1086 2875 plane
1111 2795 1139 2855 in
1164 2796 1276 2856 vertice
1301 2794 1452 2857 desiisset.
1490 2793 1563 2855 Jarn
1585 2795 1625 2855 ad
1644 2792 1710 2855 sini·

358 2892 453 2943 stram
478 2882 587 2962 exiguo
612 2902 678 2943 cum
701 2883 869 2956 declinarit,
895 2902 966 2962 crgo
991 2894 1022 2943 et
1045 2883 1152 2962 exiguo
1177 2884 1272 2962 major
1291 2884 1418 2961 angulus
1442 2885 1522 2944 inter
1546 2882 1710 2963 eclipticam

356 2980 388 3032 et
411 2991 465 3050 per
489 2980 594 3031 centra
618 2983 748 3034 euntem.
787 2971 836 3034 Sit
859 2972 955 3050 major
979 2968 1025 3045 5⁰,
1052 2981 1139 3033 tauta
1162 2972 1279 3033 scilicet
1303 2972 1464 3033 declinatio
1489 2972 1528 3032 ad
1553 2971 1707 3032 sinistram

324 3045 438 3136 'Ergo
463 3060 591 3120 latitudo
615 3059 671 3120 hoc
696 3071 845 3121 momento
870 3058 924 3123 55‘
948 3056 1023 3134 48⁴¹,
1055 3062 1082 3120 in
1112 3062 1210 3121 medio
1240 3062 1328 3139 igitur
1358 3070 1428 3121 ante
1453 3062 1558 3122 lmram
1584 3055 1708 3123 bd'w'

357 3148 486 3217 circiter,
511 3149 587 3209 unde
613 3149 733 3209 sublata
752 3145 806 3210 ll‘
822 3148 874 3222 6¹2
901 3149 1071 3229 relinquunt
1086 3146 1117 3211 θ’
1137 3145 1197 3210 14”
1218 3151 1254 3210 de
1279 3169 1402 3228 corpore
1422 3149 1527 3210 Lunae
1547 3151 1576 3211 in
1605 3149 1707 3217 umbra,

356 3238 446 3315 paulo
478 3237 547 3315 plus
581 3233 601 3298 3
632 3237 744 3315 digitis.
797 3236 849 3299 Sic
883 3238 973 3315 igitur
1005 3247 1036 3298 et
1069 3238 1199 3299 calculus
1233 3240 1288 3299 hoc
1321 3239 1546 3317 phaenomenon
1584 3237 1706 3319 requirit.

357 3325 494 3386 Similem
518 3326 579 3386 fere
595 3336 626 3385 et
640 3327 742 3405 'lycho
758 3326 858 3388 Brahe
882 3327 966 3388 vidit.
1006 3328 1094 3387 aluno
1119 3327 1197 3388 enim
1213 3324 1265 3390 94.
1294 3323 1341 3390 19.
1359 3326 1429 3389 Oct.
1451 3346 1540 3388 mane
1556 3328 1586 3388 h.
1605 3327 1635 3390 5.
1653 3323 1706 3395 56.

356 3416 443 3476 Luna
466 3413 495 3474 in
520 3433 634 3474 summo
660 3415 756 3487 limbi,
793 3416 854 3488 rel,
880 3416 965 3475 utin
990 3416 1086 3476 altero
1117 3415 1322 3477 observatorio
1346 3417 1462 3497 pictura
1496 3427 1629 3495 excepta
1654 3417 1706 3482 luit,

355 3504 475 3583 paulum
501 3503 538 3562 ad
565 3504 701 3563 dextram
726 3504 879 3564 obscurari
904 3505 1022 3583 eoepit:
1054 3505 1190 3582 quamvis
1213 3506 1239 3566 is
1263 3506 1399 3566 delectus
1432 3505 1707 3566 occidentaliorilms

356 3594 516 3652 admodum
542 3610 667 3668 magnus
693 3594 877 3670 apparuerit.
918 3594 1004 3653 Luna
1029 3593 1118 3664 iqitur
1134 3595 1171 3652 ab
1188 3614 1295 3654 occasu
1320 3594 1419 3673 coepit
1444 3594 1601 3655 obscurari
1626 3605 1657 3655 et
1677 3592 1708 3652 ab

356 3682 461 3741 eadem
485 3681 578 3759 plaga
601 3683 753 3759 (quamvis
777 3682 921 3741 llucnuae
947 3682 1001 3741 sub
1026 3682 1134 3754 Terra)
1160 3701 1275 3743 rursum
1300 3684 1355 3742 fuit
1382 3683 1513 3761 impleta.

445 3767 508 3830 Sed
532 3769 560 3828 in
577 3768 735 3830 Solaribus
759 3770 927 3830 evidentior
951 3778 998 3830 est
1023 3770 1099 3830 ratio
1124 3781 1155 3830 et
1180 3772 1334 3849 quantitas
1354 3772 1392 3832 nh
1416 3772 1604 3851 parallaxes.
1639 3771 1707 3832 Nam

356 3858 383 3917 si
407 3858 587 3918 assumseris
620 3858 760 3936 angulum
794 3858 921 3919 risibilis
957 3859 1022 3918 vioe
1048 3860 1151 3919 Lunae
1176 3855 1245 3932 20⁰,
1280 3868 1409 3940 quantus
1436 3879 1492 3920 non
1528 3860 1624 3921 semel
1653 3860 1707 3939 jam

356 3954 514 4005 eraserat:
540 3965 648 4007 secans
672 3943 799 4008 l06ll8
822 3947 958 4008 dividens
979 3968 1122 4008 sirrrnuam
1144 3948 1444 4018 scuridiametrorrun,
1465 3967 1543 4028 qnae
1565 3946 1609 4010 30
1629 3967 1707 4009 assu·

357 4043 455 4094 matur
485 4034 711 4108 tantummodo,
744 4037 901 4096 constituit
927 4032 1028 4118 287„
1065 4038 1208 4115 reliquum
1240 4032 1296 4119 1*Ιὸ
1335 4057 1439 4115 parurn
1474 4038 1563 4097 alost
1589 4059 1607 4097 a
1631 4035 1708 4116 digiti

356 4125 536 4201 quantitate.
576 4124 681 4203 ltaque
706 4144 771 4184 curn
797 4125 911 4203 inipso
936 4128 1062 4187 articulo
1086 4126 1305 4204 conjunctionis
1329 4125 1456 4186 risibilis
1482 4146 1602 4186 auruma
1626 4124 1707 4186 semi-

356 4212 571 4273 diametrorum
580 4222 688 4291 aequat
699 4215 845 4274 risibilem
858 4214 961 4273 Lunae
974 4215 1172 4286 latitudinem,
1189 4224 1290 4293 potest
1300 4224 1399 4276 tamen
1412 4216 1525 4288 diditus
1538 4212 1707 4276 deficere.⁸l

445 4301 562 4362 Sullicit
601 4312 701 4362 autem
735 4304 772 4361 ad
814 4305 1101 4364 demonstrationem
1142 4306 1359 4381 expediendam
1401 4324 1560 4364 recensere
1604 4319 1706 4364 rursum

356 4398 492 4450 extrema
515 4391 714 4464 occasionum,
740 4392 846 4470 quibus
872 4392 927 4451 hoc
951 4394 1012 4452 fieri
1038 4393 1194 4468 contingit.
1235 4394 1365 4453 Rursum
1390 4392 1483 4468 igitur
1507 4403 1539 4452 ut
1566 4395 1594 4452 iu
1614 4393 1705 4453 Luna-

356 4480 452 4549 ribus,
477 4491 507 4540 ct
538 4487 679 4558 quantum
705 4480 742 4538 ad
768 4498 868 4540 verum
895 4482 997 4541 Lunae
1023 4491 1149 4551 motum,
1184 4481 1343 4560 requiritur
1368 4482 1473 4541 Lunae
1508 4482 1640 4541 latitudo
1668 4477 1705 4536 rel

357 4570 602 4644 septentrionalis
636 4568 813 4628 decrescens
838 4580 868 4628 ct
898 4570 1019 4648 eclipsis
1044 4571 1072 4629 in
1104 4580 1191 4629 ortu:
1223 4571 1270 4629 rel
1300 4570 1504 4631 rneridionalls
1539 4572 1706 4632 decrescens

446 4783 470 4837 ‘l
494 4781 567 4850 Ergo
589 4790 663 4844 uota,
686 4785 755 4850 quod
778 4783 833 4834 alia
850 4783 884 4834 sit
907 4783 1062 4846 eorrjunrtio
1083 4800 1148 4835 rcra
1171 4784 1317 4835 secundum
1341 4784 1552 4854 longitudini-ur,
1575 4785 1633 4839 alia
1653 4800 1703 4834 eoa·

353 4857 460 4922 junctio
476 4877 613 4928 apparens
629 4865 773 4913 secuudum
797 4863 1006 4933 longitudinem.
1030 4863 1086 4913 ulia
1101 4864 1216 4933 denique
1233 4865 1389 4931 conjunctio
1404 4882 1547 4934 apparens
1569 4868 1702 4918 seeundum

358 4940 588 5007 propinquitatem
610 4942 763 4992 maximam.
807 4942 875 4993 Nam
900 4942 976 4993 larua
999 4943 1024 4993 in
1047 4945 1141 4995 cadem
1164 4944 1264 4995 risibili
1288 4944 1461 5014 longitudine
1484 4963 1545 4999 curn
1566 4945 1638 5002 Sole.
1661 4959 1701 4996 auu

358 5025 450 5067 tamen
471 5026 514 5068 cst
537 5019 563 5069 in
585 5019 789 5086 propinquitate
812 5023 932 5074 maxima
954 5023 1062 5078 risibili.
1087 5023 1136 5074 uisi
1158 5025 1194 5075 sit
1217 5026 1298 5092 pluuc
1320 5027 1461 5079 enarratis.
