3692 5842
247 468 313 538 sar
670 470 1179 540 muneremunere

247 656 299 700 trea
326 648 438 698 admitto.
475 646 540 698 Sunt
562 654 612 698 tres
637 648 699 698 coeli
717 654 744 700 et
765 663 842 699 uuum
868 647 974 700 coelum
1007 648 1037 698 ld
1054 653 1227 713 mprsasantst
1251 645 1399 714 parabolis·
1423 645 1567 696 mma
1584 654 1608 696 et

247 722 370 771 unitatem
396 720 514 770 divinam.
560 718 705 784 Supremam
732 720 828 771 coelum
855 720 975 769 invisibile
1000 720 1148 770 invisibilem
1173 720 1256 770 innuit
1280 732 1416 786 pem
1443 716 1498 768 Dn'
1524 720 1608 782 panis.

248 793 443 841 Firmamentum
461 790 589 841 stellarum
608 791 711 842 fixarum
730 793 833 842 denotat
851 805 982 855 personam
999 789 1048 841 Dei
1065 790 1110 840 filii
1128 791 1279 842 mediatoris
1305 787 1403 840 Stellas
1420 789 1495 854 ipsse
1512 790 1606 854 negat

245 863 338 912 tudinis
358 861 468 912 dirersm
487 864 597 912 referunt
614 863 684 912 uobis
703 863 846 919 chrismata,
866 862 1104 926 archiepiscopatum
1123 869 1150 911 et
1167 862 1352 926 episcopatum,
1370 862 1416 925 qui
1431 861 1459 910 in
1479 859 1606 924 superbuit

246 936 323 983 totins
336 934 429 983 Terrae
447 934 558 983 similiter
576 934 714 998 inaequalia
733 934 910 998 magnitudinis
923 935 975 983 sire
992 933 1084 983 ordiuia
1101 935 1195 997 passim
1205 939 1274 992 suut,
1292 933 1397 982 iuuant
1413 929 1605 982 “lunum

245 1004 360 1068 Denique
380 1004 475 1054 coelum
494 1014 589 1069 septem
606 1005 762 1069 planetarum
781 1012 954 1067 repraesentat
971 1006 1083 1070 spiritum
1099 1012 1216 1056 sanatum
1233 1017 1291 1054 ouon
1309 1001 1327 1052 7
1344 1003 1527 1058 mouth
1542 1015 1605 1066 «ΙΨ

247 1076 281 1126 sd
300 1076 430 1126 ecclesiam
449 1076 597 1126 militantem
615 1079 748 1139 pertinent,
767 1090 842 1140 quare
861 1076 931 1127 uobis
942 1091 986 1139 por
1002 1075 1089 1126 stellas
1105 1076 1208 1126 mobiles
1225 1081 1467 1140 repraesentantur:
1485 1071 1560 1122 lm
1570 1079 1606 1122 sss

246 1146 320 1196 stella
339 1146 470 1209 Baptismi‚
489 1148 554 1212 quod
573 1163 603 1195 er
621 1150 769 1213 cognatione
787 1149 912 1212 utriusque
932 1161 988 1197 cum
1005 1161 1072 1214 aqua
1090 1146 1206 1212 colligere
1222 1160 1373 1212 postumum
1400 1151 1428 1196 st
1444 1159 1493 1210 per
1509 1143 1603 1192 Lunam

247 1217 277 1267 tit
294 1220 413 1268 transitus
432 1218 465 1268 ad
488 1220 654 1283 cognitionem
681 1220 828 1283 reliquarum
854 1219 990 1268 stellarum.
1025 1217 1163 1268 Mercurius
1189 1227 1228 1268 est
1253 1217 1329 1268 stalla
1349 1215 1523 1269 umas.
1550 1213 1601 1262 nb

247 1289 360 1345 obscura,
387 1303 460 1354 vaga.
498 1290 583 1339 Venus
603 1317 635 1326 -
656 1288 726 1339 Sacri
746 1289 852 1349 Ordinis,
880 1291 989 1339 omnium
1014 1287 1187 1351 pulcherrima
1224 1286 1269 1338 Sol
1285 1315 1320 1324 -
1338 1287 1528 1344 omnum
1550 1285 1602 1338 du.

248 1359 342 1417 oculus,
362 1375 412 1418 cor,
431 1362 484 1409 lons
494 1363 604 1411 omnium
621 1362 768 1425 reliquarum
786 1360 912 1410 stellarum
930 1359 1064 1414 mobilium.
1082 1358 1184 1423 perinde
1197 1367 1226 1409 ut
1237 1360 1370 1416 mutescit,
1390 1358 1519 1414 muisis,
1535 1359 1599 1405 sads

247 1433 323 1480 tactio
341 1431 487 1494 reliquorum
515 1439 733 1482 sacramentorum.
770 1431 839 1481 biars
859 1457 891 1467 -
911 1430 1126 1488 confirmationis,
1149 1430 1248 1480 biennio
1266 1445 1416 1486 rotumam,
1441 1430 1526 1493 puans
1542 1441 1599 1478 sats·

248 1509 344 1566 petens,
364 1503 471 1567 aliquam
490 1504 657 1552 constantiam
676 1504 806 1553 denotans.
841 1503 940 1566 Jupiter
958 1525 991 1535 -
1009 1500 1196 1563 Eucharistiae,
1215 1501 1340 1566 pubertati
1358 1514 1519 1568 tongmeua.
1537 1497 1600 1548 stella

248 1575 355 1622 omnium
372 1574 553 1635 jucundissima
571 1581 597 1623 et
614 1575 767 1623 suavissima.
805 1573 926 1623 Saturnus
947 1599 977 1608 -
999 1571 1130 1622 Extremae
1151 1573 1283 1622 motionis.

336 1643 362 1693 Si
381 1647 434 1709 quis
452 1647 615 1708 proprietates
633 1653 844 1695 sacramentorum
863 1660 918 1696 cum
937 1645 1043 1695 nouom
1067 1643 1225 1708 plaueurum
1249 1643 1379 1700 couimat,
1398 1640 1598 1693 murtae

248 1714 297 1764 bae
315 1717 341 1764 in
359 1730 385 1764 re
404 1718 597 1767 continuitatem
616 1720 729 1780 reperiet
750 1741 782 1751 -

337 1796 376 1845 Ad
404 1796 468 1847 baec
495 1797 621 1862 respoudit
647 1797 812 1860 Keplerus
837 1795 911 1860 paulo
939 1803 995 1860 post
1013 1793 1079 1857 (dies
1096 1792 1179 1858 deest)
1205 1794 1273 1845 bunc
1289 1796 1316 1844 in
1337 1792 1460 1843 nodam:
1488 1783 1597 1845 Littns

248 1876 340 1951 Tuas,
365 1876 469 1955 Magn.
494 1887 526 1939 et
548 1878 627 1940 Nob.
653 1878 709 1939 Vir
732 1878 779 1939 bis
802 1877 908 1937 diebos
936 1896 1047 1957 magna
1075 1877 1194 1938 laetitia
1217 1876 1332 1956 accepi.
1380 1873 1482 1954 Igitur
1504 1871 1596 1933 statin

249 1965 289 2026 ad
312 1967 550 2044 respondendum
571 1986 744 2040 conuersus,
765 1966 843 2046 qnod
863 1966 1068 2045 magnitudine
1087 1966 1252 2027 officiorum
1271 1982 1330 2026 nou
1344 1980 1482 2045 possum,
1504 1977 1595 2042 proro-

246 2054 374 2116 titudiue
398 2064 431 2116 et
453 2056 596 2136 obsequio
621 2055 727 2116 testari
752 2055 831 2116 volui
856 2074 954 2116 meam
976 2054 1200 2133 gratitudinem.

338 2160 447 2222 Libelli
471 2161 529 2222 mei
550 2161 587 2222 de
611 2160 710 2223 Stella
732 2171 835 2239 partes
859 2170 930 2222 sunt
953 2161 1076 2233 multae,
1099 2178 1222 2241 quarum
1246 2176 1323 2232 eam,
1348 2176 1430 2238 quae
1454 2155 1595 2236 siguifica-

246 2248 378 2311 tionibus
404 2258 460 2323 est,
485 2249 598 2313 minimi
623 2250 715 2324 iacio;
740 2251 798 2311 etsi
821 2251 917 2311 multa
940 2250 1077 2329 inspersa
1100 2248 1319 2328 philosophica
1364 2243 1445 2308 Cum
1465 2244 1596 2324 judiciari

247 2338 290 2398 M.
315 2337 354 2399 V.
379 2349 521 2417 peterem,
547 2351 614 2400 erat
638 2339 709 2400 mibi
735 2340 813 2401 inter
836 2338 999 2420 praecipua
1029 2339 1059 2399 iu
1087 2338 1186 2399 animo
1211 2336 1288 2415 Cap.
1310 2333 1435 2399 XXVI.
1459 2331 1597 2402 xxvii,

246 2435 281 2487 ut
304 2427 427 2499 scirem,
452 2448 609 2508 quamnam
634 2428 803 2507 expositis
827 2426 1015 2507 opinionibus
1039 2426 1216 2506 sequereris.
1263 2425 1310 2486 De
1335 2422 1597 2504 significationibus

245 2516 331 2577 rides
354 2536 400 2578 me
425 2516 507 2578 litem
532 2536 661 2579 movere.
708 2517 819 2578 Testor
840 2517 869 2578 in
893 2516 1099 2596 praefatione,
1132 2524 1231 2576 testor
1259 2512 1290 2576 in
1322 2512 1530 2575 conclusione.
1571 2508 1598 2569 la

245 2613 388 2666 contextu
412 2624 484 2667 vero
513 2625 630 2687 semper
659 2625 780 2667 assumo
814 2605 984 2684 hujusmodi
1015 2603 1176 2685 principia,
1212 2621 1288 2683 quae
1322 2613 1395 2664 sunt
1424 2621 1599 2674 rocosum.

243 2712 339 2773 neque
363 2703 463 2760 tamen
490 2696 578 2758 facile
602 2695 781 2762 refutantur,
804 2695 941 2774 populari
965 2694 1160 2774 persuasione
1184 2692 1318 2753 suffulta.
1364 2689 1411 2752 Et
1433 2689 1508 2770 quid
1530 2686 1599 2750 alind

244 2792 292 2843 est
326 2793 407 2844 totus
439 2784 572 2859 libellus,
608 2804 697 2864 quam
736 2782 868 2844 solennis
904 2781 1138 2858 draconariorum
1179 2781 1274 2844 totius
1314 2781 1380 2842 iere
1423 2777 1600 2856 astrologiae

242 2871 429 2951 judiciariae,
454 2873 528 2934 solis
552 2873 725 2953 aspectibus
749 2872 778 2932 iu
802 2882 928 2932 naturae
951 2883 1056 2951 partes
1079 2870 1238 2933 traductis.
1285 2870 1397 2949 ltaque
1416 2868 1491 2929 dum
1506 2883 1599 2944 nega,

244 2960 465 3039 praedictiones
493 2981 591 3024 rernm
615 2961 841 3043 particularium
874 2960 928 3021 niti
961 2961 1058 3022 solido
1091 2970 1122 3021 et
1145 2960 1228 3021 firmo
1262 2958 1485 3029 fondamento,
1517 2955 1599 3017 babes

244 3067 292 3109 me
316 3049 553 3112 consentientem
577 3071 631 3111 nec
656 3050 735 3111 alind
766 3069 804 3110 er
836 3049 911 3111 libro
940 3049 1076 3111 eviceris.
1123 3048 1169 3109 At
1201 3046 1320 3110 iuterim
1353 3046 1451 3126 pilam
1484 3046 1600 3106 eaodem

245 3137 408 3198 identidem
433 3140 657 3218 repercutimus,
682 3139 761 3218 qnod
784 3137 903 3199 scilicet
927 3157 983 3198 uon
1008 3139 1076 3199 ideo
1100 3137 1173 3198 nihil
1205 3136 1322 3197 coelum
1354 3144 1432 3214 agat
1454 3132 1487 3195 in
1511 3134 1600 3194 bomi-

243 3245 325 3299 nem,
350 3227 374 3285 si
400 3248 476 3306 quae
499 3229 611 3289 homiui
635 3229 776 3288 eveniunt
799 3227 996 3305 particularia
1027 3226 1161 3306 praedici
1192 3244 1250 3285 nou
1277 3233 1421 3303 possunt.
1471 3220 1600 3283 Praedici

245 3316 375 3376 fortasse
399 3317 497 3394 potuit
521 3327 687 3396 tempestas
711 3316 739 3376 iu
766 3316 832 3376 lacu
857 3314 1058 3377 Genesareth.
1093 3316 1137 3376 At
1161 3313 1318 3375 Christum
1341 3313 1371 3373 in
1397 3311 1471 3373 navi
1496 3311 1601 3372 dormi-

242 3412 349 3479 turum,
376 3405 540 3485 discipulos
564 3407 776 3484 trepidaturos,
802 3404 936 3484 praedici
960 3424 1017 3465 non
1041 3404 1151 3484 potuit.
1199 3404 1381 3482 Tempestas
1411 3400 1494 3462 euim
1518 3413 1601 3462 nato·

243 3495 337 3554 ralem
364 3496 440 3555 forte
464 3515 587 3556 causam
611 3494 725 3567 habuit;
749 3503 905 3572 aspectum
921 3495 1096 3565 coelestem,
1121 3492 1276 3555 Christum
1300 3509 1373 3551 vero
1389 3509 1450 3552 nou
1467 3505 1604 3569 aspectus

241 3583 295 3642 sed
320 3583 474 3644 arbitrium
500 3585 529 3645 in
558 3584 657 3644 nasim
690 3583 856 3642 induxerat.
905 3583 1012 3661 ltaque
1043 3602 1137 3644 causa
1160 3581 1243 3641 nulla
1270 3589 1334 3651 est,
1362 3598 1419 3640 cur
1442 3579 1603 3640 Martinam

242 3671 300 3730 Del
324 3671 383 3731 iiio
407 3673 454 3732 lric
477 3673 648 3755 repudiern,
674 3673 701 3731 in
726 3670 777 3731 illo
801 3680 943 3731 accurato
968 3671 1105 3732 examine
1138 3670 1323 3749 astrologiae
1357 3667 1475 3749 aliquid
1510 3677 1604 3730 tanen

244 3760 328 3820 coelo
354 3760 485 3822 dantem.
532 3760 594 3821 Alii
618 3780 699 3836 vero,
724 3760 772 3839 qui
796 3759 911 3820 coelum
935 3759 1022 3839 ajunt
1045 3759 1190 3821 inclinare
1214 3777 1272 3819 nou
1296 3757 1509 3832 necessitate,
1533 3756 1605 3837 quod

243 3848 342 3908 altera
374 3869 463 3910 manu
496 3851 643 3910 dederant
672 3850 769 3910 altera
802 3869 917 3911 rursum
952 3848 1082 3927 eripiunt
1093 3867 1102 3922 ;
1141 3848 1286 3909 inclinare
1323 3845 1540 3924 intelligentes
1570 3844 1605 3904 ad

242 3936 454 4014 particularia,
482 3958 557 4017 quae
582 3947 652 3998 sunt
675 3937 792 3999 arbitrii
816 3947 868 3997 aut
892 3958 994 4009 casus,
1029 3947 1062 3998 ut
1085 3938 1125 3997 ad
1149 3937 1280 4008 caedes,
1314 3936 1354 3996 ad
1379 3935 1540 4007 incestus,
1571 3933 1606 3993 ad

242 4024 321 4084 ictus
351 4025 530 4102 ignitorum:
569 4027 647 4105 quod
676 4046 749 4085 sane
777 4046 835 4086 non
863 4025 973 4104 probo:
1012 4026 1093 4085 nulla
1128 4024 1207 4085 enirn
1241 4024 1313 4085 talis
1348 4032 1399 4084 est
1428 4041 1489 4084 uon
1524 4022 1607 4084 modo

240 4114 428 4181 necessitas,
461 4116 514 4175 sed
539 4134 574 4174 ne
601 4115 754 4175 inclinatio
779 4114 906 4193 quidem.
953 4113 1212 4174 inclinatiorem
1236 4112 1386 4173 excoelo
1410 4113 1493 4192 petit
1517 4113 1606 4174 allec·

240 4208 290 4262 tus
315 4202 440 4264 bominis
465 4213 639 4281 ceterasque
664 4205 768 4264 brutas
794 4205 966 4265 facultates.
1004 4202 1068 4265 Sed
1091 4201 1195 4279 accipe
1220 4202 1298 4282 quod
1323 4202 1432 4279 petisti
1452 4201 1606 4281 judicium.

331 4290 532 4369 Cornparatur
554 4292 601 4351 hic
625 4293 740 4352 coelum
764 4312 829 4352 cum
854 4291 993 4353 ecclesia.
1040 4291 1215 4352 Probabile.
1263 4291 1344 4351 Nam
1369 4290 1456 4350 Dens
1481 4292 1607 4371 popula·

240 4377 315 4436 riter
338 4380 470 4440 creditur
492 4380 579 4440 nobis
604 4380 640 4439 de
664 4381 753 4440 rebus
778 4383 889 4442 nostris
914 4381 944 4442 in
968 4381 1069 4441 Terris
1094 4380 1182 4457 signa
1215 4378 1352 4439 mittere:
1387 4379 1488 4440 mittit
1513 4391 1607 4440 autern

241 4465 329 4541 signa
353 4467 389 4526 de
413 4469 508 4529 coelo.
557 4467 681 4530 Caelum
707 4469 797 4546 igitur
822 4471 923 4549 signat
946 4489 994 4529 res
1026 4482 1158 4529 nostras.
1205 4467 1253 4528 Ex
1284 4467 1374 4528 rebus
1406 4469 1524 4529 nostris
1555 4487 1607 4547 po·

242 4552 379 4614 tissiruae
404 4556 639 4631 ecclesiasticae,
665 4558 821 4637 inquibus
846 4559 961 4619 animus
986 4569 1165 4637 occupatur,
1190 4557 1245 4617 illa
1268 4575 1342 4635 pars
1366 4556 1513 4626 bominis,
1537 4575 1608 4638 quas

242 4651 315 4717 apta
352 4652 400 4703 cst
443 4645 555 4705 moveri
591 4665 609 4704 a
641 4646 736 4725 signis
770 4648 888 4708 divinis.
950 4645 1047 4724 Signa
1086 4647 1178 4723 igitur
1214 4645 1365 4706 coelestia
1403 4646 1532 4725 signant
1564 4663 1607 4705 res

241 4730 399 4790 ecclesiae.
447 4732 623 4793 Auctoritas
648 4754 673 4794 s.
700 4735 853 4796 literarum
884 4735 1045 4796 ecclesiam
1070 4743 1230 4813 comparat
1253 4734 1375 4807 Lunae,
1409 4735 1606 4815 particulares

243 4818 388 4914 ccclesias
422 4831 540 4899 septem
563 4823 656 4884 Asiae
686 4834 844 4900 comparat
868 4833 983 4903 septem
1015 4825 1113 4885 stellis
1147 4842 1310 4905 earumque
1345 4824 1495 4902 angelos,
1530 4824 1549 4884 h
1579 4839 1604 4879 e.

242 4919 410 4982 episcopos.
