3692 5842
758 492 840 559 capua
857 492 888 545 X·
1314 505 1318 512 ’
1438 497 1504 567 647

145 677 249 734 matur
267 670 365 754 ibique
385 670 567 751 aliquamdiu
589 669 725 733 haereat.
772 669 939 753 Comparet
960 672 1091 735 medicus
1115 673 1223 755 aliquis
1246 678 1414 759 exemplum
1437 699 1503 742 me-

145 762 271 836 moriae,
297 781 355 843 qua
380 761 526 845 facultate
548 778 597 821 res
616 760 799 838 praeteritae
823 751 1099 838 sic'custodiuntur,
1123 783 1160 825 ac
1183 764 1209 826 si
1232 776 1377 846 perpetuo
1400 777 1506 832 esseut

144 859 335 928 praesentes.
380 850 495 929 Magna
516 848 654 929 utrinque
679 848 857 926 similitudo,
885 869 1026 931 maguum
1056 852 1246 916 miraculum:
1280 854 1442 918 diversitas
1474 858 1504 922 iu

145 957 182 999 eo
207 939 289 1013 solo,
314 939 392 1021 quod
415 958 464 1002 res
488 957 565 1018 quae
588 938 617 999 iu
641 940 783 1001 memoria
805 940 956 1013 relucent,
980 942 1029 1003 vel
1048 959 1102 1020 per
1125 942 1252 1023 quinque
1275 963 1381 1007 seusus
1396 966 1415 1006 a
1430 946 1503 1007 foris

144 1026 308 1090 introrsum
333 1028 454 1090 fuemut
476 1036 631 1107 receptae,
655 1027 705 1089 rel
728 1050 747 1088 a
769 1029 1000 1091 ratiocinatione
1025 1031 1135 1092 actuali
1159 1032 1197 1093 ab
1220 1032 1301 1094 iutra
1323 1034 1502 1113 phantasiae

143 1116 287 1179 oblatae:
311 1125 345 1179 at
369 1117 425 1178 has
448 1117 565 1197 species
589 1135 687 1178 rerum
710 1117 888 1180 coelestium
915 1118 1033 1180 occulta
1056 1119 1158 1200 aliqua
1180 1121 1362 1201 percipiendi
1385 1124 1503 1186 ratione

143 1205 309 1269 introrsum
332 1206 555 1287 imprimuntur:
578 1215 806 1288 proptereaque,
830 1215 864 1269 ut
882 1227 959 1288 quae
978 1208 1092 1269 suntin
1106 1210 1260 1283 memoria,
1284 1230 1340 1273 non
1365 1222 1504 1275 naturam

144 1294 199 1356 sed
229 1295 491 1357 ratiocinationem
523 1304 725 1357 commovent:
759 1296 804 1357 sic
834 1296 863 1357 hi
892 1297 1081 1358 characteres
1111 1298 1284 1361 coelestium
1312 1309 1418 1363 contra
1445 1320 1503 1364 uon

143 1383 408 1447 ratiocinationem
428 1386 483 1446 sed
506 1395 645 1447 naturam
665 1384 803 1446 incitant.
842 1386 950 1465 ltaque
973 1387 1050 1467 quod
1066 1395 1114 1447 est
1134 1388 1162 1447 iu
1182 1389 1325 1451 memoria
1347 1389 1505 1452 character

144 1472 189 1534 rei
213 1473 299 1534 visae
322 1473 371 1535 rel
395 1474 516 1536 auditae
539 1475 587 1535 vel
610 1473 778 1551 cogitatae,
812 1474 868 1535 hoc
899 1483 947 1535 est
976 1475 1005 1537 in
1035 1475 1182 1537 facultate
1205 1477 1262 1539 hac
1286 1479 1403 1541 animae
1427 1480 1502 1541 cha·

144 1572 249 1625 racter
271 1562 360 1636 coeli,
397 1563 445 1643 qui
469 1572 602 1642 tempore
626 1562 798 1624 nativitatis
821 1563 954 1625 influxit:
987 1564 1119 1626 vicissim
1142 1565 1221 1646 qnod
1240 1576 1289 1629 est
1310 1567 1340 1630 iu
1363 1567 1503 1630 reminis·

143 1651 265 1713 centiae
289 1650 411 1730 negotio
434 1661 521 1714 actus
543 1652 594 1713 ille
618 1651 857 1713 ratiocinationis
880 1653 929 1715 rel
953 1672 1047 1714 novae
1072 1654 1235 1728 censionis,
1268 1676 1345 1738 quae
1376 1676 1431 1720 nos
1464 1657 1504 1719 ad

141 1740 396 1803 reminiscendam
419 1742 547 1822 priorem
567 1751 739 1820 permovet,
762 1741 818 1802 hoc
842 1742 943 1804 estin
967 1742 1023 1804 hac
1048 1743 1166 1805 occulta
1189 1744 1384 1824 impressione
1408 1764 1504 1808 novus

141 1828 220 1892 coeli
251 1838 349 1892 motus
381 1837 414 1891 et
440 1830 629 1911 planetarum
661 1829 807 1892 transitus
830 1849 885 1910 per
908 1832 976 1893 loca
1000 1831 1150 1896 natalitia.
1201 1834 1313 1897 Vemm
1343 1843 1378 1896 ut
1408 1836 1438 1896 iu
1471 1853 1503 1897 re

141 1918 313 1997 perdifficili
336 1926 367 1980 et
389 1918 504 1981 lubrica
526 1939 584 1981 nou
609 1919 688 1979 omui
712 1920 937 1981 asseveratione
960 1921 1157 1996 contendam,
1180 1932 1305 2003 paratus
1325 1923 1428 1986 audire
1445 1924 1503 1987 hac

141 2007 180 2068 de
204 2027 238 2070 re
262 2008 429 2070 sententias
452 2007 740 2088 philosophantium.

234 2094 314 2167 Quid
337 2096 428 2176 igitur
450 2098 491 2158 sit
513 2098 675 2177 triplicitas
689 2097 787 2177 ignea,
813 2097 883 2177 quid
903 2115 1012 2177 magna
1027 2098 1206 2178 conjunctio,
1232 2100 1292 2162 dixi
1316 2118 1370 2180 per
1385 2110 1500 2163 utram-

141 2205 199 2266 que
223 2186 383 2247 scieutiam
407 2186 651 2248 mathematicam
673 2196 705 2247 et
727 2186 892 2269 physicam,
916 2195 1061 2267 quantum
1078 2186 1150 2249 mihi
1164 2189 1338 2254 videbatur:
1362 2181 1502 2269 superest

140 2284 177 2337 ut
200 2276 360 2337 ostendam
384 2296 484 2339 verum
508 2276 586 2338 diem
609 2276 697 2356 hujus
721 2294 848 2355 maguae
876 2276 1105 2356 conjunctionis.

730 2520 913 2533 ..ι-,-

713 2736 833 2836 Caput
862 2734 932 2810 XI.

206 2913 265 2977 De
287 2920 423 2995 ternpore
444 2934 579 2998 mnqnoe
601 2915 835 3002 conjunctionis,
859 2934 941 2996 qaae
962 2914 1157 2996 principium
1172 2916 1254 2999 fecit
1274 2915 1435 2981 revolutae

658 3003 840 3087 triplicitati
864 3005 984 3086 ipreene.

230 3161 425 3224 Benefaciam
456 3163 637 3225 adversariis
671 3163 811 3229 delectis.
845 3170 1021 3225 ostensurus
1051 3163 1214 3245 astrologis
1247 3185 1285 3228 ex
1316 3165 1502 3230 astronomia

137 3248 304 3324 sinceriori,
329 3270 418 3331 quam
442 3253 654 3332 utplurimum
680 3253 829 3331 ignorant,
854 3251 927 3312 illud
952 3261 1144 3326 momentum,
1172 3254 1250 3334 quod
1275 3255 1393 3334 magnis
1416 3256 1500 3318 Ara·

139 3339 212 3402 hum
235 3340 467 3404 auctoritatibus
490 3342 577 3403 uobis
601 3342 836 3402 commendatur.
883 3339 999 3402 iubent
1021 3341 1100 3403 euim
1123 3342 1260 3422 magistri
1276 3344 1402 3422 gradum
1417 3345 1501 3407 illum

137 3427 302 3507 diligenter
333 3430 497 3510 inspicere,
534 3430 583 3512 qui
618 3429 673 3490 sub
710 3429 807 3509 ipsum
839 3429 1010 3508 scrupulum
1040 3449 1220 3510 congressus
1252 3432 1437 3510 superiorum
1470 3434 1500 3496 in

137 3516 257 3579 oriente
280 3528 427 3582 versetur.
473 3525 595 3592 (Carnam
607 3526 701 3577 Comm.
715 3528 741 3576 iu
753 3526 817 3575 Ptol.
831 3525 878 3583 IV,
892 3523 935 3575 10.
956 3525 1043 3576 Manli.
1063 3529 1162 3575 Antron.
1176 3526 1209 3583 11.
1225 3523 1265 3575 16.
1279 3525 1325 3590 sa.)
1377 3522 1501 3595 Verum,

136 3624 155 3668 ο
181 3624 245 3666 rem
269 3608 411 3671 miseram
434 3620 466 3671 et
489 3610 687 3689 deploratam,
713 3608 882 3691 Cyprianus
897 3607 1054 3668 Leoritius
1074 3626 1140 3668 eam
1164 3607 1258 3669 refert
1280 3608 1320 3669 ad
1344 3610 1500 3672 meridiem

136 3694 200 3755 diei
226 3689 332 3781 19129.
361 3697 447 3775 Dec,
472 3699 613 3779 Maginus
638 3718 674 3760 er
695 3698 865 3760 Prutenicis
889 3696 928 3757 ad
951 3696 1104 3757 meridiem
1133 3689 1236 3777 11124.
1258 3695 1332 3760 Dec.
1379 3699 1498 3760 Brahe-

135 3802 215 3845 anus
248 3787 397 3863 calculus,
436 3798 578 3869 quantum
611 3789 637 3849 is
670 3788 767 3851 obiter
800 3786 837 3848 ab
871 3794 993 3848 auctore
1026 3785 1094 3846 viro
1127 3785 1280 3847 emendari
1311 3787 1426 3866 potuit,
1460 3789 1501 3851 ad

137 3869 228 3952 9119.
259 3875 351 3937 Dee:
389 3876 455 3958 Ego
488 3878 517 3939 in
547 3878 739 3957 prognostico
771 3876 840 3938 anui
876 3870 977 3949 1603,
1012 3874 1210 3936 consideratis
1238 3874 1499 3940 observationibus

134 3962 311 4027 Braheauis
334 3973 366 4027 et
388 3967 479 4037 meis,
513 3968 551 4028 ad
580 3960 679 4050 titt,
704 3960 787 4051 7117.
810 3963 859 4027 rel
882 3956 969 4047 8118.
993 3963 1068 4026 Dec.
1113 3964 1193 4026 Ecce
1217 3965 1384 4028 vanitatem
1406 3985 1498 4046 prae-

136 4051 235 4130 cepti,
261 4054 341 4134 quod
362 4074 417 4116 nos
437 4056 525 4135 jubet
550 4077 587 4117 err
619 4056 764 4136 gradibus
795 4055 926 4126 zodiaci,
958 4073 1083 4133 quorum
1105 4054 1136 4115 iu
1168 4073 1226 4116 uno
1259 4056 1307 4117 die
1340 4057 1499 4119 volvuntur

134 4136 213 4211 36¹.
238 4161 329 4205 unum
352 4162 476 4226 eumque
500 4164 602 4207 verum
625 4145 752 4224 eligere:
778 4164 845 4205 cum
868 4143 987 4205 iuterim
1009 4144 1183 4219 astronomi,
1210 4145 1349 4225 aquibus
1364 4145 1497 4225 petenda

134 4239 188 4293 ast
219 4240 353 4294 motuum
383 4234 524 4303 scientia.
558 4235 638 4296 iutra
671 4231 710 4298 13
741 4241 824 4295 totos
851 4233 916 4294 dies
949 4251 1006 4292 unu
1030 4234 1230 4293 consentiant.
1277 4233 1320 4295 Et
1342 4234 1498 4314 quisquam

134 4320 245 4384 credat
268 4322 335 4384 huic
358 4325 579 4403 astrologorum
602 4322 708 4384 canoni
731 4321 816 4403 quasi
841 4319 1028 4401 experientia
1052 4322 1228 4395 constituto,
1257 4340 1324 4383 cum
1348 4340 1496 4403 uunquam

99 4431 103 4438 ·
133 4410 244 4473 melior
267 4412 358 4474 inerit
381 4412 579 4487 astronomia,
611 4432 699 4492 quam
733 4420 780 4473 est
812 4410 922 4471 hodie?
967 4409 1056 4471 Adde
1086 4411 1164 4490 quod
1188 4429 1225 4472 ne
1249 4430 1354 4472 seusus
1378 4411 1497 4491 quidam

132 4500 201 4580 ipse
225 4501 268 4575 (si
291 4500 447 4582 contingat
469 4497 705 4580 conjunctionem
729 4500 822 4561 oculis
846 4497 978 4579 adspici)
1003 4498 1142 4560 subtilius
1170 4518 1259 4580 quam
1290 4499 1327 4560 de
1352 4500 1399 4560 die
1422 4517 1496 4579 pro·
1546 4517 1552 4545 ι

132 4590 268 4654 nunciet.
314 4590 436 4652 Etenim
460 4590 581 4652 diurnus
605 4588 729 4651 Saturni
759 4597 856 4650 motus
889 4589 946 4650 suit
969 4586 1010 4662 71,
1039 4588 1125 4650 Jovis
1153 4587 1213 4651 13‘.
1260 4588 1374 4650 Dietim
1405 4588 1498 4669 igitur

132 4677 257 4758 Jupiter
279 4678 443 4742 Saturnum
466 4679 622 4761 superavit
644 4699 702 4741 nou
726 4680 792 4759 plus
817 4673 864 4739 6¹:
893 4687 928 4739 at
949 4675 1035 4738 Jovis
1059 4696 1166 4756 corpus
1190 4684 1301 4760 aequat
1324 4670 1409 4761 3¹]2‘,
1434 4676 1495 4740 Sa-

133 4768 218 4831 turni
241 4762 318 4853 2¹!,‘
341 4764 521 4844 circiter.¹¹)
567 4770 674 4850 ltaque
705 4787 761 4848 per
786 4767 937 4845 integrum
969 4766 1046 4827 diem
1080 4765 1258 4829 videbuntur
1288 4765 1437 4829 Saturnus
1464 4774 1497 4829 et

133 4857 258 4940 Jupiter
280 4858 408 4921 invicem
431 4859 604 4938 corporibus
627 4857 791 4919 adhaerere
815 4856 974 4935 conjuncti.

228 4948 437 5012 Veruntamen
460 4948 531 5029 quid
554 4946 742 5009 observando
766 4944 822 5008 sim
845 4952 1023 5007 consecutus
1047 4942 1167 5023 accipe:
1197 4962 1291 5025 exque
1322 4942 1359 5005 iis
1383 4940 1495 5007 Crahbi

134 5037 218 5102 illius
241 5037 471 5103 observationes
494 5038 638 5111 amdma,
663 5055 737 5118 quas
761 5034 812 5098 ille
836 5034 921 5115 quasi
945 5053 984 5097 ex
1004 5033 1157 5113 Apollinis
1182 5032 1312 5113 Tripode
1335 5032 1494 5113 depromit,
