3692 5842
717 467 848 524 mna
867 466 1085 522 messmam
1515 469 1584 540 ,477

227 646 283 716 aas
306 643 433 720 Caesar,
457 663 512 725 per
535 646 667 727 specula¹
681 655 714 710 et
736 647 862 727 specilla
883 648 1021 724 efficere,
1051 658 1085 712 ut
1107 649 1215 712 literae
1239 649 1458 713 minutissimae
1474 651 1584 714 'multis

227 733 406 800 milliaribus
420 743 555 800 remotae
580 736 623 798 sic
647 736 827 815 legerentur,
852 756 889 799 ac
913 737 939 799 si
963 746 1141 816 praesentes
1165 747 1278 801 essent.
1325 739 1366 801 Et
1389 747 1423 801 nt
1447 741 1486 804 ad
1508 760 1582 803 coe-

227 823 321 888 lestia
343 824 420 890 haec
444 825 687 888 accommodem:
712 825 828 905 specilli
852 826 941 906 hujus
965 827 1081 889 fabrica
1112 827 1216 890 nititur
1254 828 1423 906 hujusmodi
1456 848 1582 908 geome-

227 912 314 978 tricis
344 912 516 994 principiis,
553 922 587 976 ut
623 915 722 994 quoad
752 916 891 977 effectum
924 915 1041 978 infinita
1070 915 1164 978 videri
1193 916 1302 997 possit.
1348 918 1416 980 Non
1441 917 1583 980 existimo

227 1010 350 1077 umen,
383 1010 418 1066 ut
439 1009 558 1066 montes
580 1001 610 1063 in
633 1003 722 1065 Luna
754 1011 785 1065 et
816 1004 930 1078 valles,
963 1005 1008 1065 sic
1037 1005 1161 1066 arbores
1191 1024 1306 1085 quoque
1340 1015 1371 1067 et
1398 1025 1503 1068 cervos
1530 1015 1585 1068 aut

227 1110 325 1156 usves
358 1090 388 1154 in
417 1091 543 1156 lacubus
573 1090 611 1152 iis
644 1092 799 1154 fluitantes
831 1093 902 1155 olim
925 1101 1186 1173 repraesentatum
1209 1094 1254 1155 iri.
1301 1095 1489 1173 Argumeuto
1514 1103 1584 1160 utor

226 1179 335 1244 eodem
360 1198 418 1260 quo
440 1180 521 1244 clim.
567 1180 649 1244 Nam
672 1190 707 1242 ut
729 1181 809 1243 aeris
833 1182 877 1242 sic
900 1182 1033 1244 aetheris
1056 1201 1187 1262 quoque,
1216 1183 1242 1244 si
1272 1184 1359 1244 modo
1392 1202 1501 1261 corpus
1526 1192 1584 1258 est,

225 1268 340 1350 aliquis
364 1268 536 1332 necessario
560 1270 643 1331 color
676 1278 742 1331 est:
777 1290 862 1349 quem
895 1272 921 1332 si
946 1272 1043 1333 lumen
1068 1272 1256 1334 stellulerum
1280 1269 1420 1353 Solisque
1444 1272 1473 1334 in
1496 1274 1585 1336 Luna

227 1359 375 1422 mumma
399 1365 542 1437 superat,
576 1367 610 1420 at
632 1377 690 1419 uon
715 1360 871 1438 superabit
899 1359 1099 1422 minutissima
1130 1360 1173 1422 rei
1207 1360 1314 1422 lucula.
1360 1360 1473 1423 Eorum
1496 1362 1583 1437 enim,

227 1465 308 1527 quse
332 1454 404 1510 suut
427 1447 560 1527 ejusdem
584 1447 720 1525 generis,
745 1456 778 1509 ut
801 1448 909 1510 coloris
935 1450 963 1510 iu
987 1449 1109 1511 aethere
1134 1456 1166 1511 et
1188 1449 1297 1511 coloris
1320 1449 1349 1511 iu
1373 1448 1585 1529 superficiebus

229 1536 395 1597 densarum
419 1543 623 1597 creaturarum
648 1536 803 1610 lunarium,
836 1537 989 1617 proportio
1012 1546 1116 1600 mutua
1147 1538 1255 1599 inverti
1285 1545 1388 1617 potest
1419 1539 1584 1601 continenti

229 1623 358 1688 mineris
381 1624 521 1687 suctione
545 1634 598 1687 aut
620 1625 742 1704 majoris
766 1625 969 1689 diminutione.
1021 1625 1084 1687 Sed
1113 1627 1191 1688 addo
1215 1634 1247 1689 et
1269 1627 1398 1689 alterum
1422 1646 1584 1707 argumen-

226 1721 306 1777 tum.
354 1711 422 1775 Etsi
445 1720 610 1794 praccepta
633 1714 743 1775 docent
766 1714 911 1776 fabricam
936 1715 979 1776 sic
1012 1715 1137 1790 instrui,
1171 1722 1205 1777 ut
1236 1716 1361 1778 effectus
1385 1717 1415 1777 in
1439 1716 1586 1778 infinitum

226 1820 326 1883 usque
349 1802 574 1883 multiplicetur,
598 1821 703 1864 manus
727 1810 829 1864 tamen
853 1804 977 1866 artificis
1010 1823 1069 1865 uon
1100 1824 1135 1865 eo
1164 1823 1257 1884 usque
1288 1814 1459 1885 sequentur.
1504 1806 1584 1868 Nam

226 1890 256 1957 si
280 1909 340 1954 uon
367 1898 487 1952 tantum
510 1891 597 1953 deest
619 1891 816 1971 politissimae
840 1892 909 1955 vitri
934 1893 1128 1967 rotunditati,
1168 1893 1246 1974 quod
1278 1894 1327 1954 vel
1350 1894 1454 1954 Lunae
1478 1912 1586 1973 corpus

225 1980 277 2040 vel
302 1980 370 2058 ejus
394 1988 512 2059 partem
535 1980 729 2043 centesimam
759 1982 948 2061 distorqueat
978 1991 1011 2043 et
1041 1982 1157 2044 luculas
1190 1983 1374 2056 confundat,
1407 1991 1442 2044 at
1468 1989 1586 2044 tantum

228 2067 360 2148 denique
384 2067 499 2142 deerit,
539 2070 616 2149 quod
650 2069 750 2131 decies
780 2070 970 2133 millesimam
1000 2070 1138 2145 aboleat;
1175 2078 1209 2132 ut
1239 2072 1265 2132 si
1288 2071 1418 2150 jubeas,
1454 2072 1585 2133 reculam

229 2153 345 2222 50000
376 2157 546 2219 milliarium
570 2157 679 2220 abhinc
704 2159 868 2221 distantem
892 2161 936 2221 sic
960 2158 1099 2221 exhibere
1123 2166 1323 2239 praesentem,
1347 2178 1383 2221 ac
1406 2159 1433 2221 si
1456 2159 1587 2221 distaret

230 2265 324 2310 uuum
348 2246 492 2315 milliare,
526 2246 623 2307 deerit
645 2248 775 2310 sortasse
799 2249 977 2311 rotunditati
1001 2248 1070 2310 vitri
1092 2248 1259 2328 particula,
1283 2269 1312 2311 v.
1336 2268 1363 2309 c.
1387 2248 1584 2329 quinquagies

229 2334 412 2409 millesima,
447 2354 523 2414 quae
551 2336 617 2414 jam
650 2345 745 2399 totum
775 2337 846 2399 illud
869 2338 981 2400 idolum
1004 2338 1176 2400 confundet.
1223 2336 1335 2399 Nescio
1360 2357 1397 2398 au
1422 2356 1584 2416 argumen-

231 2432 333 2486 torum
356 2423 462 2486 homm
483 2425 661 2486 alterutrum
683 2426 873 2488 confirmetur
895 2427 947 2489 illo
971 2426 1194 2506 experimento,
1224 2427 1301 2506 quod
1325 2425 1354 2488 in
1378 2427 1584 2505 praestantis-

228 2511 317 2576 simis
340 2513 431 2587 tubis,
456 2531 531 2592 quos
554 2513 698 2575 hactenus
713 2516 785 2576 mihi
800 2515 929 2595 contigit
943 2515 1053 2589 videre,
1079 2535 1153 2577 aura
1175 2516 1318 2577 coelestis
1338 2516 1402 2594 jam
1425 2515 1528 2577 albida
1551 2523 1583 2577 et

228 2600 395 2682 splendens
418 2611 671 2681 repraesentatur,
697 2624 750 2683 per
769 2623 857 2684 quam
880 2606 932 2666 vix
954 2613 1158 2683 agnoscuntur
1181 2604 1320 2665 stellulae
1343 2604 1415 2666 illae
1437 2605 1581 2666 minutae.

320 2690 393 2752 Dixi
426 2709 473 2753 me
506 2691 627 2762 ludere,
665 2692 767 2773 itaque
804 2703 889 2773 turpe
927 2695 997 2755 mihi
1031 2714 1087 2756 nou
1120 2700 1178 2767 est,
1205 2700 1323 2773 partem
1352 2693 1443 2754 etiam
1470 2693 1582 2754 victam

229 2786 415 2843 restaurare.
461 2778 604 2842 Concedo
637 2782 713 2843 enim
738 2790 772 2844 ut
798 2782 828 2843 in
851 2783 1073 2845 Dissertatioue
1098 2800 1230 2862 quoque,
1261 2782 1374 2862 aliquid
1398 2802 1417 2843 a
1441 2780 1582 2844 Galilaea

227 2868 421 2951 praestitum,
445 2870 524 2949 quod
539 2889 726 2950 nequaquam
741 2891 943 2950 speraveram.
982 2873 1028 2934 At
1046 2890 1160 2934 rursum
1184 2872 1211 2932 si
1235 2890 1291 2951 ego
1314 2872 1346 2931 id
1370 2889 1428 2931 non
1451 2872 1581 2952 speravi,

230 2959 331 3022 habeo
355 2965 467 3032 tamen,
492 2977 580 3037 quem
601 2960 666 3033 tibi,
691 2962 811 3039 roganti
836 2961 922 3040 „quis
938 2961 1011 3022 haec
1029 2960 1199 3042 putasset,“
1225 2961 1383 3022 exhibeam
1406 2978 1444 3020 ex
1458 2959 1583 3022 Disser-

231 3047 352 3111 tatioue
375 3066 452 3121 mea,
477 3047 640 3109 Pistorium
662 3050 797 3128 adeoque
820 3049 919 3129 ipsum
943 3049 1118 3112 Caesarem.
1164 3050 1310 3128 Adeoque
1335 3049 1417 3110 etin
1441 3068 1480 3109 ea
1502 3048 1584 3109 dilii-

230 3135 352 3208 dentia,
386 3136 465 3215 quod
492 3137 575 3198 visus
602 3137 699 3198 nudus
727 3147 885 3217 praestare
909 3158 972 3200 non·
991 3139 1091 3218 possit
1114 3159 1159 3212 ea,
1184 3158 1261 3219 quae
1286 3139 1407 3218 speculo
1441 3145 1585 3211 armatus,

231 3225 442 3290 sdversamum
464 3225 559 3287 habes
583 3225 815 3300 Wackherium,
840 3228 889 3307 qui
914 3229 1031 3289 omnino
1055 3236 1163 3307 putat,
1195 3226 1225 3287 in
1250 3227 1307 3288 hcc
1329 3226 1443 3288 infinito
1468 3226 1586 3305 generis

229 3313 354 3377 humaui
377 3332 499 3376 numero
523 3315 665 3394 reperiri,
689 3316 739 3396 qui
763 3316 896 3396 simplice
920 3317 988 3377 visu
1011 3336 1129 3379 omnem
1152 3315 1339 3395 speculariae
1363 3315 1488 3376 visionis
1511 3316 1586 3377 sub-

230 3402 376 3467 tilitatem
409 3402 571 3466 imitentur.
617 3404 683 3466 Nec
704 3405 794 3465 valde
818 3406 845 3467 ei
868 3423 1011 3485 repugno.
1059 3405 1132 3467 Vidi
1156 3404 1235 3465 enim
1263 3404 1312 3483 qui
1345 3404 1381 3464 de
1414 3404 1463 3464 die
1486 3404 1587 3465 omnia

230 3498 467 3572 assequerentur
489 3493 577 3554 nudis
606 3493 719 3567 oculis,
754 3514 829 3573 quae
862 3495 927 3574 ipse
959 3494 1009 3555 vix
1041 3492 1225 3573 assequebar
1256 3493 1474 3567 instrumento,
1507 3492 1585 3571 quod

231 3580 394 3661 decuplam
418 3581 580 3643 exhibebat
602 3582 645 3644 rei
669 3584 853 3647 diametrum.

323 3666 400 3740 Quis
424 3688 495 3731 vero
518 3679 552 3732 tu
575 3670 623 3732 vel
647 3673 770 3733 tandem
802 3673 869 3753 qui,
904 3692 972 3734 cnm
1004 3671 1096 3732 etiam
1120 3690 1166 3732 me
1190 3670 1272 3732 intus
1297 3677 1328 3731 et
1351 3670 1380 3730 in
1404 3675 1473 3730 cute
1496 3686 1585 3730 nosse

230 3758 414 3841 profitearis,
441 3778 547 3821 nomeu
571 3769 671 3821 tamen
696 3761 797 3823 celas?
820 3763 909 3823 Anne
934 3763 989 3824 hoc
1013 3761 1145 3834 simulas,
1173 3768 1206 3820 ut
1227 3759 1323 3820 tutius
1347 3760 1446 3820 lateas
1468 3776 1586 3820 meam-

231 3867 288 3930 que
322 3847 430 3909 eludas
461 3848 633 3927 indaginem
657 3850 777 3930 objecta
798 3852 855 3913 hac
887 3852 967 3913 falsa
996 3850 1117 3931 specie?
1164 3847 1263 3910 Credo
1296 3847 1434 3927 equidem
1466 3854 1498 3908 et
1530 3848 1586 3908 hoc

230 3936 405 4017 inquirendi
427 3937 589 4018 vestigium
613 3940 738 4013 desero;
771 3961 828 4001 nou
853 3942 930 4002 enirn
954 3960 1000 4002 me
1033 3939 1113 4001 nosti
1136 3936 1333 4018 penitissime.
1379 3936 1543 3999 Aberrasti
1568 3957 1587 3998 a

232 4026 359 4098 loribus,
383 4025 465 4089 lallit
486 4035 517 4088 te
541 4028 730 4105 conjectura,
754 4030 833 4091 seria
857 4030 985 4092 disserui
1018 4048 1086 4091 cum
1108 4028 1226 4091 Nunnio
1250 4025 1393 4089 Galilaei.
1439 4025 1474 4088 Si
1505 4044 1589 4087 error

231 4124 292 4189 est,
318 4114 467 4193 genuinus
491 4124 548 4190 est,
573 4117 692 4178 minime
715 4118 813 4179 fictus.
860 4120 990 4181 Audiam
1014 4118 1115 4197 igitur,
1139 4116 1183 4177 uti
1207 4126 1261 4178 tua
1283 4115 1473 4177 instrumenti
1496 4113 1587 4175 Gali-

231 4203 293 4267 laei
316 4203 480 4281 descriptio
503 4223 588 4266 meae
607 4205 740 4267 fabricae
756 4208 926 4287 descriptae
941 4208 1104 4285 redarguat
1118 4224 1244 4267 errores.
1278 4205 1424 4284 Equidem
1438 4203 1587 4283 prolixam

229 4300 315 4357 tuam
334 4300 368 4355 st
382 4292 537 4354 liberalem
553 4294 740 4356 voluntatem
764 4314 836 4374 erga
852 4318 899 4358 me
914 4296 1018 4358 lubens
1033 4295 1200 4369 exosculor,
1225 4294 1275 4374 qui
1297 4311 1344 4354 me
1364 4310 1399 4352 eo
1419 4290 1588 4370 argumenti

230 4401 343 4464 genere
359 4381 515 4444 censueris
530 4382 775 4447 exhilarandum:
802 4406 894 4466 eoque
918 4386 1036 4447 nomine
1060 4394 1091 4444 et
1105 4382 1229 4445 Seussio
1253 4401 1318 4442 meo
1342 4381 1458 4459 gratias
1482 4379 1588 4450 debeo,
1634 4385 1639 4392 '

230 4471 282 4554 qui
305 4492 325 4532 a
347 4470 440 4532 solito
463 4472 647 4546 officiorum,
678 4493 752 4551 quae
777 4475 934 4536 internos
958 4492 1131 4534 exercemus
1164 4471 1270 4543 amici,
1301 4469 1422 4531 tramite
1447 4488 1507 4530 non
1530 4468 1586 4529 de-

229 4560 348 4634 flectit,
373 4568 406 4621 et
428 4558 516 4621 simul
540 4561 727 4635 subirascor,
761 4563 809 4641 qui
834 4583 899 4624 cum
924 4562 1073 4624 consolari
1097 4560 1234 4621 debuerit
1257 4558 1402 4620 afflictum
1427 4558 1505 4620 curis
1529 4558 1587 4618 im-

230 4648 419 4721 minentium,
445 4647 578 4710 immisso
602 4650 658 4711 hoc
682 4660 844 4728 personato
869 4651 968 4731 equite
993 4651 1021 4711 in
1047 4648 1168 4713 ludendi
1192 4648 1407 4709 necessitatem
1437 4665 1485 4707 me
1513 4666 1588 4707 con-

225 4739 347 4818 jecerit.
397 4735 457 4807 Qui
480 4738 507 4799 si
530 4738 585 4799 tibi
609 4740 685 4801 adeo
711 4740 867 4802 familiaris
891 4748 957 4814 est,
992 4749 1026 4802 ut
1058 4757 1156 4801 meam
1191 4737 1389 4799 festivitatem
1422 4754 1487 4796 eam
1521 4754 1588 4795 esse

230 4829 332 4902 scias;
357 4827 384 4889 si
407 4834 568 4906 praeterea
592 4836 645 4889 tua
668 4838 717 4890 est
741 4829 794 4890 illa
816 4829 1016 4891 commoditas
1049 4829 1128 4898 alia,
1161 4846 1247 4906 quam
1281 4825 1493 4888 alestivitate
1516 4841 1588 4902 per-

230 4916 375 4998 cipiatur3
399 4914 427 4976 si
450 4917 577 4997 denique
600 4918 726 4997 pietatis
752 4918 867 4996 legibus
890 4919 935 4991 ei,
970 4937 1062 4997 nsque
1088 4917 1125 4977 ad
1150 4915 1276 4976 nominis
1300 4914 1392 4976 etiam
1416 4912 1587 4991 opprobria,

229 5003 463 5083 ssobligatus:
495 5007 561 5086 quis
585 5015 618 5068 tn
649 5006 740 5086 igitur
768 5006 826 5068 es?
870 5006 914 5068 Et
941 5024 1089 5085 quaenam
1124 5006 1198 5066 haec
1228 5004 1354 5086 pietatis
1382 5000 1547 5081 tappete
1570 5020 1590 5061 a
