3692 5842
735 467 818 535 ⁰21¹
834 468 880 523 vt
906 467 932 521 ⁹·
1447 469 1511 538 287

152 648 278 705 nostros
300 642 367 706 dies
381 643 503 723 longam
525 650 559 703 et
572 642 738 706 ineffabiles
753 653 867 719 aestus,
894 644 965 707 Sole
985 646 1148 707 verticibus
1168 653 1230 708 tam
1246 647 1296 710 diu
1312 647 1511 721 incumbente,

154 730 330 811 perierunt,
358 732 506 811 siqnidem
533 731 625 810 aliqui
653 732 695 794 ibi
726 742 808 796 sunt.
855 735 899 796 Ut
931 754 988 795 non
1025 735 1154 796 absurde
1185 736 1268 797 locus
1296 736 1347 797 ille
1379 737 1512 815 gentium

152 820 370 900 superstitione
394 820 566 884 lustrationi
590 821 755 885 animarum
779 823 924 885 destinari
948 823 1080 885 creditus
1104 824 1154 885 sit.

241 907 306 972 Sed
328 910 368 971 ad
391 928 464 972 rem.
484 909 666 972 Plutarchus
689 931 755 973 cum
771 913 896 974 Terram
921 912 1051 973 dixisset
1070 931 1137 973 esse
1150 913 1276 987 Lunam,
1297 912 1363 991 jam
1377 915 1512 976 maculas

149 998 258 1059 Lunae
281 998 392 1060 statuit
413 1017 482 1061 esse
505 998 611 1069 maria,
635 1019 711 1080 qnae
734 1001 836 1063 radios
854 999 936 1062 Solis
960 1002 989 1062 in
1014 1002 1191 1079 profundum
1215 1002 1409 1064 transmissos
1432 1021 1508 1082 pene

150 1086 346 1162 absorbeant,
371 1107 425 1150 nec
448 1088 494 1151 ita
516 1088 645 1162 fortiter,
668 1097 703 1150 ut
725 1098 828 1169 partes
852 1091 952 1151 solent
971 1091 1129 1164 Terrenae,
1160 1090 1372 1168 repercutiant.
1406 1092 1511 1154 Verba

150 1176 235 1256 ejus:
264 1186 344 1244 Sicut
363 1194 461 1244 nostra
480 1189 568 1243 Terra
587 1188 662 1242 sinus
683 1189 771 1243 babet
791 1192 923 1260 quosdam
943 1206 1069 1261 magnos,
1090 1190 1133 1243 ita
1153 1206 1294 1245 censemus
1315 1191 1423 1245 Lunam
1443 1206 1510 1260 quo·

150 1286 206 1339 que
225 1267 462 1339 profunditatibus
482 1275 513 1323 et
531 1270 655 1339 rupturis
675 1270 784 1342 magnis
799 1288 860 1324 esse
874 1277 1010 1341 apertam,
1032 1286 1132 1340 aquam
1153 1278 1204 1325 aut
1222 1276 1315 1324 aerem
1329 1271 1511 1343 caliginosum

150 1348 373 1404 continentibus:
395 1348 424 1404 in
444 1365 513 1421 quas
534 1348 583 1404 Sol
603 1366 653 1404 suo
674 1351 774 1405 lumine
796 1369 851 1405 non
871 1357 1012 1421 penetret,
1042 1352 1160 1404 sedeas
1181 1353 1311 1404 deserens
1332 1352 1510 1405 reflexionem

151 1437 317 1509 dissipatam
336 1438 432 1493 faciat
473 1428 557 1488 Haec
581 1429 700 1508 quidem
722 1429 917 1503 Plutarchus;
951 1430 999 1491 cui
1022 1429 1078 1489 hac
1102 1430 1131 1491 in
1156 1438 1242 1509 parte
1265 1447 1323 1489 non
1349 1431 1508 1491 assentior.

152 1515 255 1598 Magis
285 1523 336 1577 est
367 1527 615 1591 consentaneum,
641 1537 717 1597 quae
741 1526 812 1579 sunt
835 1518 863 1579 in
887 1519 975 1580 Luna
997 1526 1101 1597 partes
1129 1518 1263 1593 lucidae,
1293 1519 1390 1581 maria
1418 1519 1509 1592 credi,

153 1625 230 1686 qnae
253 1605 436 1681 maculosae,
460 1613 575 1679 terras,
599 1606 789 1668 continentes
812 1613 845 1667 et
867 1606 991 1668 insulas.
1039 1606 1158 1668 Etenim
1183 1607 1239 1668 hoc
1258 1606 1296 1667 ab
1321 1608 1429 1687 opticis
1454 1608 1509 1668 de-

153 1694 381 1757 monstrandum
404 1693 443 1756 ab
467 1694 655 1774 experientia
677 1695 966 1757 confirmatissimum
991 1703 1055 1763 est,
1079 1696 1251 1774 superficies
1275 1715 1388 1776 aqueas
1410 1696 1507 1776 pluri-

152 1802 232 1845 mum
266 1783 522 1864 resplendescere,
555 1783 581 1844 si
606 1784 696 1864 juxta
719 1792 835 1845 terreas
864 1793 1067 1864 apponantur,
1100 1793 1173 1863 puto
1197 1784 1235 1846 ob
1263 1785 1510 1865 aequabilitatem

151 1872 310 1934 universae
335 1872 515 1952 superficiei,
541 1873 737 1952 asperitatem
765 1893 835 1936 vero
859 1882 891 1934 et
913 1873 1126 1952 crispationem
1157 1872 1335 1936 minutarum
1368 1875 1508 1954 partium,

152 1969 206 2023 aut
229 1961 300 2041 quis
322 1961 420 2023 minus
444 1961 481 2022 de
505 1970 571 2023 atro
595 1963 695 2023 colore
718 1964 903 2042 participant
926 1982 1014 2043 quam
1038 1971 1135 2022 terra:
1160 1981 1283 2041 quorum
1308 1963 1382 2025 illud
1406 1963 1507 2035 efficit,

152 2058 185 2111 nt
208 2052 248 2112 ad
277 2051 536 2130 repercutiendum
560 2049 642 2112 Solis
675 2052 771 2113 lumen
805 2053 866 2113 fere
899 2052 929 2113 in
958 2070 1061 2112 omnes
1089 2050 1196 2129 plagas
1226 2051 1287 2113 sint
1317 2059 1422 2131 aptae,
1452 2052 1508 2113 hoc

151 2158 223 2201 vero
243 2139 335 2220 javat
357 2140 454 2202 lucem
477 2139 736 2203 communicatam.
783 2140 850 2210 Quo
875 2142 971 2202 minus
995 2140 1073 2201 enim
1096 2140 1183 2218 nigra
1211 2139 1267 2200 hoc
1298 2141 1395 2219 magis
1419 2140 1509 2215 alba;

152 2228 226 2289 alba
247 2246 320 2290 vero
344 2236 418 2309 apta
441 2229 479 2289 ad
503 2229 730 2291 combibendam
754 2238 785 2291 et
808 2229 1017 2292 revibrandam
1042 2230 1137 2290 lucem
1162 2226 1254 2308 (Cap.
1279 2230 1304 2302 1,
1329 2226 1401 2303 30):
1427 2238 1510 2292 utet

151 2317 269 2379 modica
299 2317 450 2397 pellucida
482 2316 574 2399 (Cap.
598 2318 628 2393 1,
661 2317 730 2393 22).
777 2319 866 2380 Anno
900 2314 995 2381 1601.
1027 2337 1092 2378 curn
1125 2317 1155 2379 in
1187 2315 1320 2399 Styriam
1350 2317 1507 2379 rediissem

152 2405 298 2487 negotioli
332 2425 438 2482 cansa,
477 2408 599 2469 ascendi
634 2408 664 2469 in
702 2416 833 2469 montem
867 2406 994 2485 insignis
1032 2407 1200 2468 altitudinis
1233 2405 1363 2469 Schekel
1396 2408 1507 2469 dictum

152 2494 440 2575 Stubenbergiomm
464 2495 596 2572 ditionis,
620 2505 769 2558 terrarum
792 2496 895 2558 orbem
918 2514 957 2556 ex
980 2495 1057 2557 binis
1081 2495 1232 2557 montibus
1256 2514 1392 2576 appensa
1406 2497 1508 2558 libella

152 2603 321 2647 mensurus.
368 2584 410 2645 Et
432 2593 563 2646 montem
595 2586 714 2666 quidem
742 2586 836 2665 ipsum
865 2604 956 2664 supra
986 2584 1116 2646 vertices
1149 2584 1273 2646 alterins
1301 2586 1425 2659 montis,
1458 2585 1508 2665 qui

153 2674 246 2735 habet
270 2692 373 2736 arcem
395 2673 571 2736 Wildanum
599 2675 785 2756 impositam,
818 2674 916 2735 attolli
942 2674 1070 2754 quinque
1094 2674 1218 2734 turrium
1243 2673 1509 2753 Argentinensinm

153 2762 314 2825 altitudine
339 2763 562 2826 demonstravi:
587 2772 619 2825 et
641 2783 714 2824 sane
738 2764 898 2843 despectus
921 2764 951 2824 in
976 2763 1070 2824 colles
1094 2771 1212 2823 ceteros
1235 2761 1384 2825 inferioris
1408 2763 1510 2843 regio-

153 2852 197 2914 nis
221 2871 277 2932 per
301 2851 405 2914 decem
429 2860 462 2914 et
484 2852 612 2931 amplius
632 2852 815 2914 Germanica
838 2852 977 2914 milliaria
1000 2870 1058 2912 non
1083 2852 1174 2913 aliam
1188 2851 1329 2931 praebuit
1342 2852 1510 2931 opinionem

153 2941 375 3013 consideranti,
403 2960 439 3003 ac
462 2941 490 3002 si
513 2942 552 3002 ad
575 2949 694 3021 pratum
718 2942 839 3021 aliquod
862 2941 1056 3021 respicerem,
1081 2941 1109 3002 in
1134 2960 1190 3020 quo
1216 2942 1333 3002 foenum
1358 2941 1387 3001 in
1411 2941 1509 3003 mani-

152 3030 241 3110 pulos
265 3028 458 3091 distributum
481 3030 532 3092 sit.
574 3030 622 3092 Ex
646 3032 702 3093 hoc
726 3031 816 3111 igitur
839 3038 941 3093 monte
965 3029 1123 3109 aspicienti
1147 3041 1228 3091 terra
1251 3050 1319 3090 sese
1344 3030 1509 3093 incredibili

154 3118 296 3181 claritate
321 3119 443 3198 objecit,
467 3120 543 3181 adeo
567 3128 601 3180 ut
624 3140 689 3181 cnm
714 3128 781 3182 orta
804 3120 904 3182 subito
928 3120 1037 3181 nebula
1060 3119 1135 3180 coeli
1159 3119 1231 3181 milri
1255 3120 1361 3182 faciem
1377 3119 1509 3183 interce-

154 3208 265 3287 pisset,
299 3226 430 3291 papyms
455 3217 582 3271 extensa
604 3210 707 3272 multis
729 3209 866 3290 partibus
891 3207 1000 3270 clarius
1025 3208 1062 3269 ab
1094 3209 1172 3270 infra
1195 3208 1397 3270 illustraretur
1421 3229 1510 3289 qnam

154 3298 300 3377 desuper:
325 3298 435 3359 nebula
456 3307 588 3361 montem
611 3307 743 3379 tegente,
767 3298 888 3376 regione
920 3317 993 3359 vero
1018 3318 1036 3357 a
1059 3295 1130 3359 Sole
1154 3297 1315 3359 illustrata.
1360 3297 1404 3359 Et
1432 3298 1510 3360 lianc

155 3386 274 3467 quidem
298 3385 468 3449 claritatem
490 3389 631 3450 universa
662 3397 744 3450 terra
776 3386 926 3460 exhibuit,
961 3386 1072 3466 partim
1101 3385 1252 3465 nigricans
1280 3387 1364 3447 silvis
1398 3387 1509 3465 partim

155 3475 231 3538 satis
255 3485 288 3536 et
309 3475 408 3555 pratis
431 3476 576 3539 viridibus
599 3476 763 3550 luxurians,
789 3476 900 3537 alicubi
923 3483 956 3535 et
978 3474 1134 3536 novalibus
1159 3474 1269 3535 rubens
1293 3475 1508 3553 frequentibus.

155 3562 212 3634 Qui
236 3582 309 3624 vero
332 3564 461 3626 mediam
485 3566 625 3627 sulcabat
639 3565 791 3645 regionem
812 3566 901 3626 Mura
924 3564 1040 3638 fluvius,
1066 3571 1129 3624 tum
1153 3571 1333 3641 restagnans
1357 3572 1388 3623 et
1412 3563 1509 3625 turbi-

155 3652 223 3727 dus,
254 3652 364 3714 eximio
392 3654 552 3733 splendore
580 3655 760 3735 caligantem
795 3663 941 3716 terrarum
975 3651 1146 3715 claritatem
1177 3651 1264 3712 facile
1296 3651 1377 3713 vicit.
1425 3654 1508 3715 llaec

157 3760 282 3803 evenere
315 3741 398 3818 ideo,
436 3743 514 3823 qnod
546 3751 724 3825 praeruptus
757 3763 843 3805 mons
871 3762 917 3804 me
950 3742 1070 3820 paulurn
1100 3742 1130 3802 in
1158 3740 1402 3821 perpendiculum
1435 3742 1509 3803 sub·

158 3830 309 3904 vexisset,
339 3850 396 3911 quo
428 3831 573 3894 rectiores
597 3853 616 3893 a
639 3833 727 3894 terris
750 3832 896 3912 subjectis
919 3830 996 3892 radii
1021 3831 1113 3892 allabi
1136 3838 1288 3910 poterant.
1335 3828 1415 3901 Quid
1439 3850 1509 3894 vero

158 3939 213 3981 non
237 3926 306 3982 erat
328 3919 469 3995 futurum,
493 3920 520 3981 si
543 3928 639 3983 totum
663 3929 809 4001 terrarum
834 3922 935 3983 orbern
957 3919 1048 3982 rectis
1063 3920 1277 3999 propemodum
1299 3920 1387 3982 lineis
1404 3920 1511 3983 intueri

156 4008 342 4088 potuissem?
379 4007 479 4089 Atque
503 4009 579 4071 haec
602 4029 675 4072 sane
699 4011 793 4071 oculis
817 4011 904 4071 fidem
929 4009 1089 4083 iaciebant,
1116 4010 1182 4088 plus
1207 4009 1245 4070 ab
1270 4029 1347 4089 aqua
1362 4010 1510 4072 claritatis

158 4098 287 4159 existere
307 4097 404 4159 solere
429 4116 517 4177 quam
541 4099 664 4161 aterris
688 4118 745 4159 non
766 4098 894 4178 simplici
908 4116 1100 4177 repercussn;
1125 4098 1202 4159 hunc
1226 4098 1302 4158 enim
1327 4101 1403 4161 situs
1417 4099 1509 4169 Solis,

145 4185 235 4257 ,idern
258 4205 387 4261 mecum,
412 4186 450 4247 ad
474 4186 627 4250 sinistram
651 4187 774 4249 secundi
802 4187 884 4249 fluvii
913 4187 1002 4266 plane
1035 4188 1206 4262 evertebat,
1239 4187 1293 4247 sed
1321 4189 1386 4248 luce
1419 4188 1510 4248 etiam

158 4274 386 4338 communicata.
398 4272 431 4348 *)
478 4272 631 4338 Conclndo
659 4277 772 4356 itaque,
796 4277 895 4337 claras
926 4276 956 4336 in
989 4276 1075 4336 Luna
1106 4284 1209 4355 partes
1247 4276 1404 4336 materiam
1442 4293 1509 4336 esse

157 4382 291 4445 aqueam,
317 4382 394 4442 quae
417 4382 488 4425 vero
512 4365 654 4445 caligant,
675 4365 864 4427 continentes
887 4371 919 4426 et
942 4364 1056 4425 insulas
1070 4383 1153 4427 esse:
1179 4372 1274 4425 totam
1297 4382 1367 4424 vero
1382 4364 1509 4437 Lunam,

157 4459 188 4514 nt
209 4452 291 4514 infra
318 4453 449 4525 dicetur,
478 4460 569 4516 adrea
600 4456 730 4535 quadam
757 4454 893 4517 essentia
921 4452 1081 4528 circumiri,
1115 4472 1191 4534 quae
1222 4453 1351 4513 omnium
1379 4452 1509 4533 partium

157 4541 254 4603 radios
279 4541 478 4606 transmittat.
492 4540 535 4618 ⁸¹)
980 4539 984 4550 '

241 4710 268 4781 ‘l
291 4713 480 4770 Concurrebat
506 4722 598 4771 tamen
627 4714 700 4771 inter
727 4729 826 4770 causas
854 4717 928 4772 airis
950 4717 1047 4772 diurna
1065 4714 1192 4779 claritas,
1219 4730 1289 4785 quae
1311 4730 1372 4768 cum
1391 4712 1510 4783 undique

157 4792 255 4849 lumen
279 4793 485 4861 circumstaret,
514 4802 666 4866 potuerunt
689 4796 774 4852 etiarn
798 4796 859 4867 ejus
887 4798 957 4853 radii
984 4796 1118 4865 undique,
1148 4794 1236 4850 etsie
1257 4794 1340 4849 etiam
1362 4796 1397 4849 ad
1417 4793 1509 4849 mein

157 4881 272 4930 montem
293 4889 313 4930 a
331 4874 406 4930 lassi
426 4890 517 4947 aquae
537 4876 680 4947 superficie
700 4878 849 4946 repercuti.

241 4952 423 5005 monera
445 4955 537 5004 montis
561 4954 682 5005 Scheciei
701 4954 824 5018 Keplerus
842 4954 935 5006 Doridi
953 4954 1064 5006 Fabricio
1089 4953 1115 5002 in
1142 4952 1247 5017 epistola
1268 4952 1292 5003 d.
1312 4950 1336 5000 ².
1356 4950 1419 5003 Dec.
1441 4949 1510 5001 1602

158 5018 216 5076 lats
231 5029 329 5083 mat,
345 5024 500 5112 woden!
515 5026 654 5091 qnassflom
672 5024 779 5077 Fabricii
795 5025 828 5077 de
845 5032 973 5078 mutorum
990 5032 1090 5078 astura
1119 5020 1219 5090 (Gomp.
1238 5023 1294 5075 Vol.
1312 5022 1334 5080 Ι.
1352 5038 1377 5088 p.
1398 5019 1472 5086 ³21.)
1510 5079 1514 5088 ¹
