<?xml version="1.0" encoding="UTF-8"?>
<!DOCTYPE html PUBLIC "-//W3C//DTD XHTML 1.0 Transitional//EN"
    "http://www.w3.org/TR/xhtml1/DTD/xhtml1-transitional.dtd">
<html xmlns="http://www.w3.org/1999/xhtml" xml:lang="en" lang="en">
 <head>
  <title>
</title>
<meta http-equiv="Content-Type" content="text/html;charset=utf-8" />
  <meta name='ocr-system' content='tesseract 3.04.00' />
  <meta name='ocr-capabilities' content='ocr_page ocr_carea ocr_par ocr_line ocrx_word'/>
</head>
<body>
  <div class='ocr_page' id='page_1' title='image "./joanniskepleria01frisgoog/joanniskepleria01frisgoog_0837.png"; bbox 0 0 3692 5842; ppageno 0'>
   <div class='ocr_carea' id='block_1_1' title="bbox 823 473 1606 550">
    <p class='ocr_par' dir='ltr' id='par_1_1' title="bbox 823 473 1606 550">
     <span class='ocr_line' id='line_1_1' title="bbox 823 473 1606 550; baseline 0.003 -19"><span class='ocrx_word' id='word_1_1' title='bbox 823 481 906 533; x_wconf 67' lang='lat' dir='ltr'><strong>usae</strong></span> <span class='ocrx_word' id='word_1_2' title='bbox 924 482 1040 534; x_wconf 73' lang='lat' dir='ltr'><strong>uuam.</strong></span> <span class='ocrx_word' id='word_1_3' title='bbox 1237 473 1242 485; x_wconf 83' lang='lat'><strong><em>‘</em></strong></span> <span class='ocrx_word' id='word_1_4' title='bbox 1541 480 1606 550; x_wconf 77' lang='lat'><strong>8²5</strong></span> 
     </span>
    </p>
   </div>
   <div class='ocr_carea' id='block_1_2' title="bbox 253 650 1607 941">
    <p class='ocr_par' dir='ltr' id='par_1_2' title="bbox 255 650 1606 782">
     <span class='ocr_line' id='line_1_2' title="bbox 255 650 1606 726; baseline 0.004 -21"><span class='ocrx_word' id='word_1_5' title='bbox 255 651 304 705; x_wconf 72' lang='grc' dir='ltr'><strong>ιιι0</strong></span> <span class='ocrx_word' id='word_1_6' title='bbox 321 650 378 716; x_wconf 74' lang='lat'><strong>⁴0⁴)</strong></span> <span class='ocrx_word' id='word_1_7' title='bbox 397 658 552 707; x_wconf 71' lang='lat' dir='ltr'><strong>commones.</strong></span> <span class='ocrx_word' id='word_1_8' title='bbox 583 654 697 721; x_wconf 87' lang='lat' dir='ltr'><strong>Denique</strong></span> <span class='ocrx_word' id='word_1_9' title='bbox 709 656 812 722; x_wconf 83' lang='lat' dir='ltr'><strong>Keplerl</strong></span> <span class='ocrx_word' id='word_1_10' title='bbox 830 660 918 723; x_wconf 80' lang='lat' dir='ltr'><strong>parall.</strong></span> <span class='ocrx_word' id='word_1_11' title='bbox 937 660 1005 726; x_wconf 84' lang='lat' dir='ltr'><strong>long.</strong></span> <span class='ocrx_word' id='word_1_12' title='bbox 1019 660 1053 711; x_wconf 89' lang='lat' dir='ltr'><strong>ad</strong></span> <span class='ocrx_word' id='word_1_13' title='bbox 1064 655 1096 709; x_wconf 83' lang='lat'><strong>0⁰</strong></span> <span class='ocrx_word' id='word_1_14' title='bbox 1108 656 1138 722; x_wconf 64' lang='grc' dir='ltr'><strong>,δ’</strong></span> <span class='ocrx_word' id='word_1_15' title='bbox 1150 674 1178 704; x_wconf 91' lang='lat'>=</span> <span class='ocrx_word' id='word_1_16' title='bbox 1189 656 1233 709; x_wconf 69' lang='grc' dir='ltr'><strong>ιιι</strong></span> <span class='ocrx_word' id='word_1_17' title='bbox 1246 657 1298 710; x_wconf 72' lang='grc' dir='ltr'><strong>δι”</strong></span> <span class='ocrx_word' id='word_1_18' title='bbox 1315 660 1412 726; x_wconf 87' lang='lat' dir='ltr'><strong>prodlre</strong></span> <span class='ocrx_word' id='word_1_19' title='bbox 1431 659 1517 711; x_wconf 88' lang='lat' dir='ltr'><strong>debuit</strong></span> <span class='ocrx_word' id='word_1_20' title='bbox 1533 660 1606 720; x_wconf 77' lang='lat' dir='ltr'><strong>laha,</strong></span> 
     </span>
     <span class='ocr_line' id='line_1_3' title="bbox 255 726 1040 782; baseline 0.005 -4"><span class='ocrx_word' id='word_1_21' title='bbox 255 727 364 779; x_wconf 82' lang='lat' dir='ltr'><strong>cum-ad</strong></span> <span class='ocrx_word' id='word_1_22' title='bbox 382 743 439 779; x_wconf 81' lang='lat' dir='ltr'><strong>eam</strong></span> <span class='ocrx_word' id='word_1_23' title='bbox 457 727 633 779; x_wconf 81' lang='lat' dir='ltr'><strong>inveniendam</strong></span> <span class='ocrx_word' id='word_1_24' title='bbox 649 729 740 780; x_wconf 84' lang='lat' dir='ltr'><strong>talsmu</strong></span> <span class='ocrx_word' id='word_1_25' title='bbox 759 728 801 778; x_wconf 79' lang='lat'><strong>3¹¹</strong></span> <span class='ocrx_word' id='word_1_26' title='bbox 822 726 873 780; x_wconf 69' lang='lat'><strong>35¹⁴</strong></span> <span class='ocrx_word' id='word_1_27' title='bbox 893 732 1040 782; x_wconf 78' lang='lat' dir='ltr'><strong>adhibuerit</strong></span> 
     </span>
    </p>

    <p class='ocr_par' dir='ltr' id='par_1_3' title="bbox 253 800 1607 941">
     <span class='ocr_line' id='line_1_4' title="bbox 343 800 1607 868; baseline 0.006 -19"><span class='ocrx_word' id='word_1_28' title='bbox 343 800 455 851; x_wconf 83' lang='lat' dir='ltr'><strong>Tabulae</strong></span> <span class='ocrx_word' id='word_1_29' title='bbox 468 800 603 865; x_wconf 75' lang='lat' dir='ltr'><strong>blagini,</strong></span> <span class='ocrx_word' id='word_1_30' title='bbox 620 800 706 864; x_wconf 89' lang='lat' dir='ltr'><strong>quihus</strong></span> <span class='ocrx_word' id='word_1_31' title='bbox 718 802 794 851; x_wconf 88' lang='lat' dir='ltr'><strong>utitur</strong></span> <span class='ocrx_word' id='word_1_32' title='bbox 806 802 938 866; x_wconf 86' lang='lat' dir='ltr'><strong>Keplcrus,</strong></span> <span class='ocrx_word' id='word_1_33' title='bbox 950 804 1094 868; x_wconf 84' lang='lat' dir='ltr'><strong>prodIerunt</strong></span> <span class='ocrx_word' id='word_1_34' title='bbox 1106 804 1219 856; x_wconf 77' lang='lat' dir='ltr'><strong>venetiis</strong></span> <span class='ocrx_word' id='word_1_35' title='bbox 1229 800 1305 853; x_wconf 79' lang='lat' dir='ltr'><strong>stol.</strong></span> <span class='ocrx_word' id='word_1_36' title='bbox 1319 805 1464 868; x_wconf 83' lang='lat' dir='ltr'><strong>inscriptae:</strong></span> <span class='ocrx_word' id='word_1_37' title='bbox 1479 803 1607 865; x_wconf 82' lang='lat' dir='ltr'><strong>,Tabulae</strong></span> 
     </span>
     <span class='ocr_line' id='line_1_5' title="bbox 253 871 1400 941; baseline 0.003 -20"><span class='ocrx_word' id='word_1_38' title='bbox 253 873 324 935; x_wconf 87' lang='lat' dir='ltr'><strong>primi</strong></span> <span class='ocrx_word' id='word_1_39' title='bbox 342 872 446 931; x_wconf 89' lang='lat' dir='ltr'><strong>mobilis,</strong></span> <span class='ocrx_word' id='word_1_40' title='bbox 465 888 526 937; x_wconf 88' lang='lat' dir='ltr'><strong>quas</strong></span> <span class='ocrx_word' id='word_1_41' title='bbox 545 871 714 922; x_wconf 90' lang='lat' dir='ltr'><strong>Direetionnm</strong></span> <span class='ocrx_word' id='word_1_42' title='bbox 731 872 803 939; x_wconf 84' lang='lat' dir='ltr'><strong>vulgo</strong></span> <span class='ocrx_word' id='word_1_43' title='bbox 822 874 915 926; x_wconf 86' lang='lat' dir='ltr'><strong>dicunt.</strong></span> <span class='ocrx_word' id='word_1_44' title='bbox 952 876 993 925; x_wconf 81' lang='lat' dir='ltr'><strong>Ad</strong></span> <span class='ocrx_word' id='word_1_45' title='bbox 1011 877 1075 941; x_wconf 77' lang='lat' dir='ltr'><strong>hug.</strong></span> <span class='ocrx_word' id='word_1_46' title='bbox 1094 874 1157 940; x_wconf 90' lang='lat' dir='ltr'><strong>Imp.</strong></span> <span class='ocrx_word' id='word_1_47' title='bbox 1176 875 1333 940; x_wconf 85' lang='lat' dir='ltr'><strong>Rudolphum</strong></span> <span class='ocrx_word' id='word_1_48' title='bbox 1349 874 1400 925; x_wconf 81' lang='lat' dir='ltr'><strong>II.“</strong></span> 
     </span>
    </p>
   </div>
   <div class='ocr_carea' id='block_1_3' title="bbox 251 949 1637 1737">
    <p class='ocr_par' dir='ltr' id='par_1_4' title="bbox 253 949 1637 1377">
     <span class='ocr_line' id='line_1_6' title="bbox 342 949 1605 1022; baseline 0.006 -21"><span class='ocrx_word' id='word_1_49' title='bbox 342 949 389 1016; x_wconf 82' lang='lat'><strong>28)</strong></span> <span class='ocrx_word' id='word_1_50' title='bbox 408 968 431 1017; x_wconf 90' lang='lat' dir='ltr'><strong>p.</strong></span> <span class='ocrx_word' id='word_1_51' title='bbox 453 950 512 1003; x_wconf 76' lang='grc' dir='ltr'>ιιι.</span> <span class='ocrx_word' id='word_1_52' title='bbox 549 951 602 1008; x_wconf 86' lang='lat' dir='ltr'><strong>Vir,</strong></span> <span class='ocrx_word' id='word_1_53' title='bbox 621 953 751 1016; x_wconf 86' lang='lat' dir='ltr'><strong>quemhio</strong></span> <span class='ocrx_word' id='word_1_54' title='bbox 769 953 893 1018; x_wconf 88' lang='lat' dir='ltr'><strong>Keplerm</strong></span> <span class='ocrx_word' id='word_1_55' title='bbox 910 961 985 1005; x_wconf 86' lang='lat' dir='ltr'><strong>tanta</strong></span> <span class='ocrx_word' id='word_1_56' title='bbox 1008 957 1104 1006; x_wconf 86' lang='lat' dir='ltr'><strong>notarit</strong></span> <span class='ocrx_word' id='word_1_57' title='bbox 1124 956 1274 1022; x_wconf 71' lang='lat' dir='ltr'><strong>ignominia,</strong></span> <span class='ocrx_word' id='word_1_58' title='bbox 1295 962 1333 1007; x_wconf 88' lang='lat' dir='ltr'><strong>est</strong></span> <span class='ocrx_word' id='word_1_59' title='bbox 1351 958 1509 1008; x_wconf 83' lang='lat' dir='ltr'><strong>Antonius</strong></span> <span class='ocrx_word' id='word_1_60' title='bbox 1526 957 1605 1009; x_wconf 86' lang='lat' dir='ltr'><strong>Lau·</strong></span> 
     </span>
     <span class='ocr_line' id='line_1_7' title="bbox 253 1025 1606 1091; baseline 0.005 -20"><span class='ocrx_word' id='word_1_61' title='bbox 253 1026 384 1074; x_wconf 82' lang='lat' dir='ltr'><strong>sentius</strong></span> <span class='ocrx_word' id='word_1_62' title='bbox 410 1025 613 1079; x_wconf 87' lang='lat' dir='ltr'><strong>Politianus,</strong></span> <span class='ocrx_word' id='word_1_63' title='bbox 647 1028 715 1087; x_wconf 74' lang='lat' dir='ltr'><strong>culus</strong></span> <span class='ocrx_word' id='word_1_64' title='bbox 741 1025 849 1075; x_wconf 91' lang='lat' dir='ltr'><strong>libellum</strong></span> <span class='ocrx_word' id='word_1_65' title='bbox 876 1027 907 1076; x_wconf 89' lang='lat' dir='ltr'><strong>de</strong></span> <span class='ocrx_word' id='word_1_66' title='bbox 935 1026 1015 1077; x_wconf 88' lang='lat' dir='ltr'><strong>Stella</strong></span> <span class='ocrx_word' id='word_1_67' title='bbox 1041 1027 1113 1077; x_wconf 74' lang='lat' dir='ltr'><strong>liora</strong></span> <span class='ocrx_word' id='word_1_68' title='bbox 1143 1027 1332 1080; x_wconf 81' lang='lat' dir='ltr'><strong>Hervartus</strong></span> <span class='ocrx_word' id='word_1_69' title='bbox 1359 1027 1468 1091; x_wconf 86' lang='lat' dir='ltr'><strong>Keplero</strong></span> <span class='ocrx_word' id='word_1_70' title='bbox 1495 1030 1606 1080; x_wconf 84' lang='lat' dir='ltr'><strong>miserat.</strong></span> 
     </span>
     <span class='ocr_line' id='line_1_8' title="bbox 254 1091 1637 1169; baseline 0.004 -25"><span class='ocrx_word' id='word_1_71' title='bbox 254 1091 352 1160; x_wconf 74' lang='lat' dir='ltr'><strong>(comp.</strong></span> <span class='ocrx_word' id='word_1_72' title='bbox 373 1096 487 1160; x_wconf 83' lang='lat' dir='ltr'><strong>OptIcam</strong></span> <span class='ocrx_word' id='word_1_73' title='bbox 505 1112 529 1161; x_wconf 89' lang='lat' dir='ltr'><strong>p.</strong></span> <span class='ocrx_word' id='word_1_74' title='bbox 549 1094 591 1145; x_wconf 80' lang='grc'><strong>95.</strong></span> <span class='ocrx_word' id='word_1_75' title='bbox 629 1096 738 1146; x_wconf 89' lang='lat' dir='ltr'><strong>Titulum</strong></span> <span class='ocrx_word' id='word_1_76' title='bbox 763 1096 819 1146; x_wconf 90' lang='lat' dir='ltr'><strong>libri</strong></span> <span class='ocrx_word' id='word_1_77' title='bbox 846 1098 949 1156; x_wconf 76' lang='lat' dir='ltr'><strong>diximus</strong></span> <span class='ocrx_word' id='word_1_78' title='bbox 975 1114 1063 1162; x_wconf 82' lang='lat' dir='ltr'><strong>supra.</strong></span> <span class='ocrx_word' id='word_1_79' title='bbox 1093 1113 1149 1148; x_wconf 85' lang='lat' dir='ltr'><strong>aun.</strong></span> <span class='ocrx_word' id='word_1_80' title='bbox 1171 1096 1208 1154; x_wconf 73' lang='lat'><strong>3.)</strong></span> <span class='ocrx_word' id='word_1_81' title='bbox 1243 1099 1300 1164; x_wconf 88' lang='lat' dir='ltr'><strong>Ipse</strong></span> <span class='ocrx_word' id='word_1_82' title='bbox 1322 1099 1445 1163; x_wconf 86' lang='lat' dir='ltr'><strong>Ksplerus</strong></span> <span class='ocrx_word' id='word_1_83' title='bbox 1462 1099 1606 1167; x_wconf 87' lang='lat' dir='ltr'><strong>Brenggeru</strong></span> <span class='ocrx_word' id='word_1_84' title='bbox 1635 1165 1637 1169; x_wconf 16' lang='lat' dir='ltr'>v</span> 
     </span>
     <span class='ocr_line' id='line_1_9' title="bbox 253 1168 1606 1235; baseline 0.004 -19"><span class='ocrx_word' id='word_1_85' title='bbox 253 1169 381 1231; x_wconf 74' lang='lat' dir='ltr'><strong>quaerenti</strong></span> <span class='ocrx_word' id='word_1_86' title='bbox 406 1168 502 1218; x_wconf 87' lang='lat' dir='ltr'><strong>indicat</strong></span> <span class='ocrx_word' id='word_1_87' title='bbox 528 1168 571 1216; x_wconf 89' lang='lat' dir='ltr'><strong>riri</strong></span> <span class='ocrx_word' id='word_1_88' title='bbox 603 1182 692 1218; x_wconf 88' lang='lat' dir='ltr'><strong>nomen</strong></span> <span class='ocrx_word' id='word_1_89' title='bbox 720 1170 745 1217; x_wconf 91' lang='lat' dir='ltr'><strong>iu</strong></span> <span class='ocrx_word' id='word_1_90' title='bbox 779 1168 856 1217; x_wconf 89' lang='lat' dir='ltr'><strong>literis</strong></span> <span class='ocrx_word' id='word_1_91' title='bbox 884 1169 916 1219; x_wconf 90' lang='lat' dir='ltr'><strong>ad</strong></span> <span class='ocrx_word' id='word_1_92' title='bbox 941 1170 984 1219; x_wconf 89' lang='lat' dir='ltr'><strong>Br.</strong></span> <span class='ocrx_word' id='word_1_93' title='bbox 1012 1171 1095 1227; x_wconf 91' lang='lat' dir='ltr'><strong>datis,</strong></span> <span class='ocrx_word' id='word_1_94' title='bbox 1127 1185 1188 1235; x_wconf 89' lang='lat' dir='ltr'><strong>quas</strong></span> <span class='ocrx_word' id='word_1_95' title='bbox 1214 1171 1240 1220; x_wconf 92' lang='lat' dir='ltr'><strong>in</strong></span> <span class='ocrx_word' id='word_1_96' title='bbox 1267 1171 1422 1235; x_wconf 71' lang='lat' dir='ltr'><strong>praefatione</strong></span> <span class='ocrx_word' id='word_1_97' title='bbox 1441 1170 1606 1222; x_wconf 69' lang='lat' dir='ltr'><strong>‘exhibuimus</strong></span> 
     </span>
     <span class='ocr_line' id='line_1_10' title="bbox 253 1235 1606 1308; baseline 0.007 -23"><span class='ocrx_word' id='word_1_98' title='bbox 253 1235 288 1298; x_wconf 91' lang='lat' dir='ltr'><strong>(r.</strong></span> <span class='ocrx_word' id='word_1_99' title='bbox 307 1254 365 1304; x_wconf 89' lang='lat' dir='ltr'><strong>pag.</strong></span> <span class='ocrx_word' id='word_1_100' title='bbox 386 1237 501 1300; x_wconf 79' lang='grc' dir='ltr'>ιιιιι</span> <span class='ocrx_word' id='word_1_101' title='bbox 494 1255 520 1288; x_wconf 92' lang='grc' dir='ltr'><strong>ιιι</strong></span> <span class='ocrx_word' id='word_1_102' title='bbox 547 1239 757 1303; x_wconf 48' lang='lat' dir='ltr'><strong>Emperarpiste&#39;</strong></span> <span class='ocrx_word' id='word_1_103' title='bbox 777 1239 900 1301; x_wconf 84' lang='lat' dir='ltr'><strong>Tychonis</strong></span> <span class='ocrx_word' id='word_1_104' title='bbox 928 1239 1040 1292; x_wconf 86' lang='lat' dir='ltr'><strong>nominat</strong></span> <span class='ocrx_word' id='word_1_105' title='bbox 1068 1257 1123 1292; x_wconf 90' lang='lat' dir='ltr'><strong>eum</strong></span> <span class='ocrx_word' id='word_1_106' title='bbox 1141 1242 1356 1292; x_wconf 65' lang='lat' dir='ltr'><strong>detrahebam</strong></span> <span class='ocrx_word' id='word_1_107' title='bbox 1374 1242 1606 1308; x_wconf 82' lang='lat' dir='ltr'><strong>blontepolitanum,</strong></span> 
     </span>
     <span class='ocr_line' id='line_1_11' title="bbox 253 1310 1127 1377; baseline 0.003 -18"><span class='ocrx_word' id='word_1_108' title='bbox 253 1310 366 1360; x_wconf 84' lang='lat' dir='ltr'><strong>addens:</strong></span> <span class='ocrx_word' id='word_1_109' title='bbox 385 1311 511 1374; x_wconf 72' lang='lat' dir='ltr'><strong>pueriliter</strong></span> <span class='ocrx_word' id='word_1_110' title='bbox 527 1310 707 1360; x_wconf 68' lang='lat' dir='ltr'><strong>hallucinatum</strong></span> <span class='ocrx_word' id='word_1_111' title='bbox 726 1326 772 1376; x_wconf 90' lang='lat' dir='ltr'><strong>ego</strong></span> <span class='ocrx_word' id='word_1_112' title='bbox 790 1325 833 1375; x_wconf 92' lang='lat' dir='ltr'><strong>pro</strong></span> <span class='ocrx_word' id='word_1_113' title='bbox 852 1315 945 1363; x_wconf 85' lang='lat' dir='ltr'><strong>meritis</strong></span> <span class='ocrx_word' id='word_1_114' title='bbox 964 1315 1014 1363; x_wconf 87' lang='lat' dir='ltr'><strong>suis</strong></span> <span class='ocrx_word' id='word_1_115' title='bbox 1026 1316 1127 1377; x_wconf 89' lang='lat' dir='ltr'><strong>accepi.</strong></span> 
     </span>
    </p>

    <p class='ocr_par' dir='ltr' id='par_1_5' title="bbox 251 1352 1606 1737">
     <span class='ocr_line' id='line_1_12' title="bbox 342 1352 1606 1450; baseline 0.004 -20"><span class='ocrx_word' id='word_1_116' title='bbox 342 1382 411 1431; x_wconf 83' lang='lat' dir='ltr'><strong>Idem</strong></span> <span class='ocrx_word' id='word_1_117' title='bbox 439 1381 588 1432; x_wconf 86' lang='lat' dir='ltr'><strong>Laurentius</strong></span> <span class='ocrx_word' id='word_1_118' title='bbox 616 1382 693 1432; x_wconf 83' lang='lat' dir='ltr'><strong>edidit</strong></span> <span class='ocrx_word' id='word_1_119' title='bbox 719 1398 785 1433; x_wconf 87' lang='lat' dir='ltr'><strong>anuo</strong></span> <span class='ocrx_word' id='word_1_120' title='bbox 812 1380 889 1434; x_wconf 74' lang='lat'><strong>1808.</strong></span> <span class='ocrx_word' id='word_1_121' title='bbox 919 1385 1019 1435; x_wconf 86' lang='lat' dir='ltr'><strong>Parisils</strong></span> <span class='ocrx_word' id='word_1_122' title='bbox 1048 1386 1152 1436; x_wconf 84' lang='lat' dir='ltr'><strong>alterum</strong></span> <span class='ocrx_word' id='word_1_123' title='bbox 1183 1400 1255 1450; x_wconf 90' lang='lat' dir='ltr'><strong>quem</strong></span> <span class='ocrx_word' id='word_1_124' title='bbox 1282 1352 1406 1450; x_wconf 76' lang='lat' dir='ltr'><strong>Ksplerus</strong></span> <span class='ocrx_word' id='word_1_125' title='bbox 1423 1386 1483 1435; x_wconf 87' lang='lat' dir='ltr'><strong>dicit</strong></span> <span class='ocrx_word' id='word_1_126' title='bbox 1508 1386 1606 1443; x_wconf 88' lang='lat' dir='ltr'><strong>librum,</strong></span> 
     </span>
     <span class='ocr_line' id='line_1_13' title="bbox 251 1452 1606 1536; baseline 0.007 -35"><span class='ocrx_word' id='word_1_127' title='bbox 251 1452 413 1536; x_wconf 72' lang='lat' dir='ltr'><strong>incomptum:</strong></span> <span class='ocrx_word' id='word_1_128' title='bbox 441 1452 657 1513; x_wconf 85' lang='lat' dir='ltr'><strong>DeNumero,</strong></span> <span class='ocrx_word' id='word_1_129' title='bbox 683 1454 807 1505; x_wconf 82' lang='lat' dir='ltr'><strong>Ordine</strong></span> <span class='ocrx_word' id='word_1_130' title='bbox 830 1463 863 1505; x_wconf 89' lang='lat' dir='ltr'><strong>et</strong></span> <span class='ocrx_word' id='word_1_131' title='bbox 885 1456 974 1507; x_wconf 85' lang='lat' dir='ltr'><strong>Motu</strong></span> <span class='ocrx_word' id='word_1_132' title='bbox 998 1457 1181 1512; x_wconf 85' lang='lat' dir='ltr'><strong>Coelorum,</strong></span> <span class='ocrx_word' id='word_1_133' title='bbox 1201 1457 1319 1507; x_wconf 83' lang='lat' dir='ltr'><strong>adversm</strong></span> <span class='ocrx_word' id='word_1_134' title='bbox 1338 1460 1494 1507; x_wconf 77' lang='lat' dir='ltr'><strong>recentiores</strong></span> <span class='ocrx_word' id='word_1_135' title='bbox 1531 1457 1606 1510; x_wconf 75' lang='lat' dir='ltr'><strong>Hunc</strong></span> 
     </span>
     <span class='ocr_line' id='line_1_14' title="bbox 251 1522 1606 1593; baseline 0.004 -21"><span class='ocrx_word' id='word_1_136' title='bbox 251 1522 340 1574; x_wconf 89' lang='lat' dir='ltr'><strong>librum</strong></span> <span class='ocrx_word' id='word_1_137' title='bbox 361 1527 401 1585; x_wconf 83' lang='lat' dir='ltr'><strong>,in</strong></span> <span class='ocrx_word' id='word_1_138' title='bbox 429 1526 535 1589; x_wconf 76' lang='lat' dir='ltr'><strong>gretiam</strong></span> <span class='ocrx_word' id='word_1_139' title='bbox 562 1526 674 1589; x_wconf 88' lang='lat' dir='ltr'><strong>patronl“</strong></span> <span class='ocrx_word' id='word_1_140' title='bbox 695 1533 768 1576; x_wconf 73' lang='lat' dir='ltr'><strong>tuat</strong></span> <span class='ocrx_word' id='word_1_141' title='bbox 791 1527 915 1592; x_wconf 86' lang='lat' dir='ltr'><strong>Koplerus</strong></span> <span class='ocrx_word' id='word_1_142' title='bbox 942 1529 1060 1593; x_wconf 88' lang='lat' dir='ltr'><strong>pluribus</strong></span> <span class='ocrx_word' id='word_1_143' title='bbox 1096 1527 1339 1591; x_wconf 82' lang='lat' dir='ltr'><strong>Deprehendimus&#39;</strong></span> <span class='ocrx_word' id='word_1_144' title='bbox 1333 1543 1359 1579; x_wconf 86' lang='grc' dir='ltr'><strong>ιιι</strong></span> <span class='ocrx_word' id='word_1_145' title='bbox 1383 1528 1606 1593; x_wconf 63' lang='lat' dir='ltr'><strong>manuscriptorum</strong></span> 
     </span>
     <span class='ocr_line' id='line_1_15' title="bbox 251 1560 1605 1665; baseline 0.005 -20"><span class='ocrx_word' id='word_1_146' title='bbox 251 1560 491 1661; x_wconf 80' lang='lat' dir='ltr'><strong>Petropoiitanornm</strong></span> <span class='ocrx_word' id='word_1_147' title='bbox 509 1596 565 1646; x_wconf 80' lang='lat' dir='ltr'><strong>Vol.</strong></span> <span class='ocrx_word' id='word_1_148' title='bbox 585 1596 617 1645; x_wconf 90' lang='lat' dir='ltr'><strong>V.</strong></span> <span class='ocrx_word' id='word_1_149' title='bbox 637 1597 803 1663; x_wconf 77' lang='lat' dir='ltr'><strong>fragmentum</strong></span> <span class='ocrx_word' id='word_1_150' title='bbox 822 1599 964 1656; x_wconf 77' lang='lat' dir='ltr'><strong>literarum,</strong></span> <span class='ocrx_word' id='word_1_151' title='bbox 990 1600 1054 1665; x_wconf 83' lang='lat' dir='ltr'><strong>qnod</strong></span> <span class='ocrx_word' id='word_1_152' title='bbox 1079 1600 1146 1650; x_wconf 88' lang='lat' dir='ltr'><strong>haud</strong></span> <span class='ocrx_word' id='word_1_153' title='bbox 1164 1601 1196 1651; x_wconf 83' lang='lat' dir='ltr'><strong>ab</strong></span> <span class='ocrx_word' id='word_1_154' title='bbox 1214 1602 1398 1664; x_wconf 76' lang='lat' dir='ltr'><strong>reputavimus</strong></span> <span class='ocrx_word' id='word_1_155' title='bbox 1422 1599 1496 1651; x_wconf 87' lang='lat' dir='ltr'><strong>hie</strong></span> <span class='ocrx_word' id='word_1_156' title='bbox 1489 1615 1605 1652; x_wconf 86' lang='lat' dir='ltr'><strong>rmerere</strong></span> 
     </span>
     <span class='ocr_line' id='line_1_16' title="bbox 252 1664 1286 1737; baseline 0.005 -20"><span class='ocrx_word' id='word_1_157' title='bbox 252 1664 314 1727; x_wconf 77' lang='lat' dir='ltr'><strong>Qun</strong></span> <span class='ocrx_word' id='word_1_158' title='bbox 335 1667 484 1734; x_wconf 84' lang='lat' dir='ltr'><strong>,patronus“</strong></span> <span class='ocrx_word' id='word_1_159' title='bbox 504 1667 545 1718; x_wconf 86' lang='lat' dir='ltr'><strong>illa</strong></span> <span class='ocrx_word' id='word_1_160' title='bbox 564 1668 647 1726; x_wconf 88' lang='lat' dir='ltr'><strong>luerit,</strong></span> <span class='ocrx_word' id='word_1_161' title='bbox 666 1684 715 1718; x_wconf 93' lang='lat' dir='ltr'><strong>non</strong></span> <span class='ocrx_word' id='word_1_162' title='bbox 734 1677 841 1722; x_wconf 88' lang='lat' dir='ltr'><strong>constat.</strong></span> <span class='ocrx_word' id='word_1_163' title='bbox 879 1671 1027 1736; x_wconf 72' lang='lat' dir='ltr'><strong>Insculptum</strong></span> <span class='ocrx_word' id='word_1_164' title='bbox 1045 1677 1084 1721; x_wconf 91' lang='lat' dir='ltr'><strong>est</strong></span> <span class='ocrx_word' id='word_1_165' title='bbox 1104 1672 1286 1737; x_wconf 76' lang='lat' dir='ltr'><strong>fragmentum:</strong></span> 
     </span>
    </p>
   </div>
   <div class='ocr_carea' id='block_1_4' title="bbox 244 1744 1617 3180">
    <p class='ocr_par' dir='ltr' id='par_1_6' title="bbox 357 1744 1497 1816">
     <span class='ocr_line' id='line_1_17' title="bbox 357 1744 1497 1816; baseline 0.003 -16"><span class='ocrx_word' id='word_1_166' title='bbox 357 1744 697 1800; x_wconf 80' lang='lat' dir='ltr'><strong>Animadversioues</strong></span> <span class='ocrx_word' id='word_1_167' title='bbox 722 1745 901 1816; x_wconf 87' lang='lat' dir='ltr'><strong>Kepleri&#39;</strong></span> <span class='ocrx_word' id='word_1_168' title='bbox 894 1764 928 1799; x_wconf 90' lang='grc' dir='ltr'><strong>ιιι</strong></span> <span class='ocrx_word' id='word_1_169' title='bbox 949 1747 1078 1800; x_wconf 90' lang='lat' dir='ltr'><strong>librum</strong></span> <span class='ocrx_word' id='word_1_170' title='bbox 1102 1746 1290 1801; x_wconf 90' lang='lat' dir='ltr'><strong>Laurentii</strong></span> <span class='ocrx_word' id='word_1_171' title='bbox 1315 1745 1497 1804; x_wconf 83' lang='lat' dir='ltr'><strong>Politieni.</strong></span> 
     </span>
    </p>

    <p class='ocr_par' dir='ltr' id='par_1_7' title="bbox 252 1823 1605 1971">
     <span class='ocr_line' id='line_1_18' title="bbox 339 1823 1605 1901; baseline 0.005 -21"><span class='ocrx_word' id='word_1_172' title='bbox 339 1824 489 1880; x_wconf 80' lang='lat' dir='ltr'><strong>Insidiator</strong></span> <span class='ocrx_word' id='word_1_173' title='bbox 516 1823 654 1880; x_wconf 89' lang='lat' dir='ltr'><strong>hominurn</strong></span> <span class='ocrx_word' id='word_1_174' title='bbox 684 1826 828 1880; x_wconf 88' lang='lat' dir='ltr'><strong>commodis</strong></span> <span class='ocrx_word' id='word_1_175' title='bbox 859 1827 948 1880; x_wconf 88' lang='lat' dir='ltr'><strong>malus</strong></span> <span class='ocrx_word' id='word_1_176' title='bbox 977 1827 1087 1898; x_wconf 90' lang='lat' dir='ltr'><strong>quidam</strong></span> <span class='ocrx_word' id='word_1_177' title='bbox 1116 1826 1230 1899; x_wconf 86' lang='lat' dir='ltr'><strong>genius,</strong></span> <span class='ocrx_word' id='word_1_178' title='bbox 1261 1830 1430 1883; x_wconf 88' lang='lat' dir='ltr'><strong>conturbans</strong></span> <span class='ocrx_word' id='word_1_179' title='bbox 1451 1846 1502 1894; x_wconf 90' lang='lat' dir='ltr'><strong>ea,</strong></span> <span class='ocrx_word' id='word_1_180' title='bbox 1533 1845 1605 1901; x_wconf 84' lang='lat' dir='ltr'><strong>quae</strong></span> 
     </span>
     <span class='ocr_line' id='line_1_19' title="bbox 252 1903 1325 1971; baseline 0.006 -14"><span class='ocrx_word' id='word_1_181' title='bbox 252 1903 404 1959; x_wconf 88' lang='lat' dir='ltr'><strong>dilucidant</strong></span> <span class='ocrx_word' id='word_1_182' title='bbox 425 1905 505 1969; x_wconf 88' lang='lat' dir='ltr'><strong>docti,</strong></span> <span class='ocrx_word' id='word_1_183' title='bbox 528 1904 567 1958; x_wconf 84' lang='lat' dir='ltr'><strong>rbi</strong></span> <span class='ocrx_word' id='word_1_184' title='bbox 587 1905 705 1960; x_wconf 87' lang='lat' dir='ltr'><strong>maxime</strong></span> <span class='ocrx_word' id='word_1_185' title='bbox 727 1924 835 1971; x_wconf 85' lang='lat' dir='ltr'><strong>nocens,</strong></span> <span class='ocrx_word' id='word_1_186' title='bbox 858 1907 905 1961; x_wconf 90' lang='lat' dir='ltr'><strong>ubi</strong></span> <span class='ocrx_word' id='word_1_187' title='bbox 928 1906 1032 1961; x_wconf 76' lang='lat' dir='ltr'><strong>assidui</strong></span> <span class='ocrx_word' id='word_1_188' title='bbox 1053 1908 1172 1963; x_wconf 69' lang='lat' dir='ltr'><strong>mammo</strong></span> <span class='ocrx_word' id='word_1_189' title='bbox 1192 1907 1325 1963; x_wconf 89' lang='lat' dir='ltr'><strong>homines.</strong></span> 
     </span>
    </p>

    <p class='ocr_par' dir='ltr' id='par_1_8' title="bbox 245 1986 1617 3026">
     <span class='ocr_line' id='line_1_20' title="bbox 338 1986 1604 2061; baseline 0.002 -19"><span class='ocrx_word' id='word_1_190' title='bbox 338 1988 412 2042; x_wconf 86' lang='lat' dir='ltr'><strong>Finis</strong></span> <span class='ocrx_word' id='word_1_191' title='bbox 434 1986 681 2059; x_wconf 74' lang='lat' dir='ltr'><strong>investigatoribus</strong></span> <span class='ocrx_word' id='word_1_192' title='bbox 707 1995 750 2041; x_wconf 91' lang='lat' dir='ltr'><strong>est</strong></span> <span class='ocrx_word' id='word_1_193' title='bbox 774 1990 933 2059; x_wconf 89' lang='lat' dir='ltr'><strong>propositus</strong></span> <span class='ocrx_word' id='word_1_194' title='bbox 960 1989 1073 2042; x_wconf 88' lang='lat' dir='ltr'><strong>humani</strong></span> <span class='ocrx_word' id='word_1_195' title='bbox 1092 1988 1204 2061; x_wconf 89' lang='lat' dir='ltr'><strong>generis</strong></span> <span class='ocrx_word' id='word_1_196' title='bbox 1226 1988 1343 2043; x_wconf 85' lang='lat' dir='ltr'><strong>eruditio</strong></span> <span class='ocrx_word' id='word_1_197' title='bbox 1364 1996 1394 2043; x_wconf 92' lang='lat' dir='ltr'><strong>et</strong></span> <span class='ocrx_word' id='word_1_198' title='bbox 1412 1989 1557 2061; x_wconf 88' lang='lat' dir='ltr'><strong>disciplina</strong></span> <span class='ocrx_word' id='word_1_199' title='bbox 1576 1990 1604 2045; x_wconf 93' lang='lat' dir='ltr'><strong>iu</strong></span> 
     </span>
     <span class='ocr_line' id='line_1_21' title="bbox 248 2068 1603 2141; baseline 0.001 -18"><span class='ocrx_word' id='word_1_200' title='bbox 248 2071 332 2125; x_wconf 89' lang='lat' dir='ltr'><strong>rebus</strong></span> <span class='ocrx_word' id='word_1_201' title='bbox 354 2069 506 2126; x_wconf 86' lang='lat' dir='ltr'><strong>abstrusis:</strong></span> <span class='ocrx_word' id='word_1_202' title='bbox 531 2069 605 2123; x_wconf 90' lang='lat' dir='ltr'><strong>hunc</strong></span> <span class='ocrx_word' id='word_1_203' title='bbox 630 2068 710 2123; x_wconf 85' lang='lat' dir='ltr'><strong>duem</strong></span> <span class='ocrx_word' id='word_1_204' title='bbox 731 2075 763 2122; x_wconf 91' lang='lat' dir='ltr'><strong>nt</strong></span> <span class='ocrx_word' id='word_1_205' title='bbox 782 2069 916 2140; x_wconf 89' lang='lat' dir='ltr'><strong>impediat</strong></span> <span class='ocrx_word' id='word_1_206' title='bbox 943 2070 1083 2123; x_wconf 84' lang='lat' dir='ltr'><strong>maleficus</strong></span> <span class='ocrx_word' id='word_1_207' title='bbox 1112 2070 1172 2132; x_wconf 91' lang='lat' dir='ltr'><strong>ille,</strong></span> <span class='ocrx_word' id='word_1_208' title='bbox 1207 2070 1279 2123; x_wconf 87' lang='lat' dir='ltr'><strong>solet</strong></span> <span class='ocrx_word' id='word_1_209' title='bbox 1306 2068 1479 2141; x_wconf 86' lang='lat' dir='ltr'><strong>philosophis</strong></span> <span class='ocrx_word' id='word_1_210' title='bbox 1506 2070 1603 2140; x_wconf 88' lang='lat' dir='ltr'><strong>paucis</strong></span> 
     </span>
     <span class='ocr_line' id='line_1_22' title="bbox 248 2148 1603 2223; baseline -0.001 -16"><span class='ocrx_word' id='word_1_211' title='bbox 248 2152 435 2207; x_wconf 84' lang='lat' dir='ltr'><strong>interiundere</strong></span> <span class='ocrx_word' id='word_1_212' title='bbox 456 2150 593 2204; x_wconf 88' lang='lat' dir='ltr'><strong>simiarum</strong></span> <span class='ocrx_word' id='word_1_213' title='bbox 614 2148 742 2220; x_wconf 88' lang='lat' dir='ltr'><strong>ingentes</strong></span> <span class='ocrx_word' id='word_1_214' title='bbox 763 2167 879 2223; x_wconf 86' lang='lat' dir='ltr'><strong>greges,</strong></span> <span class='ocrx_word' id='word_1_215' title='bbox 909 2167 1023 2221; x_wconf 89' lang='lat' dir='ltr'><strong>quorum</strong></span> <span class='ocrx_word' id='word_1_216' title='bbox 1049 2149 1163 2221; x_wconf 86' lang='lat' dir='ltr'><strong>quisque</strong></span> <span class='ocrx_word' id='word_1_217' title='bbox 1183 2149 1323 2220; x_wconf 91' lang='lat' dir='ltr'><strong>propriam</strong></span> <span class='ocrx_word' id='word_1_218' title='bbox 1344 2149 1499 2221; x_wconf 82' lang='lat' dir='ltr'><strong>opinionem</strong></span> <span class='ocrx_word' id='word_1_219' title='bbox 1519 2152 1552 2204; x_wconf 91' lang='lat' dir='ltr'><strong>de</strong></span> <span class='ocrx_word' id='word_1_220' title='bbox 1573 2168 1603 2205; x_wconf 91' lang='lat' dir='ltr'><strong>re</strong></span> 
     </span>
     <span class='ocr_line' id='line_1_23' title="bbox 248 2229 1602 2301; baseline -0.001 -14"><span class='ocrx_word' id='word_1_221' title='bbox 248 2235 344 2289; x_wconf 89' lang='lat' dir='ltr'><strong>eadem</strong></span> <span class='ocrx_word' id='word_1_222' title='bbox 375 2232 481 2287; x_wconf 82' lang='lat' dir='ltr'><strong>excitet</strong></span> <span class='ocrx_word' id='word_1_223' title='bbox 502 2237 532 2285; x_wconf 92' lang='lat' dir='ltr'><strong>et</strong></span> <span class='ocrx_word' id='word_1_224' title='bbox 559 2237 733 2301; x_wconf 81' lang='lat' dir='ltr'><strong>propugnet,</strong></span> <span class='ocrx_word' id='word_1_225' title='bbox 764 2237 796 2284; x_wconf 93' lang='lat' dir='ltr'><strong>ut</strong></span> <span class='ocrx_word' id='word_1_226' title='bbox 825 2230 982 2300; x_wconf 87' lang='lat' dir='ltr'><strong>opinionum</strong></span> <span class='ocrx_word' id='word_1_227' title='bbox 1012 2231 1150 2284; x_wconf 87' lang='lat' dir='ltr'><strong>varietate</strong></span> <span class='ocrx_word' id='word_1_228' title='bbox 1181 2229 1272 2283; x_wconf 88' lang='lat' dir='ltr'><strong>obruti</strong></span> <span class='ocrx_word' id='word_1_229' title='bbox 1293 2229 1415 2285; x_wconf 88' lang='lat' dir='ltr'><strong>homines</strong></span> <span class='ocrx_word' id='word_1_230' title='bbox 1442 2230 1469 2284; x_wconf 91' lang='lat' dir='ltr'><strong>in</strong></span> <span class='ocrx_word' id='word_1_231' title='bbox 1497 2230 1602 2286; x_wconf 91' lang='lat' dir='ltr'><strong>incerto</strong></span> 
     </span>
     <span class='ocr_line' id='line_1_24' title="bbox 248 2310 1601 2383; baseline -0.003 -14"><span class='ocrx_word' id='word_1_232' title='bbox 248 2320 379 2369; x_wconf 88' lang='lat' dir='ltr'><strong>maneant</strong></span> <span class='ocrx_word' id='word_1_233' title='bbox 395 2315 560 2381; x_wconf 78' lang='lat' dir='ltr'><strong>tandemque</strong></span> <span class='ocrx_word' id='word_1_234' title='bbox 575 2311 666 2365; x_wconf 89' lang='lat' dir='ltr'><strong>omnia</strong></span> <span class='ocrx_word' id='word_1_235' title='bbox 679 2319 779 2364; x_wconf 86' lang='lat' dir='ltr'><strong>vocent</strong></span> <span class='ocrx_word' id='word_1_236' title='bbox 792 2311 820 2365; x_wconf 94' lang='lat' dir='ltr'><strong>in</strong></span> <span class='ocrx_word' id='word_1_237' title='bbox 834 2310 952 2365; x_wconf 89' lang='lat' dir='ltr'><strong>dubium.</strong></span> <span class='ocrx_word' id='word_1_238' title='bbox 981 2311 1090 2383; x_wconf 88' lang='lat' dir='ltr'><strong>Vulgus</strong></span> <span class='ocrx_word' id='word_1_239' title='bbox 1106 2310 1208 2381; x_wconf 85' lang='lat' dir='ltr'><strong>quippe</strong></span> <span class='ocrx_word' id='word_1_240' title='bbox 1223 2327 1277 2363; x_wconf 91' lang='lat' dir='ltr'><strong>non</strong></span> <span class='ocrx_word' id='word_1_241' title='bbox 1293 2311 1447 2365; x_wconf 92' lang='lat' dir='ltr'><strong>rationibus</strong></span> <span class='ocrx_word' id='word_1_242' title='bbox 1467 2317 1601 2376; x_wconf 89' lang='lat' dir='ltr'><strong>movetur,</strong></span> 
     </span>
     <span class='ocr_line' id='line_1_25' title="bbox 248 2390 1602 2462; baseline -0.001 -13"><span class='ocrx_word' id='word_1_243' title='bbox 248 2396 296 2448; x_wconf 88' lang='lat' dir='ltr'><strong>sed</strong></span> <span class='ocrx_word' id='word_1_244' title='bbox 317 2393 546 2457; x_wconf 88' lang='lat' dir='ltr'><strong>auctoritatibus,</strong></span> <span class='ocrx_word' id='word_1_245' title='bbox 577 2409 662 2461; x_wconf 89' lang='lat' dir='ltr'><strong>penes</strong></span> <span class='ocrx_word' id='word_1_246' title='bbox 690 2410 770 2462; x_wconf 88' lang='lat' dir='ltr'><strong>quern</strong></span> <span class='ocrx_word' id='word_1_247' title='bbox 798 2391 880 2446; x_wconf 85' lang='lat' dir='ltr'><strong>facile</strong></span> <span class='ocrx_word' id='word_1_248' title='bbox 906 2399 951 2446; x_wconf 87' lang='lat' dir='ltr'><strong>est</strong></span> <span class='ocrx_word' id='word_1_249' title='bbox 978 2410 1060 2446; x_wconf 90' lang='lat' dir='ltr'><strong>unam</strong></span> <span class='ocrx_word' id='word_1_250' title='bbox 1089 2407 1183 2444; x_wconf 89' lang='lat' dir='ltr'><strong>veram</strong></span> <span class='ocrx_word' id='word_1_251' title='bbox 1214 2390 1368 2460; x_wconf 85' lang='lat' dir='ltr'><strong>opinionem</strong></span> <span class='ocrx_word' id='word_1_252' title='bbox 1398 2393 1491 2446; x_wconf 87' lang='lat' dir='ltr'><strong>decern</strong></span> <span class='ocrx_word' id='word_1_253' title='bbox 1523 2392 1602 2447; x_wconf 84' lang='lat' dir='ltr'><strong>l&#39;alsir</strong></span> 
     </span>
     <span class='ocr_line' id='line_1_26' title="bbox 248 2471 1602 2565; baseline -0.002 -35"><span class='ocrx_word' id='word_1_254' title='bbox 248 2475 382 2548; x_wconf 88' lang='lat' dir='ltr'><strong>oppositis</strong></span> <span class='ocrx_word' id='word_1_255' title='bbox 401 2474 535 2529; x_wconf 84' lang='lat' dir='ltr'><strong>incertam</strong></span> <span class='ocrx_word' id='word_1_256' title='bbox 557 2474 679 2526; x_wconf 86' lang='lat' dir='ltr'><strong>reddere.</strong></span> <span class='ocrx_word' id='word_1_257' title='bbox 713 2474 771 2527; x_wconf 88' lang='lat' dir='ltr'><strong>Nec</strong></span> <span class='ocrx_word' id='word_1_258' title='bbox 791 2473 891 2565; x_wconf 84' lang='lat' dir='ltr'><strong>legunt</strong></span> <span class='ocrx_word' id='word_1_259' title='bbox 911 2473 1092 2543; x_wconf 90' lang='lat' dir='ltr'><strong>philosophos</strong></span> <span class='ocrx_word' id='word_1_260' title='bbox 1112 2478 1144 2524; x_wconf 93' lang='lat' dir='ltr'><strong>ut</strong></span> <span class='ocrx_word' id='word_1_261' title='bbox 1165 2471 1303 2524; x_wconf 87' lang='lat' dir='ltr'><strong>rationum</strong></span> <span class='ocrx_word' id='word_1_262' title='bbox 1324 2478 1531 2540; x_wconf 81' lang='lat' dir='ltr'><strong>monstratores,</strong></span> <span class='ocrx_word' id='word_1_263' title='bbox 1554 2473 1602 2527; x_wconf 88' lang='lat' dir='ltr'><strong>sed</strong></span> 
     </span>
     <span class='ocr_line' id='line_1_27' title="bbox 246 2551 1602 2639; baseline -0.001 -29"><span class='ocrx_word' id='word_1_264' title='bbox 246 2564 279 2610; x_wconf 90' lang='lat' dir='ltr'><strong>ut</strong></span> <span class='ocrx_word' id='word_1_265' title='bbox 299 2556 448 2639; x_wconf 80' lang='lat' dir='ltr'><strong>magistros</strong></span> <span class='ocrx_word' id='word_1_266' title='bbox 469 2552 635 2624; x_wconf 83' lang='lat' dir='ltr'><strong>exceptione</strong></span> <span class='ocrx_word' id='word_1_267' title='bbox 656 2552 784 2632; x_wconf 80' lang='lat' dir='ltr'><strong>majores,</strong></span> <span class='ocrx_word' id='word_1_268' title='bbox 807 2554 829 2607; x_wconf 89' lang='lat' dir='ltr'><strong>si</strong></span> <span class='ocrx_word' id='word_1_269' title='bbox 851 2554 896 2605; x_wconf 89' lang='lat' dir='ltr'><strong>vel</strong></span> <span class='ocrx_word' id='word_1_270' title='bbox 917 2553 1008 2607; x_wconf 84' lang='lat' dir='ltr'><strong>nullas</strong></span> <span class='ocrx_word' id='word_1_271' title='bbox 1030 2552 1152 2606; x_wconf 88' lang='lat' dir='ltr'><strong>rationes</strong></span> <span class='ocrx_word' id='word_1_272' title='bbox 1174 2551 1294 2604; x_wconf 81' lang='lat' dir='ltr'><strong>afferant</strong></span> <span class='ocrx_word' id='word_1_273' title='bbox 1314 2553 1489 2625; x_wconf 89' lang='lat' dir='ltr'><strong>dogmatum,</strong></span> <span class='ocrx_word' id='word_1_274' title='bbox 1511 2553 1557 2607; x_wconf 88' lang='lat' dir='ltr'><strong>vel</strong></span> <span class='ocrx_word' id='word_1_275' title='bbox 1578 2552 1602 2608; x_wconf 82' lang='grc' dir='ltr'><strong>ιι</strong></span> 
     </span>
     <span class='ocr_line' id='line_1_28' title="bbox 245 2623 1602 2708; baseline -0.002 -17"><span class='ocrx_word' id='word_1_276' title='bbox 245 2644 374 2708; x_wconf 86' lang='lat' dir='ltr'><strong>pugnent</strong></span> <span class='ocrx_word' id='word_1_277' title='bbox 393 2632 466 2689; x_wconf 81' lang='lat' dir='ltr'><strong>in&#39;ter</strong></span> <span class='ocrx_word' id='word_1_278' title='bbox 481 2651 520 2699; x_wconf 89' lang='lat' dir='ltr'><strong>se,</strong></span> <span class='ocrx_word' id='word_1_279' title='bbox 542 2623 672 2704; x_wconf 79' lang='lat' dir='ltr'><strong>utrosque</strong></span> <span class='ocrx_word' id='word_1_280' title='bbox 694 2649 782 2705; x_wconf 88' lang='lat' dir='ltr'><strong>aeque</strong></span> <span class='ocrx_word' id='word_1_281' title='bbox 802 2635 957 2705; x_wconf 85' lang='lat' dir='ltr'><strong>explodunt</strong></span> <span class='ocrx_word' id='word_1_282' title='bbox 976 2642 1007 2687; x_wconf 90' lang='lat' dir='ltr'><strong>et</strong></span> <span class='ocrx_word' id='word_1_283' title='bbox 1020 2633 1153 2686; x_wconf 79' lang='lat' dir='ltr'><strong>derident</strong></span> <span class='ocrx_word' id='word_1_284' title='bbox 1183 2631 1290 2685; x_wconf 84' lang='lat' dir='ltr'><strong>Sufficit</strong></span> <span class='ocrx_word' id='word_1_285' title='bbox 1310 2642 1342 2686; x_wconf 91' lang='lat' dir='ltr'><strong>ut</strong></span> <span class='ocrx_word' id='word_1_286' title='bbox 1355 2636 1478 2695; x_wconf 90' lang='lat' dir='ltr'><strong>credant</strong></span> <span class='ocrx_word' id='word_1_287' title='bbox 1500 2650 1602 2688; x_wconf 86' lang='lat' dir='ltr'><strong>vanum</strong></span> 
     </span>
     <span class='ocr_line' id='line_1_29' title="bbox 247 2707 1617 2788; baseline -0.001 -19"><span class='ocrx_word' id='word_1_288' title='bbox 247 2733 309 2771; x_wconf 89' lang='lat' dir='ltr'><strong>esse</strong></span> <span class='ocrx_word' id='word_1_289' title='bbox 330 2707 540 2788; x_wconf 83' lang='lat' dir='ltr'><strong>dogmatistam,</strong></span> <span class='ocrx_word' id='word_1_290' title='bbox 567 2715 591 2769; x_wconf 90' lang='lat' dir='ltr'><strong>si</strong></span> <span class='ocrx_word' id='word_1_291' title='bbox 612 2720 728 2778; x_wconf 84' lang='lat' dir='ltr'><strong>constet,</strong></span> <span class='ocrx_word' id='word_1_292' title='bbox 756 2713 923 2769; x_wconf 88' lang='lat' dir='ltr'><strong>contrarium</strong></span> <span class='ocrx_word' id='word_1_293' title='bbox 951 2712 1082 2767; x_wconf 81' lang='lat' dir='ltr'><strong>affirmari</strong></span> <span class='ocrx_word' id='word_1_294' title='bbox 1105 2729 1122 2766; x_wconf 91' lang='lat' dir='ltr'><strong>a</strong></span> <span class='ocrx_word' id='word_1_295' title='bbox 1143 2711 1289 2765; x_wconf 86' lang='lat' dir='ltr'><strong>recentiori</strong></span> <span class='ocrx_word' id='word_1_296' title='bbox 1318 2714 1420 2788; x_wconf 84' lang='lat' dir='ltr'><strong>aliquo.</strong></span> <span class='ocrx_word' id='word_1_297' title='bbox 1464 2714 1517 2777; x_wconf 86' lang='lat' dir='ltr'><strong>Qui</strong></span> <span class='ocrx_word' id='word_1_298' title='bbox 1537 2720 1617 2773; x_wconf 28' lang='lat' dir='ltr'><strong>sunt,</strong></span> 
     </span>
     <span class='ocr_line' id='line_1_30' title="bbox 246 2792 1601 2870; baseline -0.002 -19"><span class='ocrx_word' id='word_1_299' title='bbox 246 2813 315 2870; x_wconf 91' lang='lat' dir='ltr'><strong>ergo</strong></span> <span class='ocrx_word' id='word_1_300' title='bbox 336 2795 463 2852; x_wconf 88' lang='lat' dir='ltr'><strong>veritatis</strong></span> <span class='ocrx_word' id='word_1_301' title='bbox 485 2800 627 2858; x_wconf 88' lang='lat' dir='ltr'><strong>amantes,</strong></span> <span class='ocrx_word' id='word_1_302' title='bbox 658 2795 761 2849; x_wconf 90' lang='lat' dir='ltr'><strong>debent</strong></span> <span class='ocrx_word' id='word_1_303' title='bbox 791 2811 903 2865; x_wconf 89' lang='lat' dir='ltr'><strong>operam</strong></span> <span class='ocrx_word' id='word_1_304' title='bbox 928 2796 1007 2859; x_wconf 88' lang='lat' dir='ltr'><strong>dare,</strong></span> <span class='ocrx_word' id='word_1_305' title='bbox 1036 2801 1069 2846; x_wconf 93' lang='lat' dir='ltr'><strong>ut</strong></span> <span class='ocrx_word' id='word_1_306' title='bbox 1088 2794 1198 2846; x_wconf 87' lang='lat' dir='ltr'><strong>lircosas</strong></span> <span class='ocrx_word' id='word_1_307' title='bbox 1224 2792 1379 2862; x_wconf 89' lang='lat' dir='ltr'><strong>hujusmodi</strong></span> <span class='ocrx_word' id='word_1_308' title='bbox 1409 2793 1601 2864; x_wconf 84' lang='lat' dir='ltr'><strong>philosophias</strong></span> 
     </span>
     <span class='ocr_line' id='line_1_31' title="bbox 246 2873 1600 2948; baseline -0.002 -17"><span class='ocrx_word' id='word_1_309' title='bbox 246 2877 418 2948; x_wconf 89' lang='lat' dir='ltr'><strong>opprimant,</strong></span> <span class='ocrx_word' id='word_1_310' title='bbox 450 2874 633 2929; x_wconf 89' lang='lat' dir='ltr'><strong>inculcatis</strong></span> <span class='ocrx_word' id='word_1_311' title='bbox 625 2874 676 2939; x_wconf 87' lang='grc' dir='ltr'>ιιι,</span> <span class='ocrx_word' id='word_1_312' title='bbox 709 2891 780 2947; x_wconf 89' lang='lat' dir='ltr'><strong>quae</strong></span> <span class='ocrx_word' id='word_1_313' title='bbox 810 2874 963 2929; x_wconf 90' lang='lat' dir='ltr'><strong>certissima</strong></span> <span class='ocrx_word' id='word_1_314' title='bbox 988 2882 1070 2937; x_wconf 89' lang='lat' dir='ltr'><strong>sunt;</strong></span> <span class='ocrx_word' id='word_1_315' title='bbox 1106 2873 1215 2945; x_wconf 91' lang='lat' dir='ltr'><strong>quod</strong></span> <span class='ocrx_word' id='word_1_316' title='bbox 1207 2891 1234 2926; x_wconf 91' lang='grc' dir='ltr'><strong>ιιι</strong></span> <span class='ocrx_word' id='word_1_317' title='bbox 1263 2874 1451 2928; x_wconf 89' lang='lat' dir='ltr'><strong>recentissimo</strong></span> <span class='ocrx_word' id='word_1_318' title='bbox 1486 2881 1600 2928; x_wconf 89' lang='lat' dir='ltr'><strong>auctore</strong></span> 
     </span>
     <span class='ocr_line' id='line_1_32' title="bbox 245 2955 1271 3026; baseline -0.003 -15"><span class='ocrx_word' id='word_1_319' title='bbox 245 2961 325 3013; x_wconf 86' lang='lat' dir='ltr'><strong>Ant.</strong></span> <span class='ocrx_word' id='word_1_320' title='bbox 345 2958 448 3013; x_wconf 90' lang='lat' dir='ltr'><strong>Laur.</strong></span> <span class='ocrx_word' id='word_1_321' title='bbox 469 2956 650 3010; x_wconf 89' lang='lat' dir='ltr'><strong>Politiano</strong></span> <span class='ocrx_word' id='word_1_322' title='bbox 672 2955 699 3009; x_wconf 93' lang='lat' dir='ltr'><strong>in</strong></span> <span class='ocrx_word' id='word_1_323' title='bbox 720 2972 852 3026; x_wconf 87' lang='lat' dir='ltr'><strong>praesens</strong></span> <span class='ocrx_word' id='word_1_324' title='bbox 873 2955 938 3008; x_wconf 90' lang='lat' dir='ltr'><strong>mihi</strong></span> <span class='ocrx_word' id='word_1_325' title='bbox 960 2955 1043 3009; x_wconf 87' lang='lat' dir='ltr'><strong>sumsi</strong></span> <span class='ocrx_word' id='word_1_326' title='bbox 1065 2957 1271 3025; x_wconf 88' lang='lat' dir='ltr'><strong>praestandum.</strong></span> 
     </span>
    </p>

    <p class='ocr_par' dir='ltr' id='par_1_9' title="bbox 244 3032 1600 3180">
     <span class='ocr_line' id='line_1_33' title="bbox 336 3032 1600 3109; baseline -0.003 -16"><span class='ocrx_word' id='word_1_327' title='bbox 336 3037 466 3109; x_wconf 80' lang='lat' dir='ltr'><strong>Capite</strong></span> <span class='ocrx_word' id='word_1_328' title='bbox 487 3037 508 3091; x_wconf 90' lang='lat'><strong>1.</strong></span> <span class='ocrx_word' id='word_1_329' title='bbox 539 3038 664 3100; x_wconf 87' lang='lat' dir='ltr'><strong>Veteres,</strong></span> <span class='ocrx_word' id='word_1_330' title='bbox 687 3037 736 3101; x_wconf 89' lang='lat' dir='ltr'><strong>ait,</strong></span> <span class='ocrx_word' id='word_1_331' title='bbox 752 3036 837 3089; x_wconf 83' lang='lat' dir='ltr'><strong>luisse</strong></span> <span class='ocrx_word' id='word_1_332' title='bbox 852 3042 997 3094; x_wconf 90' lang='lat' dir='ltr'><strong>contentos</strong></span> <span class='ocrx_word' id='word_1_333' title='bbox 1012 3032 1031 3091; x_wconf 87' lang='lat'>8</span> <span class='ocrx_word' id='word_1_334' title='bbox 1044 3035 1136 3099; x_wconf 90' lang='lat' dir='ltr'><strong>coelis,</strong></span> <span class='ocrx_word' id='word_1_335' title='bbox 1158 3034 1326 3088; x_wconf 83' lang='lat' dir='ltr'><strong>recentiores</strong></span> <span class='ocrx_word' id='word_1_336' title='bbox 1348 3033 1485 3088; x_wconf 86' lang='lat' dir='ltr'><strong>addidisse</strong></span> <span class='ocrx_word' id='word_1_337' title='bbox 1498 3050 1600 3089; x_wconf 88' lang='lat' dir='ltr'><strong>nouum</strong></span> 
     </span>
     <span class='ocr_line' id='line_1_34' title="bbox 244 3109 1593 3180; baseline -0.003 -7"><span class='ocrx_word' id='word_1_338' title='bbox 244 3125 276 3173; x_wconf 90' lang='lat' dir='ltr'><strong>et</strong></span> <span class='ocrx_word' id='word_1_339' title='bbox 295 3118 427 3173; x_wconf 86' lang='lat' dir='ltr'><strong>decimum</strong></span> <span class='ocrx_word' id='word_1_340' title='bbox 449 3115 496 3173; x_wconf 74' lang='lat' dir='ltr'><strong>en</strong></span> <span class='ocrx_word' id='word_1_341' title='bbox 536 3117 614 3170; x_wconf 87' lang='lat' dir='ltr'><strong>Mala</strong></span> <span class='ocrx_word' id='word_1_342' title='bbox 633 3116 694 3171; x_wconf 85' lang='lat' dir='ltr'><strong>ilde.</strong></span> <span class='ocrx_word' id='word_1_343' title='bbox 737 3116 789 3179; x_wconf 84' lang='lat' dir='ltr'><strong>Qui</strong></span> <span class='ocrx_word' id='word_1_344' title='bbox 809 3111 829 3169; x_wconf 80' lang='lat'><em>8</em></span> <span class='ocrx_word' id='word_1_345' title='bbox 849 3109 1043 3180; x_wconf 79' lang='lat' dir='ltr'><strong>numerarunt,</strong></span> <span class='ocrx_word' id='word_1_346' title='bbox 1065 3131 1159 3169; x_wconf 90' lang='lat' dir='ltr'><strong>eorum</strong></span> <span class='ocrx_word' id='word_1_347' title='bbox 1180 3115 1286 3169; x_wconf 88' lang='lat' dir='ltr'><strong>animus</strong></span> <span class='ocrx_word' id='word_1_348' title='bbox 1312 3114 1365 3169; x_wconf 85' lang='grc' dir='ltr'>ιιιιι</span> <span class='ocrx_word' id='word_1_349' title='bbox 1393 3114 1462 3169; x_wconf 89' lang='lat' dir='ltr'><strong>inire</strong></span> <span class='ocrx_word' id='word_1_350' title='bbox 1489 3119 1593 3169; x_wconf 84' lang='lat' dir='ltr'><strong>nume</strong></span> 
     </span>
    </p>
   </div>
   <div class='ocr_carea' id='block_1_5' title="bbox 245 3192 1695 3270">
    <p class='ocr_par' dir='ltr' id='par_1_10' title="bbox 245 3192 1695 3270">
     <span class='ocr_line' id='line_1_35' title="bbox 245 3192 1695 3270; baseline -0.002 -17"><span class='ocrx_word' id='word_1_351' title='bbox 245 3200 316 3253; x_wconf 86' lang='lat' dir='ltr'><strong>rurn</strong></span> <span class='ocrx_word' id='word_1_352' title='bbox 345 3216 452 3262; x_wconf 87' lang='lat' dir='ltr'><strong>eorum,</strong></span> <span class='ocrx_word' id='word_1_353' title='bbox 483 3214 555 3267; x_wconf 91' lang='lat' dir='ltr'><strong>quae</strong></span> <span class='ocrx_word' id='word_1_354' title='bbox 589 3192 764 3251; x_wconf 82' lang='lat' dir='ltr'><strong>moverentur</strong></span> <span class='ocrx_word' id='word_1_355' title='bbox 797 3198 825 3250; x_wconf 91' lang='grc' dir='ltr'><strong>ιιι</strong></span> <span class='ocrx_word' id='word_1_356' title='bbox 856 3198 933 3251; x_wconf 91' lang='lat' dir='ltr'><strong>coelo</strong></span> <span class='ocrx_word' id='word_1_357' title='bbox 964 3197 1020 3250; x_wconf 91' lang='lat' dir='ltr'><strong>suis</strong></span> <span class='ocrx_word' id='word_1_358' title='bbox 1050 3198 1176 3266; x_wconf 89' lang='lat' dir='ltr'><strong>quodque</strong></span> <span class='ocrx_word' id='word_1_359' title='bbox 1203 3197 1340 3258; x_wconf 86' lang='lat' dir='ltr'><strong>motibus;</strong></span> <span class='ocrx_word' id='word_1_360' title='bbox 1370 3195 1485 3250; x_wconf 85' lang='lat' dir='ltr'><strong>inventa</strong></span> <span class='ocrx_word' id='word_1_361' title='bbox 1513 3196 1600 3270; x_wconf 89' lang='lat' dir='ltr'><strong>igitur</strong></span> <span class='ocrx_word' id='word_1_362' title='bbox 1691 3217 1695 3226; x_wconf 92' lang='lat'><strong>·</strong></span> 
     </span>
    </p>
   </div>
   <div class='ocr_carea' id='block_1_6' title="bbox 221 3275 1664 5123">
    <p class='ocr_par' dir='ltr' id='par_1_11' title="bbox 221 3275 1664 5123">
     <span class='ocr_line' id='line_1_36' title="bbox 245 3275 1599 3349; baseline -0.003 -15"><span class='ocrx_word' id='word_1_363' title='bbox 245 3281 302 3345; x_wconf 87' lang='lat' dir='ltr'><strong>Sol,</strong></span> <span class='ocrx_word' id='word_1_364' title='bbox 323 3281 411 3343; x_wconf 88' lang='lat' dir='ltr'><strong>Luna,</strong></span> <span class='ocrx_word' id='word_1_365' title='bbox 434 3278 552 3349; x_wconf 91' lang='lat' dir='ltr'><strong>quinque</strong></span> <span class='ocrx_word' id='word_1_366' title='bbox 573 3277 715 3347; x_wconf 87' lang='lat' dir='ltr'><strong>planetae,</strong></span> <span class='ocrx_word' id='word_1_367' title='bbox 737 3285 767 3331; x_wconf 93' lang='lat' dir='ltr'><strong>et</strong></span> <span class='ocrx_word' id='word_1_368' title='bbox 781 3295 933 3330; x_wconf 87' lang='lat' dir='ltr'><strong>convexum</strong></span> <span class='ocrx_word' id='word_1_369' title='bbox 948 3277 1015 3331; x_wconf 92' lang='lat' dir='ltr'><strong>illud</strong></span> <span class='ocrx_word' id='word_1_370' title='bbox 1037 3278 1126 3330; x_wconf 84' lang='lat' dir='ltr'><strong>stellis</strong></span> <span class='ocrx_word' id='word_1_371' title='bbox 1147 3275 1267 3347; x_wconf 87' lang='lat' dir='ltr'><strong>undiquc</strong></span> <span class='ocrx_word' id='word_1_372' title='bbox 1287 3276 1430 3330; x_wconf 85' lang='lat' dir='ltr'><strong>consitum.</strong></span> <span class='ocrx_word' id='word_1_373' title='bbox 1460 3276 1512 3339; x_wconf 82' lang='lat' dir='ltr'><strong>Qui</strong></span> <span class='ocrx_word' id='word_1_374' title='bbox 1532 3293 1599 3331; x_wconf 87' lang='lat' dir='ltr'><strong>vero</strong></span> 
     </span>
     <span class='ocr_line' id='line_1_37' title="bbox 245 3353 1598 3429; baseline -0.003 -15"><span class='ocrx_word' id='word_1_375' title='bbox 245 3361 373 3414; x_wconf 74' lang='lat' dir='ltr'><strong>causas</strong></span> <span class='ocrx_word' id='word_1_376' title='bbox 401 3358 607 3429; x_wconf 82' lang='lat' dir='ltr'><strong>investigarunt</strong></span> <span class='ocrx_word' id='word_1_377' title='bbox 631 3359 727 3413; x_wconf 91' lang='lat' dir='ltr'><strong>horum</strong></span> <span class='ocrx_word' id='word_1_378' title='bbox 747 3366 883 3420; x_wconf 89' lang='lat' dir='ltr'><strong>motuum,</strong></span> <span class='ocrx_word' id='word_1_379' title='bbox 913 3375 967 3411; x_wconf 92' lang='lat' dir='ltr'><strong>nou</strong></span> <span class='ocrx_word' id='word_1_380' title='bbox 988 3357 1111 3411; x_wconf 86' lang='lat' dir='ltr'><strong>contenti</strong></span> <span class='ocrx_word' id='word_1_381' title='bbox 1133 3357 1244 3409; x_wconf 78' lang='lat' dir='ltr'><strong>furerent</strong></span> <span class='ocrx_word' id='word_1_382' title='bbox 1264 3353 1284 3410; x_wconf 88' lang='grc'>8</span> <span class='ocrx_word' id='word_1_383' title='bbox 1304 3357 1432 3420; x_wconf 88' lang='lat' dir='ltr'><strong>orbibus,</strong></span> <span class='ocrx_word' id='word_1_384' title='bbox 1455 3375 1510 3411; x_wconf 92' lang='lat' dir='ltr'><strong>uon</strong></span> <span class='ocrx_word' id='word_1_385' title='bbox 1531 3374 1598 3412; x_wconf 89' lang='lat' dir='ltr'><strong>saue</strong></span> 
     </span>
     <span class='ocr_line' id='line_1_38' title="bbox 244 3436 1598 3509; baseline -0.002 -14"><span class='ocrx_word' id='word_1_386' title='bbox 244 3441 418 3495; x_wconf 85' lang='lat' dir='ltr'><strong>Aristoteles.</strong></span> <span class='ocrx_word' id='word_1_387' title='bbox 463 3440 575 3492; x_wconf 82' lang='lat' dir='ltr'><strong>Falsum</strong></span> <span class='ocrx_word' id='word_1_388' title='bbox 601 3438 687 3509; x_wconf 88' lang='lat' dir='ltr'><strong>igitur</strong></span> <span class='ocrx_word' id='word_1_389' title='bbox 712 3439 784 3492; x_wconf 87' lang='lat' dir='ltr'><strong>dixit</strong></span> <span class='ocrx_word' id='word_1_390' title='bbox 809 3438 987 3492; x_wconf 88' lang='lat' dir='ltr'><strong>Laurentius.</strong></span> <span class='ocrx_word' id='word_1_391' title='bbox 1034 3437 1125 3509; x_wconf 88' lang='lat' dir='ltr'><strong>Igitur</strong></span> <span class='ocrx_word' id='word_1_392' title='bbox 1153 3436 1276 3491; x_wconf 90' lang='lat' dir='ltr'><strong>hodierni</strong></span> <span class='ocrx_word' id='word_1_393' title='bbox 1304 3437 1399 3490; x_wconf 89' lang='lat' dir='ltr'><strong>eodem</strong></span> <span class='ocrx_word' id='word_1_394' title='bbox 1423 3436 1488 3505; x_wconf 90' lang='lat' dir='ltr'><strong>jure</strong></span> <span class='ocrx_word' id='word_1_395' title='bbox 1513 3437 1598 3492; x_wconf 87' lang='lat' dir='ltr'><strong>intro·</strong></span> 
     </span>
     <span class='ocr_line' id='line_1_39' title="bbox 244 3513 1664 3589; baseline 0 -15"><span class='ocrx_word' id='word_1_396' title='bbox 244 3523 385 3577; x_wconf 83' lang='lat' dir='ltr'><strong>duxerunt</strong></span> <span class='ocrx_word' id='word_1_397' title='bbox 406 3536 504 3573; x_wconf 90' lang='lat' dir='ltr'><strong>nouarn</strong></span> <span class='ocrx_word' id='word_1_398' title='bbox 527 3527 557 3572; x_wconf 89' lang='lat' dir='ltr'><strong>et</strong></span> <span class='ocrx_word' id='word_1_399' title='bbox 577 3519 705 3573; x_wconf 87' lang='lat' dir='ltr'><strong>decimam</strong></span> <span class='ocrx_word' id='word_1_400' title='bbox 727 3519 891 3588; x_wconf 83' lang='lat' dir='ltr'><strong>sphaeram,</strong></span> <span class='ocrx_word' id='word_1_401' title='bbox 921 3535 974 3589; x_wconf 92' lang='lat' dir='ltr'><strong>quo</strong></span> <span class='ocrx_word' id='word_1_402' title='bbox 994 3517 1057 3587; x_wconf 87' lang='lat' dir='ltr'><strong>jure</strong></span> <span class='ocrx_word' id='word_1_403' title='bbox 1077 3517 1245 3571; x_wconf 86' lang='lat' dir='ltr'><strong>Aristoteles</strong></span> <span class='ocrx_word' id='word_1_404' title='bbox 1271 3517 1424 3572; x_wconf 79' lang='lat' dir='ltr'><strong>introduxit</strong></span> <span class='ocrx_word' id='word_1_405' title='bbox 1444 3518 1525 3571; x_wconf 90' lang='lat' dir='ltr'><strong>orbes</strong></span> <span class='ocrx_word' id='word_1_406' title='bbox 1546 3513 1595 3575; x_wconf 83' lang='grc'><strong>55.</strong></span> <span class='ocrx_word' id='word_1_407' title='bbox 1662 3558 1664 3564; x_wconf 88' lang='grc'><strong>-</strong></span> 
     </span>
     <span class='ocr_line' id='line_1_40' title="bbox 335 3596 1597 3672; baseline -0.003 -16"><span class='ocrx_word' id='word_1_408' title='bbox 335 3602 417 3671; x_wconf 86' lang='lat' dir='ltr'><strong>Cap.</strong></span> <span class='ocrx_word' id='word_1_409' title='bbox 440 3601 474 3654; x_wconf 90' lang='lat' dir='ltr'><strong>ll.</strong></span> <span class='ocrx_word' id='word_1_410' title='bbox 515 3604 644 3669; x_wconf 82' lang='lat' dir='ltr'><strong>Apparet</strong></span> <span class='ocrx_word' id='word_1_411' title='bbox 665 3602 698 3654; x_wconf 88' lang='lat' dir='ltr'><strong>ed</strong></span> <span class='ocrx_word' id='word_1_412' title='bbox 720 3600 836 3662; x_wconf 87' lang='lat' dir='ltr'><strong>oculum,</strong></span> <span class='ocrx_word' id='word_1_413' title='bbox 859 3600 937 3652; x_wconf 89' lang='lat' dir='ltr'><strong>coelo</strong></span> <span class='ocrx_word' id='word_1_414' title='bbox 958 3599 1073 3653; x_wconf 85' lang='lat' dir='ltr'><strong>stellato</strong></span> <span class='ocrx_word' id='word_1_415' title='bbox 1095 3598 1210 3669; x_wconf 88' lang='lat' dir='ltr'><strong>ejusque</strong></span> <span class='ocrx_word' id='word_1_416' title='bbox 1232 3596 1379 3668; x_wconf 88' lang='lat' dir='ltr'><strong>conspicuo</strong></span> <span class='ocrx_word' id='word_1_417' title='bbox 1401 3598 1494 3668; x_wconf 91' lang='lat' dir='ltr'><strong>aliquo</strong></span> <span class='ocrx_word' id='word_1_418' title='bbox 1516 3597 1597 3672; x_wconf 90' lang='lat' dir='ltr'><strong>signo</strong></span> 
     </span>
     <span class='ocr_line' id='line_1_41' title="bbox 245 3675 1598 3753; baseline -0.001 -17"><span class='ocrx_word' id='word_1_419' title='bbox 245 3677 330 3753; x_wconf 89' lang='lat' dir='ltr'><strong>(puta</strong></span> <span class='ocrx_word' id='word_1_420' title='bbox 350 3683 423 3751; x_wconf 90' lang='lat' dir='ltr'><strong>apud</strong></span> <span class='ocrx_word' id='word_1_421' title='bbox 445 3681 515 3751; x_wconf 91' lang='lat' dir='ltr'><strong>quod</strong></span> <span class='ocrx_word' id='word_1_422' title='bbox 541 3680 679 3735; x_wconf 87' lang='lat' dir='ltr'><strong>invenitur</strong></span> <span class='ocrx_word' id='word_1_423' title='bbox 697 3679 823 3750; x_wconf 83' lang='lat' dir='ltr'><strong>¹planeta</strong></span> <span class='ocrx_word' id='word_1_424' title='bbox 849 3675 964 3749; x_wconf 86' lang='lat' dir='ltr'><strong>aliquis)</strong></span> <span class='ocrx_word' id='word_1_425' title='bbox 985 3696 1035 3749; x_wconf 90' lang='lat' dir='ltr'><strong>per</strong></span> <span class='ocrx_word' id='word_1_426' title='bbox 1056 3679 1110 3732; x_wconf 87' lang='lat' dir='ltr'><strong>diei</strong></span> <span class='ocrx_word' id='word_1_427' title='bbox 1131 3677 1251 3748; x_wconf 89' lang='lat' dir='ltr'><strong>spatium</strong></span> <span class='ocrx_word' id='word_1_428' title='bbox 1278 3678 1404 3733; x_wconf 89' lang='lat' dir='ltr'><strong>revoluto</strong></span> <span class='ocrx_word' id='word_1_429' title='bbox 1427 3680 1460 3731; x_wconf 88' lang='lat' dir='ltr'><strong>ad</strong></span> <span class='ocrx_word' id='word_1_430' title='bbox 1482 3681 1598 3734; x_wconf 88' lang='lat' dir='ltr'><strong>eandem</strong></span> 
     </span>
     <span class='ocr_line' id='line_1_42' title="bbox 221 3758 1596 3832; baseline -0.004 -14"><span class='ocrx_word' id='word_1_431' title='bbox 221 3773 360 3832; x_wconf 86' lang='lat' dir='ltr'><strong>metam,</strong></span> <span class='ocrx_word' id='word_1_432' title='bbox 388 3778 469 3832; x_wconf 87' lang='lat' dir='ltr'><strong>quarn</strong></span> <span class='ocrx_word' id='word_1_433' title='bbox 490 3760 515 3813; x_wconf 93' lang='lat' dir='ltr'><strong>ei</strong></span> <span class='ocrx_word' id='word_1_434' title='bbox 537 3760 645 3831; x_wconf 78' lang='lat' dir='ltr'><strong>quirin</strong></span> <span class='ocrx_word' id='word_1_435' title='bbox 667 3762 753 3814; x_wconf 88' lang='lat' dir='ltr'><strong>Terra</strong></span> <span class='ocrx_word' id='word_1_436' title='bbox 778 3761 864 3830; x_wconf 87' lang='lat' dir='ltr'><strong>ponit,</strong></span> <span class='ocrx_word' id='word_1_437' title='bbox 890 3761 1019 3829; x_wconf 85' lang='lat' dir='ltr'><strong>planetas</strong></span> <span class='ocrx_word' id='word_1_438' title='bbox 1040 3766 1073 3812; x_wconf 91' lang='lat' dir='ltr'><strong>ut</strong></span> <span class='ocrx_word' id='word_1_439' title='bbox 1099 3758 1245 3829; x_wconf 88' lang='lat' dir='ltr'><strong>plurimum</strong></span> <span class='ocrx_word' id='word_1_440' title='bbox 1270 3759 1377 3830; x_wconf 90' lang='lat' dir='ltr'><strong>quidem</strong></span> <span class='ocrx_word' id='word_1_441' title='bbox 1403 3758 1522 3823; x_wconf 92' lang='lat' dir='ltr'><strong>tardius,</strong></span> <span class='ocrx_word' id='word_1_442' title='bbox 1545 3759 1596 3813; x_wconf 90' lang='lat' dir='ltr'><strong>ali·</strong></span> 
     </span>
     <span class='ocr_line' id='line_1_43' title="bbox 243 3837 1598 3915; baseline -0.001 -18"><span class='ocrx_word' id='word_1_443' title='bbox 243 3847 352 3915; x_wconf 89' lang='lat' dir='ltr'><strong>quando</strong></span> <span class='ocrx_word' id='word_1_444' title='bbox 372 3851 466 3897; x_wconf 88' lang='lat' dir='ltr'><strong>tamen</strong></span> <span class='ocrx_word' id='word_1_445' title='bbox 486 3841 608 3894; x_wconf 89' lang='lat' dir='ltr'><strong>velocius</strong></span> <span class='ocrx_word' id='word_1_446' title='bbox 629 3843 774 3895; x_wconf 90' lang='lat' dir='ltr'><strong>redire·ad</strong></span> <span class='ocrx_word' id='word_1_447' title='bbox 796 3840 873 3895; x_wconf 86' lang='lat' dir='ltr'><strong>illam</strong></span> <span class='ocrx_word' id='word_1_448' title='bbox 893 3848 1010 3903; x_wconf 83' lang='lat' dir='ltr'><strong>metam,</strong></span> <span class='ocrx_word' id='word_1_449' title='bbox 1039 3842 1110 3893; x_wconf 90' lang='lat' dir='ltr'><strong>unde</strong></span> <span class='ocrx_word' id='word_1_450' title='bbox 1131 3839 1189 3893; x_wconf 90' lang='lat' dir='ltr'><strong>illic</strong></span> <span class='ocrx_word' id='word_1_451' title='bbox 1210 3837 1415 3908; x_wconf 75' lang='grc' dir='ltr'>ὑποιειπτικοι,</span> <span class='ocrx_word' id='word_1_452' title='bbox 1441 3840 1487 3893; x_wconf 91' lang='lat' dir='ltr'><strong>hic</strong></span> <span class='ocrx_word' id='word_1_453' title='bbox 1509 3860 1598 3915; x_wconf 81' lang='grc' dir='ltr'><strong><em>προη-</em></strong></span> 
     </span>
     <span class='ocr_line' id='line_1_44' title="bbox 242 3915 1598 3999; baseline -0.004 -19"><span class='ocrx_word' id='word_1_454' title='bbox 242 3944 379 3999; x_wconf 76' lang='grc' dir='ltr'>γουμενοι</span> <span class='ocrx_word' id='word_1_455' title='bbox 402 3922 483 3992; x_wconf 77' lang='lat' dir='ltr'><strong>dicti5</strong></span> <span class='ocrx_word' id='word_1_456' title='bbox 509 3922 548 3975; x_wconf 91' lang='lat' dir='ltr'><strong>sic</strong></span> <span class='ocrx_word' id='word_1_457' title='bbox 569 3930 601 3975; x_wconf 90' lang='lat' dir='ltr'><strong>ut</strong></span> <span class='ocrx_word' id='word_1_458' title='bbox 620 3915 812 3976; x_wconf 84' lang='lat' dir='ltr'><strong>fixae&#39;omues</strong></span> <span class='ocrx_word' id='word_1_459' title='bbox 838 3923 934 3974; x_wconf 92' lang='lat' dir='ltr'><strong>eodem</strong></span> <span class='ocrx_word' id='word_1_460' title='bbox 956 3927 1032 3975; x_wconf 89' lang='lat' dir='ltr'><strong>motu</strong></span> <span class='ocrx_word' id='word_1_461' title='bbox 1057 3920 1249 3983; x_wconf 82' lang='lat' dir='ltr'><strong>revolvantur,</strong></span> <span class='ocrx_word' id='word_1_462' title='bbox 1279 3919 1421 3992; x_wconf 87' lang='lat' dir='ltr'><strong>quaelibet</strong></span> <span class='ocrx_word' id='word_1_463' title='bbox 1441 3920 1548 3991; x_wconf 90' lang='lat' dir='ltr'><strong>quidem</strong></span> <span class='ocrx_word' id='word_1_464' title='bbox 1569 3920 1598 3975; x_wconf 87' lang='lat' dir='ltr'><strong>in</strong></span> 
     </span>
     <span class='ocr_line' id='line_1_45' title="bbox 243 4000 1596 4077; baseline -0.004 -17"><span class='ocrx_word' id='word_1_465' title='bbox 243 4023 292 4060; x_wconf 92' lang='lat' dir='ltr'><strong>suo</strong></span> <span class='ocrx_word' id='word_1_466' title='bbox 313 4005 465 4077; x_wconf 90' lang='lat' dir='ltr'><strong>parallelo,</strong></span> <span class='ocrx_word' id='word_1_467' title='bbox 488 4020 503 4054; x_wconf 92' lang='lat' dir='ltr'><strong>e</strong></span> <span class='ocrx_word' id='word_1_468' title='bbox 525 4002 646 4074; x_wconf 87' lang='lat' dir='ltr'><strong>planetis</strong></span> <span class='ocrx_word' id='word_1_469' title='bbox 668 4019 733 4055; x_wconf 88' lang='lat' dir='ltr'><strong>vcro</strong></span> <span class='ocrx_word' id='word_1_470' title='bbox 754 4003 890 4057; x_wconf 88' lang='lat' dir='ltr'><strong>Saturnus</strong></span> <span class='ocrx_word' id='word_1_471' title='bbox 918 4002 1057 4055; x_wconf 90' lang='lat' dir='ltr'><strong>minimum</strong></span> <span class='ocrx_word' id='word_1_472' title='bbox 1080 4000 1254 4071; x_wconf 89' lang='lat' dir='ltr'><strong>relinquatur</strong></span> <span class='ocrx_word' id='word_1_473' title='bbox 1274 4018 1292 4054; x_wconf 91' lang='lat' dir='ltr'><strong>a</strong></span> <span class='ocrx_word' id='word_1_474' title='bbox 1311 4001 1387 4064; x_wconf 84' lang='lat' dir='ltr'><strong>fixis,</strong></span> <span class='ocrx_word' id='word_1_475' title='bbox 1409 4000 1490 4055; x_wconf 88' lang='lat' dir='ltr'><strong>Luna</strong></span> <span class='ocrx_word' id='word_1_476' title='bbox 1510 4000 1596 4070; x_wconf 85' lang='lat' dir='ltr'><strong>pluri·</strong></span> 
     </span>
     <span class='ocr_line' id='line_1_46' title="bbox 242 4080 1596 4178; baseline -0.004 -38"><span class='ocrx_word' id='word_1_477' title='bbox 242 4103 329 4149; x_wconf 88' lang='lat' dir='ltr'><strong>mum;</strong></span> <span class='ocrx_word' id='word_1_478' title='bbox 352 4086 453 4178; x_wconf 83' lang='lat' dir='ltr'><strong>itaque,</strong></span> <span class='ocrx_word' id='word_1_479' title='bbox 475 4084 546 4153; x_wconf 90' lang='lat' dir='ltr'><strong>quod</strong></span> <span class='ocrx_word' id='word_1_480' title='bbox 567 4083 692 4137; x_wconf 87' lang='lat' dir='ltr'><strong>diurnum</strong></span> <span class='ocrx_word' id='word_1_481' title='bbox 713 4089 814 4137; x_wconf 88' lang='lat' dir='ltr'><strong>motum</strong></span> <span class='ocrx_word' id='word_1_482' title='bbox 836 4082 946 4145; x_wconf 77' lang='lat' dir='ltr'><strong>attinet„</strong></span> <span class='ocrx_word' id='word_1_483' title='bbox 966 4082 1047 4135; x_wconf 90' lang='lat' dir='ltr'><strong>Luna</strong></span> <span class='ocrx_word' id='word_1_484' title='bbox 1062 4080 1221 4135; x_wconf 87' lang='lat' dir='ltr'><strong>tardissima</strong></span> <span class='ocrx_word' id='word_1_485' title='bbox 1234 4081 1278 4144; x_wconf 89' lang='lat' dir='ltr'><strong>sit,</strong></span> <span class='ocrx_word' id='word_1_486' title='bbox 1296 4080 1431 4135; x_wconf 89' lang='lat' dir='ltr'><strong>Saturnus</strong></span> <span class='ocrx_word' id='word_1_487' title='bbox 1445 4080 1596 4135; x_wconf 86' lang='lat' dir='ltr'><strong>velocitate</strong></span> 
     </span>
     <span class='ocr_line' id='line_1_47' title="bbox 242 4161 1595 4236; baseline -0.004 -15"><span class='ocrx_word' id='word_1_488' title='bbox 242 4167 305 4221; x_wconf 81' lang='lat' dir='ltr'><strong>lixis</strong></span> <span class='ocrx_word' id='word_1_489' title='bbox 327 4166 453 4236; x_wconf 85' lang='lat' dir='ltr'><strong>proxime</strong></span> <span class='ocrx_word' id='word_1_490' title='bbox 475 4179 535 4232; x_wconf 88' lang='lat' dir='ltr'><strong>par.</strong></span> <span class='ocrx_word' id='word_1_491' title='bbox 577 4164 607 4217; x_wconf 94' lang='lat' dir='ltr'><strong>ln</strong></span> <span class='ocrx_word' id='word_1_492' title='bbox 628 4164 682 4217; x_wconf 87' lang='lat' dir='ltr'><strong>hac</strong></span> <span class='ocrx_word' id='word_1_493' title='bbox 703 4162 800 4217; x_wconf 90' lang='lat' dir='ltr'><strong>diurna</strong></span> <span class='ocrx_word' id='word_1_494' title='bbox 820 4162 992 4216; x_wconf 86' lang='lat' dir='ltr'><strong>revolutione</strong></span> <span class='ocrx_word' id='word_1_495' title='bbox 1014 4179 1068 4216; x_wconf 90' lang='lat' dir='ltr'><strong>non</strong></span> <span class='ocrx_word' id='word_1_496' title='bbox 1089 4169 1197 4216; x_wconf 86' lang='lat' dir='ltr'><strong>tanturn</strong></span> <span class='ocrx_word' id='word_1_497' title='bbox 1218 4162 1335 4232; x_wconf 84' lang='lat' dir='ltr'><strong>planeta</strong></span> <span class='ocrx_word' id='word_1_498' title='bbox 1356 4161 1473 4233; x_wconf 87' lang='lat' dir='ltr'><strong>quilibet</strong></span> <span class='ocrx_word' id='word_1_499' title='bbox 1493 4179 1511 4217; x_wconf 89' lang='lat' dir='ltr'><strong>a</strong></span> <span class='ocrx_word' id='word_1_500' title='bbox 1531 4161 1595 4215; x_wconf 90' lang='lat' dir='ltr'><strong>reli·</strong></span> 
     </span>
     <span class='ocr_line' id='line_1_48' title="bbox 242 4243 1594 4319; baseline -0.003 -18"><span class='ocrx_word' id='word_1_501' title='bbox 242 4248 302 4319; x_wconf 90' lang='lat' dir='ltr'><strong>quis</strong></span> <span class='ocrx_word' id='word_1_502' title='bbox 317 4247 439 4301; x_wconf 87' lang='lat' dir='ltr'><strong>omnibus</strong></span> <span class='ocrx_word' id='word_1_503' title='bbox 455 4252 484 4298; x_wconf 92' lang='lat' dir='ltr'><strong>et</strong></span> <span class='ocrx_word' id='word_1_504' title='bbox 498 4261 517 4296; x_wconf 88' lang='lat' dir='ltr'><strong>a</strong></span> <span class='ocrx_word' id='word_1_505' title='bbox 530 4244 592 4297; x_wconf 84' lang='lat' dir='ltr'><strong>lixis</strong></span> <span class='ocrx_word' id='word_1_506' title='bbox 607 4244 705 4309; x_wconf 81' lang='lat' dir='ltr'><strong>differt,</strong></span> <span class='ocrx_word' id='word_1_507' title='bbox 728 4243 797 4296; x_wconf 92' lang='lat' dir='ltr'><strong>sed</strong></span> <span class='ocrx_word' id='word_1_508' title='bbox 791 4261 849 4312; x_wconf 81' lang='lat' dir='ltr'><strong>ipse</strong></span> <span class='ocrx_word' id='word_1_509' title='bbox 865 4260 972 4313; x_wconf 91' lang='lat' dir='ltr'><strong>quoque</strong></span> <span class='ocrx_word' id='word_1_510' title='bbox 986 4244 1092 4297; x_wconf 87' lang='lat' dir='ltr'><strong>nullam</strong></span> <span class='ocrx_word' id='word_1_511' title='bbox 1106 4258 1225 4314; x_wconf 92' lang='lat' dir='ltr'><strong>unquam</strong></span> <span class='ocrx_word' id='word_1_512' title='bbox 1246 4243 1443 4296; x_wconf 88' lang='lat' dir='ltr'><strong>revolutionem</strong></span> <span class='ocrx_word' id='word_1_513' title='bbox 1457 4249 1594 4314; x_wconf 85' lang='lat' dir='ltr'><strong>praestat.</strong></span> 
     </span>
     <span class='ocr_line' id='line_1_49' title="bbox 242 4315 1596 4399; baseline -0.003 -17"><span class='ocrx_word' id='word_1_514' title='bbox 242 4345 314 4399; x_wconf 87' lang='lat' dir='ltr'><strong>qnae</strong></span> <span class='ocrx_word' id='word_1_515' title='bbox 332 4326 492 4396; x_wconf 88' lang='lat' dir='ltr'><strong>cuicunque</strong></span> <span class='ocrx_word' id='word_1_516' title='bbox 522 4324 606 4394; x_wconf 91' lang='lat' dir='ltr'><strong>priori</strong></span> <span class='ocrx_word' id='word_1_517' title='bbox 629 4341 647 4378; x_wconf 90' lang='lat' dir='ltr'><strong>a</strong></span> <span class='ocrx_word' id='word_1_518' title='bbox 672 4342 702 4378; x_wconf 86' lang='lat' dir='ltr'><strong>se</strong></span> <span class='ocrx_word' id='word_1_519' title='bbox 729 4324 822 4378; x_wconf 86' lang='lat' dir='ltr'><strong>factae</strong></span> <span class='ocrx_word' id='word_1_520' title='bbox 849 4339 900 4394; x_wconf 89' lang='lat' dir='ltr'><strong>per</strong></span> <span class='ocrx_word' id='word_1_521' title='bbox 929 4323 1019 4377; x_wconf 88' lang='lat' dir='ltr'><strong>omnia</strong></span> <span class='ocrx_word' id='word_1_522' title='bbox 1047 4329 1202 4394; x_wconf 86' lang='lat' dir='ltr'><strong>congruat:</strong></span> <span class='ocrx_word' id='word_1_523' title='bbox 1225 4315 1284 4376; x_wconf 89' lang='lat' dir='ltr'><strong>aut</strong></span> <span class='ocrx_word' id='word_1_524' title='bbox 1311 4322 1383 4377; x_wconf 90' lang='lat' dir='ltr'><strong>enim</strong></span> <span class='ocrx_word' id='word_1_525' title='bbox 1407 4323 1518 4394; x_wconf 91' lang='lat' dir='ltr'><strong>longior</strong></span> <span class='ocrx_word' id='word_1_526' title='bbox 1546 4331 1596 4378; x_wconf 90' lang='lat' dir='ltr'><strong>aut</strong></span> 
     </span>
     <span class='ocr_line' id='line_1_50' title="bbox 242 4403 1161 4473; baseline -0.007 -10"><span class='ocrx_word' id='word_1_527' title='bbox 242 4407 360 4472; x_wconf 79' lang='lat' dir='ltr'><strong>brevior,</strong></span> <span class='ocrx_word' id='word_1_528' title='bbox 385 4406 483 4462; x_wconf 90' lang='lat' dir='ltr'><strong>autin</strong></span> <span class='ocrx_word' id='word_1_529' title='bbox 504 4404 596 4458; x_wconf 91' lang='lat' dir='ltr'><strong>altiori</strong></span> <span class='ocrx_word' id='word_1_530' title='bbox 619 4404 717 4460; x_wconf 91' lang='lat' dir='ltr'><strong>autin</strong></span> <span class='ocrx_word' id='word_1_531' title='bbox 739 4403 883 4458; x_wconf 87' lang='lat' dir='ltr'><strong>humiliori</strong></span> <span class='ocrx_word' id='word_1_532' title='bbox 897 4403 1034 4473; x_wconf 84' lang='lat' dir='ltr'><strong>parallelo</strong></span> <span class='ocrx_word' id='word_1_533' title='bbox 1056 4403 1161 4473; x_wconf 88' lang='lat' dir='ltr'><strong>spirali</strong></span> 
     </span>
     <span class='ocr_line' id='line_1_51' title="bbox 322 4481 1593 4556; baseline -0.002 -14"><span class='ocrx_word' id='word_1_534' title='bbox 322 4489 487 4543; x_wconf 86' lang='lat' dir='ltr'><strong>Indicarunt</strong></span> <span class='ocrx_word' id='word_1_535' title='bbox 500 4486 587 4556; x_wconf 90' lang='lat' dir='ltr'><strong>igitur</strong></span> <span class='ocrx_word' id='word_1_536' title='bbox 608 4485 766 4547; x_wconf 80' lang='lat' dir='ltr'><strong>astronomi,</strong></span> <span class='ocrx_word' id='word_1_537' title='bbox 788 4485 860 4538; x_wconf 94' lang='lat' dir='ltr'><strong>hunc</strong></span> <span class='ocrx_word' id='word_1_538' title='bbox 874 4485 998 4537; x_wconf 89' lang='lat' dir='ltr'><strong>diurnum</strong></span> <span class='ocrx_word' id='word_1_539' title='bbox 1019 4481 1150 4554; x_wconf 85' lang='lat' dir='ltr'><strong>planetae</strong></span> <span class='ocrx_word' id='word_1_540' title='bbox 1165 4501 1208 4537; x_wconf 91' lang='lat' dir='ltr'><strong>rno</strong></span> <span class='ocrx_word' id='word_1_541' title='bbox 1210 4488 1266 4537; x_wconf 80' lang='lat' dir='ltr'><strong>tuni</strong></span> <span class='ocrx_word' id='word_1_542' title='bbox 1289 4484 1412 4553; x_wconf 91' lang='lat' dir='ltr'><strong>componi</strong></span> <span class='ocrx_word' id='word_1_543' title='bbox 1428 4502 1465 4539; x_wconf 81' lang='lat' dir='ltr'><strong>ex</strong></span> <span class='ocrx_word' id='word_1_544' title='bbox 1479 4486 1593 4549; x_wconf 92' lang='lat' dir='ltr'><strong>duobus,</strong></span> 
     </span>
     <span class='ocr_line' id='line_1_52' title="bbox 242 4564 1593 4643; baseline -0.004 -18"><span class='ocrx_word' id='word_1_545' title='bbox 242 4587 355 4643; x_wconf 90' lang='lat' dir='ltr'><strong>quorum</strong></span> <span class='ocrx_word' id='word_1_546' title='bbox 376 4571 450 4623; x_wconf 89' lang='lat' dir='ltr'><strong>alter</strong></span> <span class='ocrx_word' id='word_1_547' title='bbox 470 4567 508 4620; x_wconf 89' lang='lat' dir='ltr'><strong>sit</strong></span> <span class='ocrx_word' id='word_1_548' title='bbox 528 4566 554 4619; x_wconf 92' lang='lat' dir='ltr'><strong>oi</strong></span> <span class='ocrx_word' id='word_1_549' title='bbox 575 4568 721 4621; x_wconf 89' lang='lat' dir='ltr'><strong>communis</strong></span> <span class='ocrx_word' id='word_1_550' title='bbox 743 4582 802 4619; x_wconf 90' lang='lat' dir='ltr'><strong>curu</strong></span> <span class='ocrx_word' id='word_1_551' title='bbox 826 4565 898 4627; x_wconf 82' lang='lat' dir='ltr'><strong>fixis,</strong></span> <span class='ocrx_word' id='word_1_552' title='bbox 921 4567 994 4618; x_wconf 88' lang='lat' dir='ltr'><strong>alter</strong></span> <span class='ocrx_word' id='word_1_553' title='bbox 1014 4564 1074 4631; x_wconf 75' lang='lat' dir='ltr'><strong>eius</strong></span> <span class='ocrx_word' id='word_1_554' title='bbox 1095 4564 1232 4634; x_wconf 86' lang='lat' dir='ltr'><strong>proprius.</strong></span> <span class='ocrx_word' id='word_1_555' title='bbox 1267 4565 1326 4626; x_wconf 88' lang='lat' dir='ltr'><strong>Quo</strong></span> <span class='ocrx_word' id='word_1_556' title='bbox 1348 4566 1422 4618; x_wconf 84' lang='lat' dir='ltr'><strong>lacto</strong></span> <span class='ocrx_word' id='word_1_557' title='bbox 1444 4566 1593 4621; x_wconf 90' lang='lat' dir='ltr'><strong>astronomi</strong></span> 
     </span>
     <span class='ocr_line' id='line_1_53' title="bbox 242 4644 1594 4719; baseline -0.004 -13"><span class='ocrx_word' id='word_1_558' title='bbox 242 4653 415 4713; x_wconf 85' lang='lat' dir='ltr'><strong>invenerunt,</strong></span> <span class='ocrx_word' id='word_1_559' title='bbox 438 4648 549 4719; x_wconf 89' lang='lat' dir='ltr'><strong>quinam</strong></span> <span class='ocrx_word' id='word_1_560' title='bbox 569 4654 644 4700; x_wconf 88' lang='lat' dir='ltr'><strong>esset</strong></span> <span class='ocrx_word' id='word_1_561' title='bbox 665 4648 797 4716; x_wconf 88' lang='lat' dir='ltr'><strong>planetae</strong></span> <span class='ocrx_word' id='word_1_562' title='bbox 818 4653 908 4699; x_wconf 85' lang='lat' dir='ltr'><strong>motus</strong></span> <span class='ocrx_word' id='word_1_563' title='bbox 930 4644 1084 4715; x_wconf 88' lang='lat' dir='ltr'><strong>aequabilis</strong></span> <span class='ocrx_word' id='word_1_564' title='bbox 1105 4653 1135 4698; x_wconf 91' lang='lat' dir='ltr'><strong>ct</strong></span> <span class='ocrx_word' id='word_1_565' title='bbox 1148 4661 1199 4714; x_wconf 88' lang='lat' dir='ltr'><strong>per</strong></span> <span class='ocrx_word' id='word_1_566' title='bbox 1219 4662 1311 4698; x_wconf 87' lang='lat' dir='ltr'><strong>omnes</strong></span> <span class='ocrx_word' id='word_1_567' title='bbox 1333 4646 1519 4700; x_wconf 90' lang='lat' dir='ltr'><strong>revolutiones</strong></span> <span class='ocrx_word' id='word_1_568' title='bbox 1541 4646 1594 4700; x_wconf 92' lang='lat' dir='ltr'><strong>sibi</strong></span> 
     </span>
     <span class='ocr_line' id='line_1_54' title="bbox 243 4726 1594 4797; baseline -0.004 -11"><span class='ocrx_word' id='word_1_569' title='bbox 243 4733 347 4788; x_wconf 88' lang='lat' dir='ltr'><strong>slmilis.</strong></span> <span class='ocrx_word' id='word_1_570' title='bbox 389 4729 449 4785; x_wconf 90' lang='lat' dir='ltr'><strong>Nisi</strong></span> <span class='ocrx_word' id='word_1_571' title='bbox 476 4745 567 4784; x_wconf 89' lang='lat' dir='ltr'><strong>rerum</strong></span> <span class='ocrx_word' id='word_1_572' title='bbox 592 4735 695 4781; x_wconf 89' lang='lat' dir='ltr'><strong>natura</strong></span> <span class='ocrx_word' id='word_1_573' title='bbox 724 4728 823 4780; x_wconf 74' lang='lat' dir='ltr'><strong>suaset</strong></span> <span class='ocrx_word' id='word_1_574' title='bbox 850 4743 948 4795; x_wconf 83' lang='lat' dir='ltr'><strong>passa,</strong></span> <span class='ocrx_word' id='word_1_575' title='bbox 979 4741 1115 4797; x_wconf 89' lang='lat' dir='ltr'><strong>nunquam</strong></span> <span class='ocrx_word' id='word_1_576' title='bbox 1146 4726 1232 4780; x_wconf 88' lang='lat' dir='ltr'><strong>talem</strong></span> <span class='ocrx_word' id='word_1_577' title='bbox 1263 4726 1438 4797; x_wconf 89' lang='lat' dir='ltr'><strong>aequabilem</strong></span> <span class='ocrx_word' id='word_1_578' title='bbox 1458 4727 1486 4780; x_wconf 92' lang='lat' dir='ltr'><strong>in</strong></span> <span class='ocrx_word' id='word_1_579' title='bbox 1511 4733 1594 4782; x_wconf 87' lang='lat' dir='ltr'><strong>tanta</strong></span> 
     </span>
     <span class='ocr_line' id='line_1_55' title="bbox 241 4805 1593 4883; baseline -0.002 -18"><span class='ocrx_word' id='word_1_580' title='bbox 241 4812 452 4883; x_wconf 90' lang='lat' dir='ltr'><strong>perturbatione</strong></span> <span class='ocrx_word' id='word_1_581' title='bbox 481 4809 637 4879; x_wconf 87' lang='lat' dir='ltr'><strong>potuissent</strong></span> <span class='ocrx_word' id='word_1_582' title='bbox 674 4807 806 4861; x_wconf 90' lang='lat' dir='ltr'><strong>invenire.</strong></span> <span class='ocrx_word' id='word_1_583' title='bbox 864 4808 901 4860; x_wconf 90' lang='lat' dir='ltr'><strong>Et</strong></span> <span class='ocrx_word' id='word_1_584' title='bbox 935 4806 987 4860; x_wconf 90' lang='lat' dir='ltr'><strong>nisi</strong></span> <span class='ocrx_word' id='word_1_585' title='bbox 1026 4805 1207 4869; x_wconf 87' lang='lat' dir='ltr'><strong>invenissent,</strong></span> <span class='ocrx_word' id='word_1_586' title='bbox 1242 4822 1380 4878; x_wconf 90' lang='lat' dir='ltr'><strong>nunquam</strong></span> <span class='ocrx_word' id='word_1_587' title='bbox 1410 4815 1593 4877; x_wconf 87' lang='lat' dir='ltr'><strong>apparentem</strong></span> 
     </span>
     <span class='ocr_line' id='line_1_56' title="bbox 242 4885 1592 4964; baseline -0.003 -17"><span class='ocrx_word' id='word_1_588' title='bbox 242 4894 374 4964; x_wconf 83' lang='lat' dir='ltr'><strong>planctae</strong></span> <span class='ocrx_word' id='word_1_589' title='bbox 395 4893 484 4946; x_wconf 93' lang='lat' dir='ltr'><strong>locum</strong></span> <span class='ocrx_word' id='word_1_590' title='bbox 504 4889 661 4961; x_wconf 87' lang='lat' dir='ltr'><strong>potuissent</strong></span> <span class='ocrx_word' id='word_1_591' title='bbox 685 4887 803 4942; x_wconf 87' lang='lat' dir='ltr'><strong>numeris</strong></span> <span class='ocrx_word' id='word_1_592' title='bbox 831 4886 960 4957; x_wconf 89' lang='lat' dir='ltr'><strong>consequi</strong></span> <span class='ocrx_word' id='word_1_593' title='bbox 980 4893 1011 4940; x_wconf 89' lang='lat' dir='ltr'><strong>et</strong></span> <span class='ocrx_word' id='word_1_594' title='bbox 1029 4887 1188 4957; x_wconf 88' lang='lat' dir='ltr'><strong>praedicere</strong></span> <span class='ocrx_word' id='word_1_595' title='bbox 1209 4885 1237 4940; x_wconf 91' lang='lat' dir='ltr'><strong>in</strong></span> <span class='ocrx_word' id='word_1_596' title='bbox 1259 4888 1381 4942; x_wconf 77' lang='lat' dir='ltr'><strong>futurum</strong></span> <span class='ocrx_word' id='word_1_597' title='bbox 1402 4896 1518 4959; x_wconf 88' lang='lat' dir='ltr'><strong>tempus,</strong></span> <span class='ocrx_word' id='word_1_598' title='bbox 1542 4894 1592 4943; x_wconf 87' lang='lat' dir='ltr'><strong>aut</strong></span> 
     </span>
     <span class='ocr_line' id='line_1_57' title="bbox 241 4966 1307 5043; baseline -0.007 -14"><span class='ocrx_word' id='word_1_599' title='bbox 241 4974 424 5043; x_wconf 87' lang='lat' dir='ltr'><strong>praeteritum</strong></span> <span class='ocrx_word' id='word_1_600' title='bbox 444 4970 598 5041; x_wconf 83' lang='lat' dir='ltr'><strong>exprimere</strong></span> <span class='ocrx_word' id='word_1_601' title='bbox 619 4972 654 5023; x_wconf 85' lang='lat' dir='ltr'><strong>ad</strong></span> <span class='ocrx_word' id='word_1_602' title='bbox 676 4968 897 5023; x_wconf 87' lang='lat' dir='ltr'><strong>observationum</strong></span> <span class='ocrx_word' id='word_1_603' title='bbox 918 4968 1077 5022; x_wconf 84' lang='lat' dir='ltr'><strong>habitarum</strong></span> <span class='ocrx_word' id='word_1_604' title='bbox 1096 4966 1307 5038; x_wconf 87' lang='lat' dir='ltr'><strong>praescriptum.</strong></span> 
     </span>
     <span class='ocr_line' id='line_1_58' title="bbox 330 5048 1590 5123; baseline -0.005 -13"><span class='ocrx_word' id='word_1_605' title='bbox 330 5056 415 5111; x_wconf 85' lang='lat' dir='ltr'><strong>Porro</strong></span> <span class='ocrx_word' id='word_1_606' title='bbox 436 5052 465 5107; x_wconf 91' lang='lat' dir='ltr'><strong>iu</strong></span> <span class='ocrx_word' id='word_1_607' title='bbox 485 5053 572 5117; x_wconf 88' lang='lat' dir='ltr'><strong>modo,</strong></span> <span class='ocrx_word' id='word_1_608' title='bbox 599 5066 661 5123; x_wconf 84' lang='lat' dir='ltr'><strong>quo</strong></span> <span class='ocrx_word' id='word_1_609' title='bbox 673 5067 711 5105; x_wconf 85' lang='lat' dir='ltr'><strong>ex</strong></span> <span class='ocrx_word' id='word_1_610' title='bbox 731 5050 836 5103; x_wconf 91' lang='lat' dir='ltr'><strong>duobus</strong></span> <span class='ocrx_word' id='word_1_611' title='bbox 862 5055 1071 5119; x_wconf 87' lang='lat' dir='ltr'><strong>componeretur</strong></span> <span class='ocrx_word' id='word_1_612' title='bbox 1091 5048 1209 5104; x_wconf 89' lang='lat' dir='ltr'><strong>motibus</strong></span> <span class='ocrx_word' id='word_1_613' title='bbox 1234 5064 1291 5103; x_wconf 91' lang='lat' dir='ltr'><strong>una</strong></span> <span class='ocrx_word' id='word_1_614' title='bbox 1315 5049 1429 5104; x_wconf 89' lang='lat' dir='ltr'><strong>diurnae</strong></span> <span class='ocrx_word' id='word_1_615' title='bbox 1457 5049 1590 5119; x_wconf 87' lang='lat' dir='ltr'><strong>planctae</strong></span> 
     </span>
    </p>
   </div>
   <div class='ocr_carea' id='block_1_7' title="bbox 0 0 1850 5842">
    <p class='ocr_par' dir='ltr' id='par_1_12' title="bbox 0 0 1850 5842">
     <span class='ocr_line' id='line_1_59' title="bbox 0 0 1850 5842; baseline 0 5"><span class='ocrx_word' id='word_1_616' title='bbox 0 0 1850 5842; x_wconf 95' lang='lat' dir='ltr'><strong> </strong></span> 
     </span>
    </p>
   </div>
  </div>
 </body>
</html>
