3692 5842
717 498 748 548 de
765 499 837 550 rebus
857 488 960 561 Optlcls.
1478 487 1517 565 8'1

253 671 413 738 (hscripti02
441 675 505 724 Deru
526 675 612 730 Edleu.
641 682 726 725 reaten
753 676 803 725 und
833 675 1032 740 liochgelehrteu
1059 675 1138 724 Herrn
1165 677 1234 725 Hans
1261 675 1342 741 Gecrg
1361 677 1522 726 lleerwarten

162 760 210 794 ron
230 745 390 810 Hohenbnrg.
409 746 453 796 der
470 745 584 796 Rechten
604 746 646 802 D..
665 747 743 795 iinstl.
764 746 802 795 lli.
822 749 847 795 in
867 747 942 796 Bairn
962 746 1188 803 (leheman-Rath,
1208 749 1276 796 einer
1292 748 1346 797 llrs.
1360 747 1527 804 Landschaill¹

162 818 188 865 in
207 816 286 866 Bairn
306 815 437 872 Canalem,
457 817 506 866 und
526 817 638 882 Pflepem
659 817 714 866 auii
729 817 873 868 Schwaben.
896 819 1000 866 meinem
1021 817 1229 883 Grossgiinstigeu
1248 818 1337 867 Herm.

1321 887 1469 950 Miinchen.)

253 958 295 1008 De
313 957 442 1025 hia-qaae
461 959 584 1022 Keplerns
612 959 697 1007 ultimo
717 959 770 1007 loco
789 960 820 1009 de
841 967 910 1015 ,arte
929 975 975 1008 sua
1003 959 1213 1024 aquaeductoria⁸¹
1241 961 1332 1016 scribit,
1360 961 1406 1009 hoc
1425 945 1523 1009 tantum

163 1039 290 1086 ammas.
309 1029 444 1093 septenum
462 1030 493 1079 de
512 1029 560 1078 han
578 1045 624 1079 aaa
641 1032 782 1079 inventione
801 1031 909 1094 pluribus
929 1033 1010 1094 egisse
1029 1046 1083 1080 cum
1104 1031 1242 1084 lierwarto.
1261 1031 1379 1092 Welsero,
1398 1030 1523 1080 Districh·

164 1102 245 1152 stanin
264 1101 384 1166 aliisque,
403 1101 436 1150 ad
455 1101 481 1150 id
499 1103 634 1161 intentum,
662 1109 689 1149 ut
708 1103 826 1163 majorem
845 1102 952 1164 aliquam
971 1102 1112 1152 nmchinam
1143 1104 1211 1149 iroris
1229 1104 1338 1152 innixam
1357 1102 1524 1151 fundamentis

164 1172 357 1222 commendans
385 1179 490 1228 curaret.
519 1186 569 1220 ram
597 1187 668 1231 vero,
698 1172 861 1235 ineptitudine
889 1176 1022 1222 coercitum
1050 1173 1187 1221 mechanici
1216 1174 1344 1235 cujusdam
1374 1174 1522 1238 Augustani.

164 1243 336 1308 imperfectam
355 1243 488 1307 reliquisse.
526 1242 598 1302 Quae
616 1243 648 1293 de
666 1242 703 1290 his
723 1250 809 1291 extant
827 1244 912 1291 literae
933 1244 1042 1307 chleri,
1064 1259 1107 1291 suo
1126 1243 1180 1292 loco
1199 1251 1339 1306 sequentur.

257 1314 305 1364 llic
324 1313 367 1363 at.
386 1314 445 1364 lan.
467 1311 534 1361 tuot
552 1314 617 1363 heac
635 1316 732 1377 scripsit
751 1314 909 1363 llerwartus:
940 1315 1114 1367 Ehremester.
1141 1314 1224 1362 lioclr-
1250 1315 1301 1363 und
1320 1314 1524 1379 Wohlgelelnter,

163 1387 267 1436 sondera
294 1385 371 1434 lieber
389 1384 453 1434 llerr
480 1385 531 1434 und
549 1384 656 1434 Freund.
694 1388 745 1433 Aua
773 1385 861 1434 dessen
889 1385 1023 1434 Schreiben
1051 1385 1100 1434 hab
1121 1385 1162 1434 lch
1189 1384 1280 1434 Seinen
1300 1385 1446 1434 Wohlstaud
1474 1386 1524 1434 und

164 1456 324 1508 :madicho
343 1455 482 1505 thliahrt
499 1457 544 1504 mit
571 1455 676 1505 sondarn
703 1457 814 1507 Frenden
838 1457 887 1506 und
919 1457 1032 1506 deneben
1061 1457 1125 1505 auch
1153 1457 1250 1506 rorders
1268 1454 1330 1520 garn
1357 1472 1523 1512 reruonunem

164 1543 216 1579 vas
235 1527 270 1578 Er
287 1527 328 1576 tur
346 1541 421 1591 opera
439 1527 471 1575 ad
490 1527 676 1590 imprimendum
696 1528 854 1592 iibergebem
878 1528 929 1578 und
948 1528 1002 1576 thut
1022 1528 1065 1577 der
1084 1527 1146 1576 Hert
1165 1527 1242 1584 recht,
1262 1529 1320 1578 dass
1339 1528 1371 1576 Er
1390 1528 1455 1577 nach
1473 1527 1525 1596 unil

165 1599 231 1649 nach
250 1600 320 1649 scine
339 1598 492 1647 inventiones
510 1597 561 1646 und
584 1598 667 1647 studia
686 1612 731 1647 ans
749 1598 893 1662 Tagesticm
917 1599 1041 1663 gelangeu
1061 1599 1145 1647 lasset.
1184 1597 1258 1648 lleun
1278 1599 1387 1648 dadurch
1406 1599 1472 1647 lanu
1493 1597 1525 1646 Er

161 1671 259 1734 indicia
276 1670 457 1725 horninurn,'so
476 1668 583 1718 darilber
601 1669 720 1734 eriolgem
740 1671 807 1717 rivus
827 1678 851 1718 et
870 1671 955 1719 valens
974 1670 1130 1718 inuenerden
1151 1670 1202 1718 und
1221 1671 1352 1720 beniltaen.

255 1741 343 1792 ltamit
360 1753 411 1789 was
430 1739 486 1789 dem
504 1739 584 1788 llerrn
604 1740 651 1789 lieb
670 1741 721 1790 und
740 1741 887 1805 augenelmr.
928 1741 1020 1791 Datum
1039 1740 1166 1789 llilnchen
1186 1739 1230 1791 dic.

380 1810 433 1860 Des
452 1810 531 1860 Herm
553 1810 743 1874 Dienstrrilliger

924 1883 995 1932 Hans
1014 1884 1097 1948 Gedrg
1115 1882 1229 1932 Herwart
1246 1899 1293 1932 ron
1312 1883 1471 1947 Hoheuburg.

256 1970 322 2019 llein
341 1970 364 2019 d.
385 1967 410 2017 a.
429 1967 491 2019 Nor.
513 1967 598 2018 1604:
628 1970 692 2019 Euer
711 1971 845 2020 Sclrreiben
875 1988 929 2020 rom
954 1970 995 2020 20.
1017 1971 1072 2021 Oct.
1101 1973 1149 2020 hab
1177 1972 1216 2020 ich
1245 1972 1366 2021 erbalten.
1404 1972 1532 2035 Daneben-

165 2041 226 2092 thne
245 2041 286 2091 ich
304 2041 370 2091 mich
390 2040 433 2090 der
451 2041 657 2091 communication
678 2057 763 2106 regen
783 2043 826 2090 des
850 2058 931 2092 neuen
955 2043 1040 2091 sideris
1066 2043 1203 2091 bednnlren.
1243 2043 1275 2091 So
1294 2043 1339 2092 das
1358 2042 1428 2091 Buch
1448 2044 1524 2090 anbe-

167 2115 249 2177 langa
268 2127 296 2161 so
316 2113 349 2161 Er
368 2112 494 2176 ansgehen
522 2112 612 2168 lasseu.
642 2112 685 2160 soll
705 2127 731 2160 er
748 2115 794 2161 mir
821 2115 937 2177 glauben,
967 2114 1023 2162 dass
1043 2113 1084 2163 lch
1104 2114 1156 2162 lruc
1175 2115 1200 2161 in
1220 2113 1311 2162 diesem
1330 2115 1380 2163 und
1409 2112 1530 2161 auderem

166 2185 235 2234 nach
254 2185 361 2234 meinent
380 2185 498 2248 peringen
516 2182 659 2247 l'armbgen
679 2183 769 2233 Dienst
787 2199 818 2232 zu
842 2187 958 2234 erneiseu
985 2185 1059 2249 willig
1077 2186 1127 2234 und
1149 2187 1251 2248 geneigt
1275 2185 1404 2234 rerbleibe.
1442 2183 1476 2231 lis
1494 2186 1526 2232 ist

169 2256 230 2306 aber
250 2254 342 2304 eiurnal
362 2268 394 2303 an
415 2255 479 2310 dem,
499 2254 557 2302 dass
576 2256 612 2302 uit
630 2254 704 2303 allein
724 2270 796 2304 unser
823 2256 968 2320 gntdigster
986 2256 1059 2304 Fiirst
1077 2256 1127 2305 und
1146 2256 1217 2311 Hera.
1246 2255 1352 2308 sondern
1376 2254 1440 2305 auch
1458 2264 1527 2304 sonat

166 2326 288 2377 niemand
307 2326 388 2374 dieser
407 2324 492 2380 ortes,
513 2325 556 2373 der
574 2325 626 2373 sicli
645 2327 690 2373 mit
714 2326 870 2390 dergieichen
889 2327 976 2376 studiis
1002 2327 1153 2376 delectierte.
1192 2326 1224 2375 So
1243 2327 1314 2376 lauit
1332 2342 1389 2376 man
1408 2327 1452 2375 der
1470 2325 1528 2384 Zeit

164 2397 216 2446 und
235 2396 314 2447 achon
333 2412 380 2444 ron
408 2396 486 2445 rielen
506 2395 599 2444 Jalrren
624 2397 667 2444 her
695 2396 774 2446 nicbts
803 2399 827 2445 in
853 2397 891 2447 die
920 2397 1045 2447 sdrstliche
1065 2398 1211 2447 Bibliotlmls.
1250 2399 1323 2446 Trotz
1347 2398 1403 2446 dem
1428 2397 1526 2446 michte

164 2469 209 2516 der
226 2468 292 2517 llerr
310 2469 351 2516 ein
380 2468 439 2516 oder
464 2468 524 2515 arrei
543 2467 689 2530 llxemplare
713 2468 767 2516 dem
788 2468 1015 2533 llmchlauchtigeu
1035 2469 1134 2533 Herzog
1153 2469 1307 2518 llaximilian
1327 2471 1351 2518 iu
1370 2470 1454 2531 Baym
1474 2470 1525 2517 eiu·

164 2539 314 2589 schliessen.
353 2538 397 2587 leh
415 2538 463 2586 will
483 2540 552 2587 asin
573 2538 682 2602 Alles·eg
701 2539 764 2586 sellis
785 2541 952 2601 praesentiren
972 2541 1021 2589 und
1041 2540 1088 2588 deu
1110 2539 1211 2605 Veriulg
1229 2540 1364 2589 berichten.
1438 2567 1440 2572 ·

256 2609 320 2660 Dens
341 2609 420 2659 Herrn
439 2609 594 2658 Erahischoss'
617 2626 663 2657 run
692 2610 825 2675 Salzburg.
856 2613 901 2660 wie
930 2612 985 2660 dein
1013 2611 1092 2660 Herrn
1121 2611 1182 2659 Phil.
1202 2612 1248 2660 Ed.
1269 2612 1380 2675 l'ugger.
1408 2619 1534 2676 tanquam,

165 2681 309 2732 matheseos
328 2681 421 2743 peritis,
441 2680 511 2728 sollte
525 2680 568 2729 der
580 2679 644 2729 Herr
661 2681 726 2729 auch
746 2682 896 2744 exemplaria
912 2683 958 2731 mit
970 2681 1053 2730 llissiv
1072 2682 1131 2731 oder
1144 2681 1340 2731 Seudsclrreibcn
1362 2682 1527 2731 verschlossen

165 2751 361 2808 iiberschicken,
381 2752 430 2801 nud
449 2750 501 2800 sich
529 2765 609 2815 gegen
630 2751 689 2800 luen
719 2753 812 2814 optima
838 2754 916 2802 sonna
935 2769 966 2801 zu
993 2754 1102 2802 erbieteu
1127 2753 1177 2801 und
1205 2754 1339 2816 respective
1358 2768 1389 2801 zu
1414 2752 1526 2801 offeriren

164 2824 215 2873 und
234 2822 365 2873 berchlen.
404 2822 446 2871 leh
465 2822 513 2870 will
531 2825 570 2871 hir
587 2824 653 2871 moin
673 2822 743 2871 'lheil
770 2825 837 2872 eines
858 2824 1000 2887 Exemplars
1019 2825 1064 2872 mit
1083 2823 1225 2888 Verlangen
1245 2831 1380 2879 swarten.
1399 2825 1451 2873 und
1468 2822 1528 2871 wird

164 2897 212 2944 mir
231 2894 348 2944 dasselbe
365 2894 430 2944 noch
447 2894 517 2943 mehr
536 2893 678 2957 l'erlangen
698 2893 731 2944 ad
749 2894 870 2943 theoriam
888 2895 976 2944 blattis
995 2895 1131 2944 crweclsen.

257 2966 331 3015 Bleib
349 2964 386 3014 lm
414 2964 570 3029 angcnelrme
590 2965 679 3013 ilienst
698 2979 727 3013 au
756 2967 873 3015 crweisen
899 2967 970 3028 jeder
994 2967 1051 3016 Zeit
1078 2966 1152 3031 willig
1180 2966 1230 3015 und
1257 2968 1366 3030 geneigt.
1405 2966 1460 3014 Will
1488 2964 1528 3016 dis

164 3036 332 3102 Gelegenheit
350 3037 396 3084 mir
413 3037 515 3090 cuchen.
535 3036 588 3086 weil
608 3035 647 3084 ich
667 3052 693 3084 so
712 3035 771 3100 lang
790 3037 1026 3103 stillgeschwiegen,
1045 3039 1090 3086 mit
1115 3038 1213 3087 elrester
1238 3036 1401 3088 schristiicher
1421 3036 1528 3087 Conrer-

163 3110 249 3158 radon
269 3106 422 3174 sclch,rnein
441 3106 637 3171 Stillschrreigen
658 3123 687 3155 zu
707 3117 827 3157 ersetaen.

257 3178 354 3228 Datum
372 3178 500 3227 munchen
520 3179 543 3228 d.
564 3175 588 3225 9,
608 3178 670 3226 Nor.
692 3174 769 3226 1804.

257 3250 405 3300 Absolutum
424 3265 485 3314 opus
504 3251 570 3299 misit
589 3249 755 3313 Keplerus
773 3249 902 3299 Herwurto
920 3250 958 3299 his
977 3251 1068 3300 additis
1086 3251 1179 3299 literis:

260 3426 422 3506 Magnifice
455 3435 486 3488 et
517 3426 712 3489 Nobilissime
746 3428 811 3489 Vir.
850 3425 956 3488 Scribo
988 3429 1025 3488 nd
1056 3429 1098 3489 M.
1124 3428 1159 3487 Τ.
1194 3427 1315 3487 confuse
1340 3426 1377 3486 de
1396 3426 1527 3510 *confusa

167 3537 237 3578 mea
261 3518 393 3578 ionuua.

260 3604 392 3667 Primum
416 3604 486 3665 illud
511 3605 587 3665 satis
610 3604 715 3677 hilare,
741 3605 819 3684 quod
843 3606 885 3665 M.
902 3604 935 3663 T.
958 3613 989 3663 et
1005 3604 1043 3664 D.
1062 3602 1184 3663 Pistorii
1210 3603 1525 3676 commendationibus,

168 3713 248 3775 quae
272 3694 417 3755 Barwitio
436 3691 498 3753 alte
522 3695 630 3754 sedent
649 3693 677 3753 in
701 3694 853 3764 memoria,
878 3699 993 3754 tautum
1011 3693 1089 3772 apud
1111 3690 1294 3753 Caesaream
1309 3692 1364 3752 Mt.
1389 3692 1527 3753 efl'ectum

167 3793 227 3858 est,
254 3791 288 3845 ut
310 3783 382 3844 mihi
405 3800 459 3862 pro
483 3781 672 3844 dedicatione
697 3781 753 3844 mei
779 3782 845 3843 libri
873 3778 935 3843 100
959 3781 1080 3843 Thaleti
1103 3781 1165 3842 siut
1182 3780 1303 3841 donati.

261 3871 333 3934 Jam
354 3872 430 3933 haec
451 3870 624 3933 turbulenta
638 3880 670 3933 et
690 3871 905 3950 indignationis
920 3871 1021 3949 plenae
1040 3871 1116 3950 quod
1137 3888 1231 3949 nuper
1250 3868 1409 3929 admodum
1424 3868 1528 3948 accepi
1625 3947 1628 3958 Ι

168 3959 359 4041 exemplaria
371 3979 449 4032 mea,
467 3967 500 4020 nt
518 3960 696 4022 correctioni
716 3960 885 4021 incumbere
901 3979 959 4020 non
979 3958 1144 4038 potuerim;
1167 3958 1275 4020 deinde
1290 3958 1367 4039 quud
1387 3964 1526 4035 praeter-

167 4069 259 4130 quam
289 4050 319 4113 in
355 4048 546 4129 paucissimis
590 4049 694 4110 titulus
728 4058 759 4109 et
792 4047 942 4109 dedicatio
976 4049 1098 4122 desunt,
1139 4047 1323 4126 negligentia
1355 4053 1525 4107 curatorum

167 4137 368 4201 l'rancofordi
401 4136 527 4199 relicta:
568 4137 672 4210 tertio,
715 4138 793 4216 quod
832 4136 999 4197 domestica
1031 4136 1102 4197 mihi
1139 4136 1262 4214 negotia
1300 4132 1526 4213 pernecessaria

166 4227 349 4296 inciderunt.
373 4244 450 4306 quae
473 4225 679 4304 impedierunt,
705 4236 738 4287 ut
757 4225 852 4287 minus
872 4244 969 4286 essem
988 4224 1116 4302 diligens
1136 4225 1165 4286 in
1186 4223 1318 4302 urgendo
1338 4221 1524 4298 bibliopega:

166 4317 216 4378 cui
240 4334 309 4378 cnm
331 4312 353 4376 4
377 4315 510 4378 dederim
543 4315 740 4394 exemplaria,
767 4314 824 4375 duo
849 4313 897 4374 ille
922 4314 1069 4385 absolvit,
1099 4314 1152 4374 sed
1184 4311 1334 4391 perversis
1358 4308 1469 4370 tabulis
1493 4316 1525 4366 et

167 4423 228 4467 non
252 4403 375 4466 sublata
404 4402 571 4465 bibacitate
594 4403 719 4486 papyri;
753 4422 842 4466 uuum
866 4402 944 4482 quod
969 4402 1016 4463 hic
1048 4402 1135 4464 mitto
1169 4401 1297 4462 solutum
1328 4398 1446 4477 quidem
1470 4395 1525 4455 sed

167 4512 228 4556 non
252 4493 398 4574 perilunm
423 4492 548 4571 ideoque
573 4492 749 4554 correctioni
773 4501 877 4571 aptum
901 4491 988 4565 satis,
1012 4491 1161 4569 corrigere
1185 4499 1284 4550 tamen
1310 4506 1366 4546 non
1391 4501 1522 4562 possum,

167 4582 228 4644 nisi
250 4582 290 4645 D.
314 4581 472 4661 Vihepeck
506 4589 663 4660 pernoctet
694 4581 823 4661 Pragae.
871 4577 1021 4650 Quartum
1054 4579 1215 4639 etiamnum
1247 4584 1329 4636 caret
1362 4572 1461 4650 capite
1494 4579 1526 4630 et
1597 4585 1600 4590 ·

167 4669 301 4751 perfluit.
329 4670 466 4742 Unicum,
483 4671 561 4748 quod
576 4667 776 4731 Serenissimo
797 4668 979 4731 destinatum
996 4667 1059 4728 heri
1074 4667 1112 4726 D.
1129 4663 1283 4743 Vihepeck
1295 4662 1359 4740 jam
1374 4678 1523 4721 convasa-

167 4760 224 4833 rit,
249 4758 453 4821 annectiones
484 4758 577 4820 habet
608 4759 786 4838 plerasque:
821 4757 878 4819 uisi
912 4756 990 4836 quod
1024 4756 1091 4816 loca
1124 4761 1261 4813 notarum
1285 4769 1343 4810 nou
1376 4747 1523 4824 adscripsi

167 4847 365 4928 marginibus.
402 4847 445 4909 Et
465 4847 514 4910 sol.
534 4844 598 4908 372
618 4847 681 4918 (vel
695 4843 775 4919 472)
799 4846 828 4908 iu
848 4843 868 4920 b
895 4847 959 4907 loco
984 4845 1092 4905 desunt
1116 4840 1208 4902 verba
1231 4840 1323 4899 haec:
1350 4829 1479 4918 0⁰2¹l2'
1495 4841 1548 4905 ,d

168 4936 330 5016 (Magium
352 4930 391 4998 0⁰
404 4931 505 5017 46¹1,l
521 4938 564 5009 ‚dl
588 4936 642 4997 lat.
660 4937 713 4997 bc.
742 4934 785 4995 Et
798 4953 860 5015 seq.
882 4929 967 4996 374:
993 4931 1163 4993 Verissima
1181 4928 1321 5005 scrupula
1340 4924 1523 4994 ,incidentiae

168 5033 243 5090 sunt
269 5021 304 5087 1⁰
327 5020 389 5099 28‘,
421 5024 524 5106 itaque
557 5022 680 5087 dimidia
712 5022 830 5092 duratio
863 5019 901 5085 211
932 5016 995 5083 56⁴.
1043 5017 1105 5080 Sed
1137 5016 1164 5078 si
1191 5025 1387 5095 praepostero
1420 5011 1523 5073 diurno

251 5125 432 5177 Mltim-
453 5127 480 5170 ll·
1115 5115 1118 5120 '
1230 5132 1233 5138 ·
1295 5115 1312 5166 d
