3692 5842
819 447 1017 517 Paralipomena
1035 456 1060 502 in
1081 452 1246 502 Vitellionem.

927 631 1047 729 Caput
1073 629 1140 702 III.

628 792 682 853 Dc
698 790 918 871 fundamentis
942 789 1128 870 catoptrdcee
1147 798 1176 851 et
1196 787 1262 851 loco
1287 790 1443 871 irrrapiuia.

603 935 630 995 1.
668 934 823 994 ltet'utatio
857 931 1010 1003 Euclida,
1046 930 1220 992 Vitellianis
1253 939 1284 991 et
1316 933 1474 995 Alhazeni.

449 1082 484 1142 ln
508 1080 574 1158 ipso
604 1078 798 1139 fundamento
832 1073 1014 1151 catoptrices
1049 1074 1320 1135 demonstrationes
1353 1076 1518 1154 opticorum
1552 1075 1715 1136 etiamnum

361 1172 505 1249 caligant,
539 1169 608 1228 dum
633 1187 651 1226 a
679 1186 768 1226 sensu
800 1172 907 1243 petunt
938 1161 1015 1240 quod
1040 1172 1070 1222 et
1100 1162 1195 1241 ipsum
1229 1163 1492 1225 demonstrandum
1525 1173 1602 1224 erat.
1650 1163 1715 1225 Nec

360 1260 459 1322 nullus
492 1276 574 1318 error
606 1255 675 1316 iude
708 1254 802 1316 trahit
834 1252 986 1331 originem.
1034 1252 1097 1312 Nos
1131 1253 1158 1312 in
1191 1250 1309 1331 Opticis
1341 1252 1422 1314 hisce
1456 1254 1494 1314 ob
1527 1253 1659 1333 eclipses
1683 1263 1715 1313 et

361 1347 588 1410 observationes
612 1345 766 1405 stellarum
781 1343 809 1403 in
826 1341 1023 1401 infractiones
1048 1339 1222 1420 inquirimus
1242 1342 1435 1420 diligentius:
1460 1342 1499 1403 ad
1514 1341 1714 1404 retractiones

361 1457 432 1499 vero
457 1435 542 1498 uobis
566 1434 718 1513 perhanc
752 1434 890 1493 lacunam
921 1430 1136 1490 transeundum
1165 1431 1230 1491 luit.
1276 1429 1467 1511 Supplendus
1495 1431 1589 1512 igitur
1613 1439 1644 1492 et
1667 1430 1714 1492 bic

361 1527 455 1594 locus,
481 1523 687 1602 dispellendae
712 1520 847 1588 nebulae,
873 1528 906 1578 ιιι
930 1517 983 1579 Sol
1008 1517 1146 1579 veritatis
1170 1519 1280 1580 clarius
1306 1519 1471 1582 illucescat.

448 1613 589 1675 Euclides
613 1611 721 1672 Theor.
749 1607 797 1682 16,
831 1608 878 1680 17,
909 1604 954 1670 18.
982 1605 1238 1686 Catoptricorum,
1269 1618 1302 1669 οι
1332 1609 1448 1688 probet,
1482 1609 1712 1689 unumquodque

360 1725 471 1778 eorum,
497 1722 572 1783 quae
597 1700 651 1761 sub
676 1708 831 1778 aspectum
855 1697 975 1769 cadunt,
1000 1715 1053 1774 per
1072 1696 1151 1758 illius
1175 1698 1478 1776 perpendicularem
1471 1718 1500 1760 vn
1524 1697 1714 1777 superficiem

361 1794 474 1875 speculi
509 1790 623 1860 videri,
658 1788 785 1849 assumit
819 1787 936 1846 falsum.
985 1784 1033 1846 Sit
1065 1786 1219 1865 speculum
1243 1783 1315 1859 CD,
1350 1788 1498 1857 visusB,
1531 1786 1650 1848 visibile
1675 1789 1713 1855 Δ,

603 1896 654 1959 lig.
680 1894 721 1943 53.
972 1875 1227 1953 perpendicularis
1242 1873 1308 1936 AC
1334 1876 1468 1937 Locum
1461 1876 1553 1952 igitur
1573 1875 1714 1956 imaginis

971 1964 1013 2023 rei
1030 1966 1057 2025 A
1077 1983 1144 2025 esse
1163 1964 1193 2025 in
1208 1963 1274 2037 AC,
1300 1965 1438 2026 scilicet
1432 1986 1459 2026 ιιι
1475 1965 1510 2038 E
1532 1965 1576 2026 sic
1593 1964 1713 2045 probat„

842 2055 904 2118 lli
971 2064 1048 2125 Nam,
1073 2052 1176 2132 inquit,
1202 2071 1322 2118 assumto
1338 2065 1397 2117 loco
1419 2064 1598 2135 speculiCst
1591 2082 1713 2135 inquere

810 2120 839 2165 J
887 2142 1016 2220 ²1Ac
1047 2144 1281 2212 perpendicularis
1318 2144 1426 2210 incidit,
1465 2145 1573 2199 risibile
1602 2150 1627 2199 Δ
1657 2162 1712 2198 ιιοο

971 2233 1088 2302 amplius
1110 2234 1224 2287 ridetur.
1259 2222 1293 2284 Si
1317 2224 1483 2303 intelligas,
1508 2233 1658 2297 assumto,
1684 2223 1713 2284 id

972 2323 1018 2373 ost
1052 2322 1197 2391 occupato
1232 2323 1284 2373 aut
1272 2322 1397 2373 ttecto
1431 2312 1496 2373 loco
1528 2311 1570 2387 C,
1604 2313 1713 2374 falsum

866 2443 886 2449 --
971 2411 1020 2462 est
1043 2401 1175 2474 axioma,
1209 2402 1344 2481 quamvis
1376 2402 1430 2462 boc
1458 2360 1602 2463 Euclides
1635 2403 1714 2464 inter

971 2511 1026 2550 sua
1045 2489 1082 2550 ab
1107 2490 1291 2569 experientia
1307 2499 1442 2551 mutuata
1465 2491 1622 2570 postulata
1645 2495 1713 2564 (seu

971 2579 1039 2659 qnid
1078 2580 1159 2640 aliud
1195 2589 1260 2651 est,
1304 2580 1380 2660 quod
1426 2579 1475 2640 ille
1516 2580 1620 2642 libello
1655 2580 1712 2640 hoc

969 2690 1149 2745 φαινομειωι
1189 2670 1305 2730 nomine
1350 2669 1500 2748 appellat)
1544 2669 1573 2730 in
1614 2668 1712 2730 fronte

972 2758 1040 2818 libri
1073 2755 1215 2818 retulerit.
1262 2759 1340 2819 b'am
1364 2756 1470 2819 etsiC
1506 2767 1628 2836 tegatur
1659 2767 1713 2820 aut

357 2854 447 2935 plane
471 2849 635 2921 auferatur,
661 2848 817 2908 dummodo
843 2848 870 2908 1)
895 2857 1025 2919 maneat,
1051 2846 1240 2906 nibilominus
1260 2849 1289 2908 A
1313 2846 1444 2909 cernitur
1468 2848 1496 2908 in
1520 2847 1547 2908 E
1571 2846 1658 2909 oculo
1673 2847 1711 2910 Β.

446 2939 610 3000 Praeterea
633 2947 664 2998 et
687 2937 794 2998 falsam
817 2938 1041 3016 persuasionem
1065 2954 1171 3014 sapere
1203 2936 1320 2997 videtur
1349 2937 1405 2997 boc
1437 2935 1555 2997 axioma
1578 2938 1616 2998 de
1640 2957 1712 2999 vero

358 3041 392 3094 et
414 3029 489 3091 reali
514 3046 641 3088 ascensu
666 3026 804 3105 imaginis
830 3026 858 3086 in
884 3026 964 3087 linea
989 3023 1051 3098 CE,
1077 3045 1152 3104 quae
1177 3024 1295 3101 quidem
1320 3045 1376 3086 non
1406 3025 1563 3087 admodum
1588 3026 1709 3088 dissen-

357 3121 437 3184 tiunt
461 3118 499 3178 ab
524 3115 661 3196 opinione
686 3116 870 3195 quorundam
894 3127 1029 3175 veterum
1054 3114 1090 3173 de
1115 3113 1272 3174 emissione
1298 3115 1448 3176 radiorum
1472 3115 1649 3178 visoriorum
1673 3135 1710 3176 ex

355 3209 451 3273 oculo.
498 3206 577 3268 Nam
602 3207 657 3267 huc
682 3204 764 3278 lacit,
790 3204 867 3284 quod
887 3204 1028 3265 Euclides
1053 3204 1205 3280 postulato
1229 3203 1324 3282 primo
1345 3205 1439 3264 risum
1465 3203 1600 3272 (Graece
1624 3203 1711 3285 ὀψιι)

357 3298 461 3361 definit
474 3315 541 3357 esse
558 3295 667 3356 lineam
691 3303 814 3366 rectam,
842 3294 943 3372 itaque
963 3301 1092 3354 sumtum
1112 3292 1227 3370 passim
1247 3292 1274 3351 in
1295 3293 1501 3371 specularibus
1518 3305 1653 3375 usurpat.
1670 3291 1711 3366 ¹⁸)

355 3388 487 3450 Videtur
518 3384 636 3465 quidem
664 3384 806 3444 Euclides
839 3381 976 3463 ἐιιιχιως
1009 3381 1106 3460 loqui,
1132 3390 1164 3440 et
1187 3401 1223 3441 ea
1252 3402 1419 3456 assumere,
1455 3402 1531 3462 quae
1561 3384 1620 3445 etsi
1651 3403 1709 3445 nan

355 3477 444 3539 facile
468 3474 679 3547 conceduntur,
705 3474 730 3533 si
754 3482 853 3533 tamen
879 3472 1079 3544 concesseris,
1106 3491 1124 3530 a
1148 3490 1180 3529 se
1210 3470 1283 3548 ipsis
1308 3472 1336 3532 in
1361 3491 1520 3550 progressu
1545 3471 1620 3534 nibil
1643 3472 1708 3533 dis-

355 3568 498 3629 sentiant.
536 3563 631 3643 Atqui
656 3562 769 3623 veritas
793 3561 849 3621 lroc
865 3580 946 3622 more
970 3559 1202 3639 philosophandi
1222 3560 1279 3619 vim
1304 3561 1428 3640 patitur,
1454 3561 1587 3623 existunt
1613 3562 1709 3625 falsae

354 3655 576 3737 persuasiones,
602 3671 678 3731 quae
702 3670 774 3711 sane
790 3649 952 3710 Aristoteli
969 3651 1005 3709 de
1031 3649 1092 3710 suis
1113 3647 1203 3727 ὂψεσι
1227 3649 1357 3729 loquenti
1382 3650 1520 3711 ridentur
1544 3649 1711 3713 adhaerere

355 3765 392 3807 ex
416 3746 473 3807 hac
492 3742 640 3803 Euclides
663 3740 768 3801 schola
791 3758 847 3800 non
869 3738 945 3799 bene
970 3738 1141 3800 intellecta:
1167 3738 1292 3817 denique
1317 3739 1487 3817 ignorantia
1510 3739 1566 3800 snb
1591 3739 1709 3804 artificii

355 3835 456 3914 specie
480 3830 669 3912 tyrannidem
693 3828 820 3891 stabilit.
858 3828 971 3888 Demus
981 3828 1055 3906 jam,
1077 3827 1165 3889 aliter
1186 3827 1410 3906 intelligendum
1430 3828 1563 3890 Euclidis
1579 3830 1710 3904 axioma

355 3933 390 3986 ut
412 3924 468 3984 hoc
498 3920 629 3989 dixerit,
662 3919 687 3980 si
722 3919 787 3979 visu
811 3917 840 3978 in
864 3918 893 3977 Α
926 3916 1110 3991 constituto,
1144 3925 1265 3994 tegatur
1290 3915 1334 3991 C,
1364 3928 1433 3978 tunc
1457 3919 1486 3978 A
1510 3937 1568 3978 non
1604 3920 1710 3982 rideri.

354 4011 436 4074 Tunc
460 4010 580 4070 axionra
609 4028 711 4070 rerum
745 4006 861 4086 quidem
886 4016 948 4078 est,
984 4007 1035 4065 sed
1062 4006 1212 4067 conclusio
1238 4005 1304 4065 inde
1330 4025 1386 4067 non
1411 4006 1563 4086 sequitur,
1599 4008 1657 4071 nisi
1682 4009 1711 4070 iu

354 4100 501 4162 visionem
534 4098 817 4177 perpendicularem.
876 4099 919 4157 ιιι
953 4117 971 4156 a
1003 4107 1084 4155 recto
1120 4095 1182 4155 risu
1217 4095 1254 4155 ad
1297 4094 1447 4175 obliquum
1481 4117 1538 4157 non
1572 4098 1711 4176 procedit

355 4208 390 4251 ar
412 4199 572 4252 amentum.

391 4210 410 4271 g
443 4279 594 4339 Videntur
627 4276 682 4334 boc
716 4273 847 4333 sensisse
882 4273 1052 4333 Albazenus
1086 4282 1115 4332 et
1150 4272 1283 4333 vitellio.
1338 4273 1414 4332 Nam
1448 4294 1513 4334 cunr
1547 4274 1712 4355 diligenter

354 4368 520 4440 retulerint,
546 4384 620 4444 quae
642 4362 720 4441 apud
736 4361 890 4422 Euclidem
916 4362 1102 4432 invenerant,
1128 4361 1183 4422 boc
1200 4362 1316 4440 quidem
1334 4374 1365 4421 ut
1384 4364 1543 4424 absurdum
1569 4365 1709 4428 omisere.

354 4458 387 4519 Ιιι
414 4452 643 4518 retractionibus
667 4463 767 4511 tamen
793 4451 889 4511 simile
915 4451 984 4530 quid
1009 4452 1120 4510 dicunt.

443 4544 570 4605 Vitellio
596 4542 673 4602 idern
698 4542 903 4601 demonstrare
935 4539 1039 4599 nititur
1063 4540 1136 4599 libro
1162 4538 1190 4598 5.
1217 4557 1260 4616 pr.
1287 4534 1337 4609 36,
1364 4540 1417 4599 sed
1442 4542 1542 4601 nocuit
1575 4543 1709 4623 diligen·

353 4635 470 4699 tissima
495 4632 610 4693 auctori
635 4630 789 4691 barbaries
814 4629 906 4690 seculi
930 4628 974 4687 sui
991 4639 1022 4687 et
1047 4629 1234 4688 farrriliaritas
1251 4627 1395 4700 Arabum,
1417 4649 1474 4708 quo
1498 4630 1596 4693 minus
1620 4633 1710 4695 hodie

354 4726 560 4803 intelligatur:
586 4721 754 4780 obscuritas
781 4738 849 4779 vero
875 4718 916 4778 rei
941 4717 1030 4776 ctiam
1055 4716 1317 4777 hallucinationem
1345 4717 1384 4779 illi
1409 4718 1522 4779 attulit.

441 4814 573 4874 Primum
599 4810 674 4883 dico,
701 4809 796 4887 ipsum
821 4827 877 4867 non
903 4807 977 4865 bene
1003 4806 1204 4884 argumentari
1230 4826 1247 4864 a
1272 4807 1468 4867 collocatione
1493 4809 1535 4870 rei
1560 4810 1645 4871 visae
1669 4811 1708 4872 arl

353 4903 581 4964 collocationem
614 4898 770 4977 imaginis,
805 4896 934 4967 scilicet,
961 4915 1011 4966 nc,
1046 4895 1070 4954 si
1096 4896 1194 4974 imago
1219 4913 1275 4953 nou
1310 4896 1491 4974 respondeat
1515 4898 1557 4960 rei
1582 4900 1611 4961 in
1636 4902 1707 4973 situ,

353 4991 451 5076 imago
476 5010 543 5053 esse
568 4988 696 5048 desinat.
746 4985 838 5065 Atqui
864 4984 919 5045 boc
949 4994 1038 5062 pacto
1073 4985 1160 5045 t'acile
1194 4991 1289 5043 totam
1320 4986 1519 5065 catoptricanr
1551 4991 1706 5053 everterit.
