3692 5842
240 483 307 552 520
721 485 761 536 ns
780 485 859 537 sous
874 484 948 537 uos
965 483 1119 550 amous
1191 443 1195 448 ⁵

242 662 397 735 cantibus;
429 659 645 721 scintillatione
675 662 862 736 clarissima,
892 661 1101 723 coruscatione
1124 679 1178 722 seu
1201 659 1372 723 vibratione
1394 669 1460 723 tam
1482 661 1589 744 rapida,

239 760 275 812 ut
295 750 473 829 negaverint
495 749 633 828 quidam,
666 750 724 812 sibi
748 753 818 812 dum
841 751 981 811 viverent
1001 768 1132 829 uuquam
1154 749 1314 832 quicquam
1337 749 1368 810 in
1393 749 1481 811 coelo
1502 750 1591 812 visun

240 858 309 900 esse
333 857 427 918 aeque
450 837 564 916 pernici
588 847 681 911 motu,
706 848 738 900 ut
760 839 818 919 ipsi
843 839 1051 919 loquebantur.
1096 839 1200 918 Atque
1222 839 1280 900 hoc
1303 838 1400 900 variis
1423 838 1590 900 similitudi-

239 928 328 990 nibus
358 944 536 1005 expressere
566 927 695 1001 diversi;
731 947 797 988 cum
836 928 915 989 euim
945 935 977 988 et
1006 925 1107 988 colore
1138 935 1222 988 esset
1250 935 1339 989 tauto
1367 928 1470 1007 magis
1497 927 1589 1002 rutilo,

240 1025 353 1097 quanto
386 1023 453 1075 erat
485 1016 604 1076 occasui
637 1016 763 1077 vicinior
793 1027 825 1077 et
853 1017 883 1077 in
913 1015 1077 1094 vaporibus
1106 1016 1300 1096 profundior,
1334 1016 1470 1096 speciem
1497 1015 1589 1076 dixere

242 1104 368 1166 orientis
391 1103 421 1164 in
445 1103 607 1183 longinquo
631 1104 777 1178 incendii;
809 1105 860 1165 alii
888 1104 1044 1183 pulchrius
1066 1105 1281 1183 compararunt
1308 1103 1396 1166 illam
1418 1104 1495 1177 saei,
1524 1123 1589 1186 quae

241 1201 373 1256 aventu
402 1192 552 1270 agitatur,
581 1203 742 1271 propterea
772 1193 850 1273 quod
873 1200 906 1253 ut
929 1193 959 1253 in
983 1193 1038 1253 illa
1060 1201 1220 1254 venturum
1250 1192 1385 1272 impulsu
1415 1194 1587 1254 llammaruu

241 1279 468 1359 interrumpitur
491 1281 685 1354 continuatio,
709 1282 875 1361 primisque
900 1281 951 1341 vix
974 1281 1110 1361 depulsis
1124 1282 1174 1343 vel
1189 1281 1350 1342 exstinctis
1374 1301 1473 1342 norae
1495 1299 1588 1342 succe

241 1371 330 1432 dunt:
356 1370 400 1429 sic
422 1368 479 1428 hoc
503 1387 619 1448 quoque
644 1370 728 1430 sidus
751 1370 853 1431 radios
872 1369 939 1447 jam
953 1369 1129 1448 porrigebat
1151 1370 1329 1450 longissime
1345 1370 1490 1450 dictoque
1509 1369 1585 1430 citius

242 1458 363 1520 eosdem
386 1457 416 1517 in
433 1475 466 1516 se
482 1457 668 1530 resumebat,
694 1458 781 1518 simul
805 1477 882 1519 novo
904 1477 975 1518 orsu
992 1457 1143 1520 dilatabat
1164 1459 1329 1539 irrequieta
1350 1458 1586 1538 reciprocatione.

240 1545 396 1610 Austriaci
421 1545 516 1605 nostri
539 1546 636 1607 adhuc
664 1546 842 1624 elegantiori
873 1545 1027 1608 idiotismo
1057 1547 1234 1609 laborare
1265 1548 1350 1608 illam
1380 1547 1525 1608 dicebaut
1543 1563 1586 1606 ve·

241 1633 482 1698 hementissime:
507 1633 563 1695 hoe
587 1635 679 1695 verbo
703 1635 885 1714 adpulsum
909 1635 1057 1709 febrilem,
1079 1635 1120 1696 ad
1135 1653 1262 1714 agonem
1277 1636 1327 1696 vel
1351 1634 1518 1716 pugnantis
1535 1635 1586 1714 jn

237 1726 361 1805 jamque
386 1721 522 1801 oppressi
547 1724 595 1784 vel
619 1724 648 1783 in
673 1744 767 1803 aquas
798 1724 914 1801 delapsi
938 1724 988 1784 vel
1017 1724 1150 1785 animam
1178 1725 1298 1804 agentis
1328 1725 1502 1786 alludente:
1531 1741 1587 1784 ua!

242 1822 278 1876 ut
299 1813 330 1874 hi
353 1810 487 1871 brachiis
509 1812 694 1891 pedibusque
717 1812 828 1874 micare
852 1813 968 1884 solent,
998 1812 1043 1872 sic
1073 1813 1147 1873 haec
1177 1833 1295 1894 quoque
1327 1813 1422 1874 stella
1445 1811 1587 1874 tremulam

243 1900 400 1984 quatiebat
422 1898 527 1959 aciem.

332 1989 427 2062 Mihi,
458 1988 506 2067 qni
531 1987 722 2066 potissimum
746 1988 945 2067 respiciebam
968 1989 1006 2048 ad
1031 1988 1164 2049 colomm
1187 1988 1274 2051 iridis
1297 1990 1498 2060 varietatem,
1526 2005 1587 2069 quos

241 2099 295 2160 pro
313 2076 540 2139 scintillationis
556 2076 616 2136 alio
632 2091 721 2157 atque
738 2078 798 2137 alio
815 2077 918 2138 habitu
935 2077 1077 2150 evomuit,
1094 2077 1209 2156 placuit
1222 2077 1267 2139 uti
1282 2076 1589 2158 exemploadammtis

242 2165 439 2244 multanguli,
478 2165 528 2243 qui
561 2164 643 2225 Solis¹
676 2165 778 2225 radios
812 2166 890 2225 inter
923 2166 1157 2226 convertendum
1191 2166 1230 2226 ad
1263 2165 1469 2245 spectantium
1501 2163 1589 2228 oculos

243 2254 382 2316 variabili
406 2254 523 2331 fulgore
547 2254 729 2314 revibraret:
756 2254 844 2314 simul
868 2254 907 2314 ad
931 2272 1054 2315 causam
1077 2253 1305 2316 scintillationis
1330 2256 1360 2317 iu
1385 2254 1506 2334 Opticis
1526 2251 1590 2314 meis

243 2345 368 2406 allatam
392 2341 525 2402 alludere
549 2342 641 2401 volui.

251 2443 255 2450 '
331 2432 378 2492 De
402 2429 553 2490 coloribus
576 2430 759 2491 Maestlinus
783 2430 872 2508 plane
896 2449 1023 2505 mecum,
1047 2449 1100 2492 eos
1119 2430 1157 2491 ad
1175 2442 1328 2493 momenta
1343 2432 1468 2510 singula
1483 2431 1590 2496 variari.

245 2541 283 2582 ex
306 2522 386 2581 flava
408 2537 478 2579 mox
498 2537 644 2591 croceam,
668 2537 685 2578 e
703 2518 831 2596 vestigio
847 2537 1028 2597 purpuream
1043 2529 1074 2579 et
1089 2520 1196 2594 rufam,
1222 2522 1433 2600 utplurimum
1448 2521 1591 2584 candidan

246 2609 351 2681 videri,
376 2607 425 2668 ubi
448 2625 486 2667 ex
509 2606 670 2685 vaporibus
694 2608 785 2685 paulo
809 2606 901 2667 altius
925 2607 1068 2668 elevetur.

338 2699 370 2759 ln
403 2697 499 2774 prima
530 2696 736 2773 magnitudine
767 2713 883 2775 quoque
914 2696 1107 2756 consentiunt
1135 2715 1212 2775 pene
1244 2695 1377 2758 omnium
1410 2697 1593 2764 traditiones:

247 2786 394 2865 majorem
418 2784 594 2863 apparuisse
619 2804 676 2845 non
700 2794 815 2843 tantum
831 2783 919 2861 primi
943 2784 1066 2844 honoris
1089 2784 1251 2857 sideribus,
1275 2786 1448 2848 sedetiam
1465 2787 1593 2852 Saturno.

249 2877 350 2937 Marte
373 2881 405 2934 et
424 2874 516 2943 Jove,
540 2872 590 2950 qui
615 2873 731 2933 vicinus
754 2871 780 2930 ei
806 2871 909 2931 stabat
933 2872 1151 2945 toto-Octobri,
1176 2874 1297 2934 luminis
1319 2874 1420 2935 arnica
1442 2886 1473 2935 et
1497 2873 1595 2934 blanda

249 2964 349 3043 quiete
372 2982 391 3021 a
415 2960 585 3021 turbulenta
618 2960 727 3021 sideris
758 2960 968 3020 coruscatione
997 2959 1097 3020 l'acilis
1125 2961 1278 3023 distinctu.
1327 2961 1518 3032 Quibusdam
1538 2979 1595 3022 cau

248 3053 367 3113 Venere
399 3068 465 3109 cnm
495 3060 543 3108 est
573 3049 722 3109 altissima
753 3057 870 3109 certare
901 3047 1075 3121 videbatur3
1112 3049 1186 3109 mihi
1216 3051 1339 3111 dubium
1369 3050 1504 3124 nullum,
1536 3048 1594 3130 quin

249 3140 329 3202 omni
354 3140 473 3198 l'enerc
497 3147 580 3197 esset
602 3139 708 3198 minor.
757 3137 824 3207 (luo
849 3137 971 3214 saepius
996 3146 1096 3197 autem
1127 3139 1245 3217 relego,
1276 3159 1353 3220 quae
1378 3139 1485 3218 Tycha
1508 3138 1595 3202 Brabe

247 3240 329 3290 tomo
357 3229 376 3288 l.
408 3229 568 3305 Progymn.
600 3245 668 3304 pag.
694 3223 759 3287 300
788 3226 824 3285 de
855 3246 933 3285 novo
965 3225 1079 3298 sidere,
1111 3228 1189 3306 quod
1218 3248 1296 3288 anno
1332 3225 1427 3288 1572.
1462 3228 1544 3288 fulsit
1569 3227 1594 3286 iu

250 3317 437 3396 Cassiopeia,
462 3315 598 3393 scripsit,
624 3316 679 3374 hoc.
702 3314 826 3392 propius
850 3314 983 3373 adducor
1006 3324 1038 3374 ut
1061 3315 1196 3386 credam,
1226 3328 1360 3377 nostrum
1391 3316 1449 3376 hoc
1473 3315 1596 3378 bumbos

249 3406 367 3467 nurnine
391 3404 545 3466 attributis
569 3423 634 3463 eum
659 3404 710 3462 illo
735 3423 821 3480 quarn
846 3402 981 3480 proxime
998 3404 1171 3476 convenire;
1196 3425 1251 3465 nec
1271 3424 1319 3464 nie
1341 3419 1444 3464 movet
1469 3405 1596 3484 amplius,

249 3496 327 3575 quud
352 3494 408 3554 viri
431 3512 540 3570 graves
564 3493 731 3563 affirmant,
764 3491 898 3569 superari
930 3492 1060 3568 priorem
1089 3492 1171 3552 illam
1201 3493 1240 3553 ab
1269 3495 1358 3571 liujus
1382 3493 1594 3570 ruagnitudine;

250 3585 389 3643 viderunt
418 3582 495 3641 enim
528 3581 604 3641 hanc
635 3581 713 3640 inter
745 3580 828 3638 initia
860 3599 926 3640 cum
957 3591 1039 3640 esset
1070 3580 1201 3641 maxima
1231 3592 1260 3643 et
1287 3582 1316 3642 in
1341 3583 1523 3659 vaporibusz
1552 3579 1596 3640 illa

250 3690 367 3751 semper
398 3670 535 3730 sublimis
565 3678 597 3728 et
626 3689 643 3728 a
668 3668 770 3728 multis
801 3679 864 3729 tum
894 3669 1012 3728 demum
1043 3681 1090 3727 est
1120 3683 1299 3750 conspecta,
1333 3690 1401 3733 cum
1433 3671 1596 3731 decrescere

249 3761 408 3839 coepisset.

338 3848 441 3926 Tycha
466 3866 550 3906 suam
566 3847 642 3907 Jove
660 3844 757 3905 vicino
782 3845 993 3922 pronunciavit
1011 3844 1196 3924 aliquantum
1219 3845 1380 3923 majorem;
1405 3847 1482 3906 haec
1506 3855 1597 3906 nostra

249 3937 326 3998 Jove
350 3935 443 3994 inulto
467 3935 523 3994 fnit
546 3935 658 4011 major,
689 3953 761 3994 sane
793 3934 861 4012 quin
886 3942 956 3992 tnnc
981 3935 1072 3995 etiam
1094 3933 1215 4010 Jupiter
1238 3933 1341 3993 Terris
1364 3947 1433 3994 erat
1455 3935 1598 4014 proximus

251 4033 282 4085 et
304 4024 410 4102 major,
435 4022 482 4082 liic
502 4023 566 4100 jani
590 4022 809 4082 remotissimus
834 4035 863 4080 et
886 4022 983 4082 rniuor
1007 4021 1082 4081 visu.

338 4114 380 4173 Et
402 4111 595 4172 memorabile
619 4123 676 4182 est,
701 4111 826 4171 eurrdem
851 4111 944 4169 luisse
969 4111 1059 4171 situm
1079 4110 1162 4171 b'olis
1185 4109 1224 4170 ad
1240 4110 1393 4170 l'enerem
1416 4130 1497 4170 anno
1518 4103 1597 4172 1512

253 4202 308 4263 sub
339 4208 476 4261 exortunr
509 4199 589 4259 illius
621 4198 729 4258 sideris
761 4205 866 4277 (quern
898 4198 1018 4277 quidam
1047 4199 1151 4259 itidem
1182 4200 1212 4259 in
1243 4198 1408 4260 Octobrem
1441 4199 1509 4277 ejus
1539 4193 1598 4258 anni

251 4291 451 4368 rejecerunt),
484 4287 532 4367 qui
559 4288 623 4365 jam
654 4306 732 4346 anno
770 4283 860 4348 ltili-l.
892 4288 1028 4346 recurrit.
1082 4288 1195 4348 Notum
1226 4287 1304 4347 enim
1336 4296 1384 4347 est
1416 4285 1599 4352 astronomi&

253 4379 382 4439 Veneris
412 4396 478 4437 cum
503 4375 575 4437 sote
605 4387 796 4452 t'trnlparatos
827 4393 933 4434 cursus
966 4374 1053 4434 arinis
1085 4389 1152 4435 octo
1184 4377 1371 4436 vertentibus
1404 4375 1433 4434 in
1465 4375 1598 4455 pristinos

251 4467 395 4526 articulos
428 4466 582 4526 insistere:
615 4476 644 4522 et
676 4463 723 4523 hic
755 4475 823 4524 sunt
854 4464 923 4522 anni
954 4477 1060 4541 quater
1087 4477 1156 4523 octo
1181 4464 1360 4524 intermedii.
1408 4464 1509 4525 Annis
1531 4461 1597 4522 enirn

255 4551 347 4628 1580,
378 4551 469 4625 tots,
501 4549 590 4614 1596.
616 4552 788 4612 acciderunt
814 4552 928 4611 eadem.
1395 4626 1403 4632 ⁵

340 4642 416 4704 Cum
449 4642 538 4719 igitur
568 4659 676 4699 riorum
708 4640 763 4699 hoc
795 4640 878 4700 sidus
909 4639 1131 4717 magnitudine,
1170 4639 1349 4718 splendore,
1381 4639 1597 4706 scintillatione,

253 4730 372 4791 luminis
396 4729 524 4790 aetherii
548 4728 679 4805 puritate
703 4729 812 4788 ceteris
836 4729 903 4788 lixis
933 4729 1036 4807 illique
1059 4747 1137 4787 nnvo
1162 4728 1191 4787 in
1215 4727 1398 4806 Cassiopeia
1421 4729 1461 4788 ad
1483 4741 1597 4806 unguen

252 4819 462 4896 responderet,
494 4819 605 4876 tactum
636 4827 699 4886 est,
732 4831 763 4875 ιιι
795 4818 921 4895 primunr
953 4829 1042 4895 atque
1074 4817 1102 4876 in
1133 4827 1287 4893 aspectum
1321 4814 1403 4876 illius
1433 4817 1597 4876 incidissent

253 4906 428 4979 astronomi,
454 4905 557 4964 statim
581 4904 793 4964 concluderent
817 4917 847 4964 et
871 4905 906 4963 dc
931 4905 1031 4984 quiete
1055 4906 1110 4966 sub
1134 4904 1202 4965 lixis
1226 4912 1258 4964 et·
1279 4905 1316 4964 de
1342 4904 1409 4964 loco
1425 4899 1597 4966 mundibuie

252 5010 368 5070 quoque
392 5011 458 5052 cunr
483 4991 543 5053 illis
566 4993 729 5067 corrnnuni;
755 4993 831 5072 quod
856 5013 1016 5071 paucorum
1040 4993 1155 5054 dicmur
1179 4992 1368 5070 experientia
1392 4987 1596 5074 comprobavit.
