3692 5842
711 497 742 548 a·
760 498 832 548 aaa
851 498 955 563 opaea.
1472 492 1533 573 9'3'

153 671 294 792 Mblzen.
313 679 381 722 motu
399 672 491 722 Teme
518 672 567 722 rrill
593 672 634 723 ich
662 676 707 723 ruit
734 675 851 726 utlclaster
870 675 1036 741 Gelegeuheit
1062 694 1136 729 uranu
1163 678 1203 730 ich
1222 680 1292 742 Weyl
1321 679 1403 736 trabe,
1431 681 1516 729 veiter

245 813 336 865 Scbick
354 814 409 864 deur
427 813 510 864 Herm
537 815 622 865 hiernit
649 816 778 881 catalogos
797 818 840 868 der
857 818 973 876 Bilcber,
1002 834 1029 868 so
1047 821 1072 868 iu
1101 820 1180 870 dieser
1199 822 1304 871 Traubio
1306 828 1355 871 rter
1374 821 1440 871 llless
1460 837 1513 871 ror·

153 884 264 935 handen.
301 884 360 935 Vnd
378 884 443 936 bleib
461 884 514 935 lure
533 900 671 952 angeueme
690 888 780 939 Dieust
798 905 829 939 au
849 891 967 940 erweiseu
985 904 1051 956 gana
1071 890 1151 956 willig.

245 973 341 1023 Datum
359 971 486 1023 munden
504 974 528 1023 d.
551 973 591 1024 12.
611 978 669 1040 Apr.
692 972 769 1027 1305.

245 1114 384 1179 Rapum
402 1115 543 1179 Kepleri
561 1116 626 1168 baec
644 1126 699 1167 est:

246 1204 342 1265 Binos
364 1212 442 1279 ate,
457 1205 536 1267 nob.
559 1214 591 1267 et
609 1207 769 1287 Magnifice
795 1209 858 1283 Vir,
880 1209 983 1289 accepi
1000 1209 1168 1282 fasciculos,
1191 1210 1318 1271 alterum
1341 1209 1392 1275 28.
1409 1212 1513 1283 Mart..

155 1293 286 1354 alterum
308 1289 359 1355 12.
374 1293 451 1375 Apr.
472 1294 572 1357 datos.
611 1296 787 1358 Laurentini
807 1296 952 1377 scriptum
972 1298 1016 1357 ita
1034 1307 1066 1358 nt
1080 1298 1183 1375 petisti
1206 1299 1335 1360 remitto.
1360 1301 1439 1362 Nam
1454 1302 1514 1361 etsi

155 1380 278 1463 quidem
300 1381 428 1443 Italicae
452 1383 572 1463 liuguae
595 1386 732 1463 peritiam
753 1405 809 1446 non
834 1383 975 1462 magnam
990 1386 1096 1459 babeo,
1122 1387 1199 1447 satis
1221 1396 1321 1449 tamen
1346 1389 1415 1467 quid
1441 1389 1515 1450 velit

154 1470 288 1550 percepi.
344 1470 507 1533 Excutient
544 1472 605 1534 ista
637 1473 707 1536 ltali
741 1484 773 1535 et
813 1482 930 1554 tempus
970 1493 1149 1554 operamque
1180 1486 1299 1536 sument
1338 1476 1513 1555 exagitandi

155 1559 222 1639 ejus
246 1576 364 1621 errores
388 1561 613 1637 crassissimos,
638 1581 711 1642 quos
728 1564 778 1624 ille
799 1572 899 1624 tamen
915 1582 969 1643 pro
992 1564 1076 1625 novis
1092 1571 1124 1624 et
1146 1572 1192 1624 ter
1215 1564 1353 1626 maximis
1383 1566 1513 1627 inventis

155 1667 215 1709 non
241 1656 363 1711 veretur
392 1649 471 1711 divis
502 1669 687 1714 consecrare.
735 1652 801 1713 n'isi
826 1653 899 1713 haec
933 1652 1076 1732 pericopa
1106 1652 1231 1724 fuisset,
1263 1655 1385 1714 eredere
1416 1653 1512 1733 potui,

155 1738 256 1816 ipsum
278 1737 381 1799 ludere
405 1758 486 1802 more
510 1740 656 1802 italorum
685 1748 718 1801 ut
746 1749 886 1803 exerceat
919 1741 1158 1802 mathematicos.
1211 1739 1289 1802 Nam
1323 1743 1514 1821 parallaxeos

154 1824 325 1887 doctrinam
355 1830 573 1890 exsententia
601 1829 878 1891 mathematicorum
907 1830 984 1890 satis
1013 1830 1117 1891 dextre
1146 1828 1277 1908 explicat
1307 1832 1430 1911 ejusque
1455 1832 1513 1892 rim

155 1915 251 1975 etiam
274 1915 303 1975 iu
327 1917 487 1978 refutando
512 1918 714 1998 persentiscit.

248 2003 282 2064 lu
306 2005 412 2067 alteris
436 2006 557 2068 additos
580 2007 678 2069 inveni
703 2004 860 2086 catalogos
885 2008 1037 2081 librorum,
1062 2025 1135 2086 quos
1160 2025 1340 2085 percurram.
1388 2006 1513 2070 Gratiae

156 2109 215 2171 ago
238 2091 283 2153 uti
306 2112 354 2156 me
378 2095 476 2156 decet.

248 2179 338 2252 Quod
369 2184 541 2258 contendis,
573 2184 799 2263 phaenomenon
829 2181 1027 2263 apparitionis
1055 2182 1184 2243 Lunaris
1216 2182 1360 2244 dissimile
1392 2204 1458 2245 esse
1487 2186 1514 2248 ei

156 2270 220 2340 rei,
258 2289 349 2350 quam
376 2273 556 2335 Plutarchus
586 2280 813 2345 commemorat,
847 2273 922 2333 facis
954 2273 983 2333 id
1022 2290 1069 2332 me
1106 2272 1322 2332 consentiente.
1379 2275 1456 2335 Narn
1485 2276 1513 2336 in

157 2357 279 2439 Opticis
308 2359 400 2442 (Cap.
426 2362 482 2424 Vl.
510 2358 566 2434 10)
594 2362 672 2422 idem
703 2361 767 2440 ipse
799 2380 914 2442 quoque
944 2361 999 2422 leci
1033 2360 1172 2422 adductis
1202 2358 1328 2422 Graecis
1360 2362 1513 2425 Plutarchi

157 2447 269 2510 uerbis.
312 2449 384 2529 Ego
408 2470 478 2511 uero
502 2450 586 2530 Mag.
611 2450 694 2510 Tuae
725 2468 782 2510 non
806 2450 976 2519 Plutarchi,
1009 2449 1062 2510 sed
1092 2447 1181 2510 Corn.
1209 2446 1353 2511 Gcnrmae
1382 2472 1513 2514 commc-

156 2536 359 2601 morationem
382 2558 435 2618 pro
459 2540 596 2617 exemplo
621 2539 750 2599 adduxi:
780 2540 830 2618 qui
849 2539 907 2600 etsi
930 2538 973 2599 ait
994 2557 1026 2598 se
1050 2537 1161 2598 habere
1184 2556 1220 2597 ex
1311 2540 1364 2604 lir-
1385 2538 1425 2590 ³7·

157 2627 334 2703 Plutarcho,
360 2628 463 2690 addidi
486 2637 587 2689 tamen
612 2628 641 2688 iu
666 2626 800 2707 Opticis,
824 2629 887 2689 fieri
910 2646 1002 2707 posse
1027 2635 1060 2687 ut
1083 2627 1226 2688 memoria

155 2716 262 2796 raptus
285 2717 405 2778 areunae
428 2716 573 2778 nauseet.
1334 2673 1458 2817 ufic

247 2805 298 2867 Ad
327 2825 390 2868 reru
417 2806 515 2886 ipsam
546 2804 626 2866 aliud
664 2804 845 2867 comminisci
876 2824 933 2866 nou
965 2822 1103 2884 possum,
1135 2822 1223 2881 qurum

155 2894 239 2974 quod
266 2895 469 2974 superioribus
501 2894 597 2956 literis
631 2892 747 2972 scripsi.
801 2894 880 2956 Nam
910 2912 968 2954 nou
1005 2893 1048 2954 ita
1085 2891 1224 2971 frequens

155 2991 214 3060 est,
241 2992 274 3046 ut
297 3004 400 3046 omues
423 3003 534 3045 causae
554 3004 573 3043 a
592 3002 639 3044 me
666 2991 915 3044 commemoratae
940 2988 1128 3053 concurrant,
1154 2980 1223 3059 quin

155 3072 217 3134 imo
242 3072 331 3152 longe
356 3073 542 3153 frequentius
566 3072 610 3144 fir,
635 3071 712 3152 quod
732 3072 815 3150 Mag.
837 3071 901 3134 Tua
926 3070 1056 3144 addidit,
1082 3076 1115 3129 ut
1138 3069 1225 3129 Luna

155 3164 185 3223 in
209 3162 421 3241 conjunctione
444 3162 522 3223 hanc
545 3161 659 3222 habeat
680 3160 878 3222 latitudinem.

245 3250 290 3313 Ut
318 3260 418 3313 autern
446 3259 478 3312 et
515 3250 592 3312 hauc
622 3251 706 3329 Mag.
736 3251 819 3310 Tuae
855 3248 1024 3327 opinionem
1061 3245 1221 3319 excutiam,
1254 3241 1257 3248 ’

153 3340 253 3420 prima
281 3341 381 3402 iroute
409 3340 507 3420 ipsam
535 3338 708 3418 maguifeci.
760 3337 925 3400 Videbaris
954 3337 1033 3398 enim
1063 3337 1124 3397 tale
1155 3335 1225 3414 quid

153 3430 273 3504 dicere,
300 3429 390 3509 quale
409 3447 465 3508 ego
485 3428 513 3490 in
535 3426 608 3506 Opt.
630 3424 706 3506 Cap.
730 3428 816 3501 VIII,
838 3423 868 3489 l.
914 3426 1044 3486 Tantum
1069 3423 1224 3485 desidera-

152 3519 225 3581 bam
239 3518 308 3594 boc,
334 3517 412 3599 quod
428 3537 486 3579 uon
506 3525 590 3578 esset
608 3526 726 3595 tempus
746 3516 922 3578 matutinum
939 3524 991 3575 aut
1009 3512 1224 3593 vespertinum.

154 3606 220 3675 Sed
243 3608 421 3671 errabamus
449 3614 585 3687 uterquc.
631 3606 708 3666 Esto
738 3606 831 3680 euim,
856 3613 890 3666 ut
913 3602 967 3666 Sol
992 3610 1024 3664 et
1046 3602 1133 3663 Luna
1156 3618 1224 3660 sese

152 3699 246 3778 plane
266 3703 398 3776 tangant
417 3696 601 3775 marginibus
621 3695 659 3755 ad
678 3694 785 3756 risum.
824 3692 873 3756 Sit
887 3694 917 3754 A
931 3692 1023 3765 visus,
1050 3687 1075 3753 0
1091 3697 1225 3753 centrum

153 3788 272 3861 Lunae,
296 3787 326 3848 D
351 3793 486 3847 centrum
513 3783 603 3858 Solis,
631 3781 714 3845 GBF
738 3784 818 3844 linea
841 3783 946 3844 citima
968 3779 1026 3859 ipsi
1045 3779 1085 3848 A,
1109 3778 1225 3839 descri-
1364 3785 1367 3846 t

153 3878 231 3938 bens
259 3876 399 3938 umbram
428 3875 548 3949 Lunae,
578 3873 604 3934 B
634 3879 792 3934 contactus
822 3891 892 3932 orae
922 3870 1027 3931 Lunae
1057 3886 1122 3928 cum
1151 3885 1226 3927 cono
1365 3903 1368 3940 ,

153 3966 282 4029 visionis
306 3963 401 4027 Solis.
438 3962 572 4024 Primum
596 3980 665 4040 qma
681 3958 769 4022 GAE
793 3969 842 4021 est
856 3956 919 4032 30
944 3956 1028 4018 GBE
1048 3956 1107 4017 erit
1131 3955 1228 4032 major
1365 3973 1369 4060 q

151 4063 243 4135 parte
274 4053 397 4117 circiter
423 4051 578 4113 vicesima.
628 4050 676 4111 Sit
707 4058 808 4110 autem
839 4007 925 4110 GBli
955 4064 1013 4107 non
1042 4045 1139 4123 major
1162 4039 1225 4116 301,

153 4144 215 4207 erit
237 4144 324 4207 ABF
347 4142 484 4222 aequalis
508 4148 540 4201 et
562 4142 655 4203 etiam
675 4136 739 4201 30‘.
778 4139 823 4199 At
846 4156 912 4198 enm
930 4135 987 4196 AB
1012 4134 1053 4194 sit
1073 4129 1115 4195 60
1130 4151 1225 4193 semr
1366 4063 1397 4356 ἲ

152 4232 297 4297 diametri
321 4232 449 4305 Terrae,
477 4236 511 4290 ut
538 4229 630 4332 igitur
663 4224 791 4290 100000
820 4226 857 4287 ad
891 4221 1112 4294 subtensam(
1099 4220 1225 4294 (sinum)

152 4341 214 4403 aug
217 4322 258 4384 uli
283 4316 348 4395 30’,
374 4338 404 4382 n.
429 4315 512 4395 873,
541 4318 585 4381 sic
608 4319 665 4380 AB
690 4313 733 4378 60
757 4315 864 4376 semid.
890 4314 929 4374 ad
952 4313 1024 4385 AF,
1049 4308 1227 4372 distantiam

152 4447 223 4510 coni
246 4444 371 4508 umbrae
396 4464 415 4504 a
437 4442 504 4505 visu
534 4400 862 4544 (s--502030880J1taque
886 4437 955 4517 plus
986 4454 1074 4515 quam
1099 4432 1225 4494 semisse

153 4567 430 4636 semidiametrib.
460 4586 486 4629 e.
516 4567 583 4646 plus
612 4586 700 4649 quam
730 4560 796 4626 400
826 4559 1006 4622 milliaribus
1037 4554 1227 4617 Germanicis
1280 4561 1301 4612 κ’

154 4662 256 4725 abluit
278 4658 387 4721 umbra
410 4678 429 4718 a
453 4656 518 4717 visu
541 4655 590 4716 ubi
615 4675 704 4736 quam
726 4651 864 4734 proxima
888 4649 981 4710 veuit.
1030 4647 1136 4724 ltaque
1160 4660 1228 4703 cum
1489 4684 1505 4737 F

154 4770 211 4814 uos
245 4749 378 4830 tegimus
412 4745 560 4818 frontem,
591 4745 725 4824 cupimus
756 4739 915 4802 excludere
949 4735 1120 4799 claritatem
1149 4730 1273 4790 aeriae
1366 4730 1390 4780 Δ

155 4860 194 4902 ne
223 4858 280 4901 nos
310 4842 474 4899 occaecet.
505 4833 611 4895 umbra
638 4833 712 4894 nihil
747 4827 878 4892 extinxit
909 4826 947 4888 de
978 4822 1117 4885 claritate
1151 4818 1231 4878 aeris
1276 4801 1316 4893 Χ

155 4926 338 4993 Lusitauici.
377 4926 457 4988 Nam
481 4922 540 4984 etsi
564 4923 653 5001 plane
678 4919 721 4984 20
745 4917 885 4981 milliaria
902 4914 1006 4977 Germ.
1031 4908 1167 4973 haberet
1173 4912 1229 4967 air
