3692 5842
732 463 763 514 ae
780 461 848 513 reru
866 460 1020 512 amnuens
1038 457 1083 511 as
1518 453 1584 524 467

321 636 408 702 Haeo
431 638 595 702 scientifica
625 641 747 703 suntin
773 638 904 701 Galilaei
938 639 1054 708 literis,
1088 647 1191 700 cetera
1223 637 1320 699 mitto.
1367 637 1464 698 Vides
1493 636 1585 717 igitur

223 725 327 790 tector
367 728 520 802 studiose,
566 731 713 809 quomodo
746 728 878 791 Galilaei
918 726 1171 806 praestantissimi
1209 726 1379 788 mehercule
1412 725 1583 806 philosophi

223 814 443 880 sollertissima
464 836 548 879 mens
572 819 745 898 perspicillo
768 818 824 879 hoc
849 826 952 878 nostro
976 816 1069 877 veluti
1092 815 1184 878 scalis
1205 814 1381 895 quibusdam
1404 833 1477 890 usa,
1514 815 1584 896 ipsa

223 903 334 966 ultima
365 915 396 966 et
423 906 576 969 altissima
599 907 704 970 Mundi
736 906 934 986 aspectabilis
964 905 1084 966 moenia
1115 905 1316 978 conscendat,
1349 904 1450 964 omnia
1481 923 1583 965 coram

223 992 339 1055 lustret
361 992 489 1075 indeque
521 997 562 1057 ad
585 1010 690 1057 nostra
721 996 796 1057 haec
831 994 998 1073 tuguriola,
1031 995 1069 1054 ad
1102 992 1209 1073 globos
1241 993 1363 1073 inquam
1397 993 1582 1069 planetarios

225 1082 425 1162 argutissimo
449 1082 607 1146 ratiocinio
632 1084 796 1164 despiciat,
826 1084 940 1145 extima
964 1082 1087 1156 intimis,
1120 1101 1235 1144 summa
1258 1081 1326 1143 imis
1350 1081 1447 1142 solido
1466 1082 1582 1162 judicio

223 1187 416 1250 comparans.

316 1256 397 1330 Quia
420 1279 492 1322 vero
515 1279 663 1341 nunqnam
688 1262 796 1323 desunt
819 1262 848 1322 in
863 1257 1055 1340 philosophia
1069 1258 1223 1321 nationum
1246 1259 1326 1320 inter
1349 1277 1382 1319 se
1406 1258 1507 1321 studia
1530 1269 1583 1321 ant

223 1346 483 1424 obtrectationes,
508 1350 650 1429 multique
674 1369 728 1431 per
752 1349 946 1412 Germaniam
968 1347 1186 1409 Germanorum
1209 1347 1257 1408 hic
1281 1346 1456 1408 testimonia
1478 1350 1580 1428 requi-

224 1434 315 1498 situri
338 1444 429 1499 snut:
463 1457 520 1518 age
549 1438 609 1500 illis
633 1441 670 1501 de
694 1440 783 1502 rebus
807 1439 913 1500 iisdem
937 1438 1029 1501 etiam
1054 1435 1199 1498 Germani
1232 1435 1388 1513 cujusdam
1421 1437 1581 1515 epistolam

224 1524 375 1588 exhibeo:
401 1546 438 1587 ex
462 1547 521 1607 qna
544 1527 633 1589 simul
656 1537 689 1590 et
711 1528 784 1591 illud
808 1528 937 1608 patebit,
962 1545 1020 1588 non
1045 1525 1122 1586 mele
1147 1527 1261 1587 facturn
1284 1544 1304 1585 a
1327 1522 1478 1606 Galilaea,
1503 1528 1582 1606 quod

224 1632 327 1676 rernm
350 1634 472 1678 suarum
495 1626 641 1695 satagens
673 1618 798 1678 inventa
828 1636 885 1678 sua
916 1625 1044 1686 mature,
1073 1633 1127 1696 per
1160 1614 1283 1694 griphos
1316 1620 1426 1688 tamen,
1450 1615 1582 1695 Pragam

224 1703 384 1765 nobiscum
408 1706 681 1768 communicaverit.

316 1790 371 1854 Sic
393 1793 485 1873 igitur
507 1794 648 1856 Marius
680 1795 719 1856 ad
752 1812 936 1855 communem
970 1799 1103 1854 nostrum
1137 1791 1281 1853 amicum:
1322 1792 1466 1865 „Interim
1499 1793 1580 1854 aliud

226 1887 316 1942 teuto
339 1900 433 1959 opus,
470 1884 500 1944 in
534 1902 590 1964 quo
614 1884 741 1963 primum
764 1882 1003 1945 immobilitatem
1020 1881 1140 1941 Terrae
1172 1900 1277 1941 assero
1308 1878 1427 1941 omissis
1460 1882 1579 1943 omuino

224 1971 455 2049 personalibus:
480 1970 507 2045 ¹’)
540 1974 593 2033 sed
618 1983 793 2050 argumenta
818 1972 914 2032 solum
938 1969 1149 2031 exordinantur
1176 1978 1282 2030 contra
1304 1967 1438 2029 rationes
1462 1967 1579 2048 Ceper-

225 2057 364 2133 nie-nas,
390 2080 464 2140 quas
489 2070 592 2122 nostro
616 2071 750 2141 tempore
774 2061 924 2139 Keplerns
949 2078 1014 2120 cum
1039 2056 1179 2119 Galilaeo
1195 2057 1344 2118 Patavina
1361 2057 1579 2120 Mathernatico

222 2147 378 2227 approbet
402 2157 433 2211 et
455 2151 534 2211 serio
558 2152 601 2212 sic
625 2171 658 2211 se
682 2152 793 2212 habere
808 2150 918 2211 statuit
941 2151 976 2222 ⁰).
1019 2148 1209 2224 Argumenta
1233 2165 1317 2207 ureae
1342 2147 1519 2208 assertionis
1544 2168 1582 2208 ex

225 2236 325 2298 sacris
357 2257 494 2300 munnio:
518 2237 546 2312 1)
580 2240 785 2319 adstipulante
820 2238 911 2300 etiam
944 2237 1070 2317 physica
1093 2240 1121 2310 ⁰)
1152 2245 1183 2297 et
1214 2234 1407 2297 astronomia.
1463 2235 1580 2297 Deinde

224 2324 408 2388 refutabitur
430 2328 529 2406 opinio
553 2348 669 2399 eorum,
693 2329 742 2407 qni
766 2346 892 2407 corpora
917 2326 1062 2388 coelestia
1086 2326 1161 2387 adeo
1186 2333 1375 2386 monstrosae
1401 2324 1488 2385 molis
1513 2345 1580 2385 esse

224 2421 388 2494 putarunt,
418 2424 448 2477 et
472 2436 550 2477 nova
572 2417 761 2479 verisimilior
784 2416 928 2477 dimensio
953 2414 1131 2494 quantitatis
1154 2435 1174 2476 a
1196 2433 1243 2474 me
1266 2413 1423 2475 tradetur:
1462 2432 1521 2493 qua
1552 2414 1580 2474 in

225 2520 258 2564 re
281 2521 331 2564 mc
354 2504 512 2583 plurimum
532 2506 613 2584 juvit
635 2507 865 2577 instrumentum
888 2504 1059 2583 Belgicam,
1090 2503 1293 2584 perspicillnm
1317 2502 1406 2581 vulgo
1431 2510 1579 2564 vocatum.

227 2589 332 2654 Tertio
357 2593 578 2669 demonstrabo,
603 2595 753 2655 Venerem
778 2614 835 2655 non
860 2612 947 2655 secus
971 2593 1131 2654 illuminari
1154 2615 1173 2654 a
1195 2590 1267 2654 Sole
1291 2611 1415 2672 eamque
1440 2591 1578 2652 cornicu-

226 2681 335 2755 latam,
360 2687 515 2764 ὄιχοτομοτ
533 2693 592 2745 etc.
617 2685 710 2755 reddi,
736 2692 825 2763 prout
848 2704 867 2743 a
889 2683 944 2743 line
969 2681 1039 2743 anni
1054 2683 1215 2761 superioris
1236 2679 1258 2758 ῢ
1283 2700 1375 2761 nsque
1400 2682 1427 2742 in
1443 2680 1579 2763 Aprilem

225 2771 399 2850 praesentis
423 2793 441 2832 a
464 2792 512 2833 me
536 2792 592 2852 ope
615 2772 778 2852 perspicilli
796 2771 913 2850 Belgici
932 2772 1086 2833 multoties
1111 2781 1142 2833 et
1165 2770 1394 2852 diligentissime
1417 2770 1580 2832 observata

226 2865 260 2920 et
291 2859 360 2919 visa
392 2868 458 2936 est,
497 2862 614 2941 qnando
644 2862 749 2924 Venus
781 2861 918 2940 proxima
946 2860 1057 2921 Terrae
1091 2868 1156 2921 erat
1189 2880 1256 2925 cnm
1289 2860 1483 2921 occidentalis
1516 2867 1580 2920 tum

226 2946 397 3010 orientalis.
444 2948 562 3020 Quarto
595 2969 682 3031 agam
715 2951 752 3011 de
783 2950 868 3012 novis
900 2950 1033 3030 planetis
1055 2948 1244 3023 Jovialibus,
1283 2948 1332 3029 qui
1369 2948 1450 3009 circa
1471 2948 1580 3010 Jovem

226 3035 364 3098 luuntur
399 3046 432 3099 ut
462 3039 603 3119 planetae
634 3040 738 3119 reliqui
771 3039 851 3101 circa
882 3038 1000 3112 Solem,
1035 3039 1186 3119 inaequali
1218 3050 1318 3103 tamen
1351 3037 1514 3099 interstitio
1548 3045 1579 3099 et

225 3125 363 3205 periodo.
410 3127 542 3189 Duorum
572 3138 771 3191 extremorum
794 3128 934 3207 periodos
954 3127 1019 3206 jam
1049 3128 1189 3206 indagavi
1214 3127 1392 3206 tabulasque
1415 3126 1578 3199 construxi,

226 3222 261 3277 ut
283 3213 354 3275 inde
378 3216 457 3277 omni
481 3226 615 3297 tempore
632 3217 773 3279 facillime
797 3216 868 3277 sciri
891 3217 998 3296 possit,
1024 3224 1095 3295 quot
1118 3217 1238 3279 minutis
1262 3218 1377 3278 distent
1400 3236 1419 3275 a
1441 3214 1516 3275 Jove
1541 3215 1580 3275 ad

227 3303 368 3365 dextram
393 3305 594 3368 sinistramve.
633 3308 775 3388 Haecque
799 3306 857 3366 duo
882 3305 983 3384 capita
1006 3305 1112 3366 ultima
1135 3316 1205 3366 sunt
1227 3307 1316 3385 plane
1340 3303 1476 3365 inaudita
1499 3304 1578 3364 omni

226 3410 314 3454 aevo.
357 3394 473 3455 Forsan
497 3396 557 3458 alia
572 3396 675 3470 etiarn,
700 3395 819 3457 interim
835 3395 904 3455 dnrn
925 3394 1037 3466 laboro,
1064 3398 1251 3458 occurrent.“
1276 3396 1437 3471 Hucusque
1452 3391 1576 3453 Marius.

318 3481 424 3543 Habes
448 3483 539 3562 igitur
563 3486 658 3547 amice
683 3486 777 3547 lector
800 3485 1006 3546 confirmatam
1020 3482 1183 3563 perspicilli
1207 3484 1295 3546 iidem
1319 3482 1349 3542 in
1365 3480 1576 3541 observatione

226 3588 372 3634 uovorum
409 3573 584 3636 coelestium
623 3573 708 3636 unius
743 3574 864 3653 insuper
895 3571 1039 3634 Germani
1082 3571 1264 3635 testimonio.
1321 3568 1402 3640 Quid
1434 3568 1578 3648 impediat

226 3659 320 3740 igitur
359 3679 407 3721 me
449 3662 712 3742 praestantissimo
750 3662 947 3724 instrumento
980 3662 1191 3743 panegyricum
1223 3663 1280 3723 hoc
1312 3659 1414 3722 libello
1447 3675 1577 3737 pangere

226 3749 454 3828 geometricum,
479 3760 585 3833 teque,
612 3753 725 3826 lector,
757 3752 877 3813 honoris
902 3771 995 3813 eausa
1018 3752 1170 3830 praesenti
1195 3750 1292 3812 animo
1316 3757 1347 3811 et
1371 3766 1429 3809 non
1462 3744 1579 3823 vulgari

226 3838 339 3902 ruentis
364 3840 542 3916 attentione,
567 3844 635 3902 dnm
660 3861 726 3902 enm
751 3860 806 3919 ego
831 3840 935 3913 recito,
958 3840 1131 3901 interesse?
1162 3838 1233 3910 Qua
1256 3859 1348 3919 opera
1371 3845 1403 3899 et
1427 3835 1579 3916 ingenium

226 3945 318 3990 senes
343 3934 376 3989 et
399 3946 557 3992 causarum
580 3930 773 4010 perceptione
799 3931 910 3991 evades
933 3930 962 3990 in
986 3928 1178 4008 philosophia
1201 3929 1335 4002 doctior,
1361 3926 1398 3986 ad
1423 3924 1578 3988 mechani-

225 4035 291 4078 cum
316 4025 349 4077 et
376 4036 474 4078 rerum
499 4020 613 4081 utilium
637 4028 727 4099 atque
747 4019 945 4099 jucundarum
969 4017 1171 4080 inventionem
1194 4014 1383 4087 instructior,
1410 4015 1536 4094 denique
1561 4033 1580 4074 a

226 4105 307 4167 mille
331 4106 439 4175 modis.
473 4107 578 4187 quibus
604 4109 710 4186 vulgus
734 4107 763 4169 in
788 4127 918 4168 errorem
951 4108 1029 4168 solet
1061 4108 1169 4183 induci,
1203 4108 1320 4171 cautior
1352 4113 1442 4185 atque
1476 4102 1578 4164 tutior.

226 4194 307 4256 Vale
331 4204 364 4257 et
388 4196 444 4257 hoc
468 4198 652 4277 praeludium
677 4196 916 4276 aequibonique
940 4197 1072 4257 consule.

313 4292 361 4342 Eis
379 4293 444 4345 haec
462 4295 591 4344 addimus:
616 4296 717 4345 Literae
735 4294 842 4345 Galilaei
859 4294 931 4343 modo
949 4295 1099 4357 praemissae
1117 4296 1202 4344 insunt
1226 4294 1373 4344 editionibus
1393 4305 1492 4354 oporam
1511 4290 1581 4340 Gali·

226 4362 274 4414 lui
291 4379 358 4429 quse
375 4365 447 4414 nohis
464 4374 563 4429 praesto
590 4374 655 4423 sunt.
684 4367 773 4416 hlilani
802 4367 874 4415 annis
895 4363 1041 4414 reos-rt.
1062 4372 1088 4415 et
1105 4366 1244 4416 Florentiae
1274 4360 1422 4412 1842-56.
1448 4363 1579 4424 impressis,

226 4433 357 4485 &sumtus
375 4438 435 4485 item
454 4452 468 4485 e
486 4436 629 4501 Dioptrieae
648 4439 810 4501 praelatione.
848 4438 915 4486 lnter
934 4436 1039 4485 Galilaei
1058 4438 1240 4501 manuscripta,
1261 4450 1324 4499 quae
1344 4436 1418 4485 editio
1436 4433 1580 4482 Florentius

226 4508 328 4569 mum
347 4507 413 4571 typis
431 4509 550 4571 impresse
567 4510 593 4557 in
612 4510 698 4572 vulgus
717 4509 802 4565 edidit,
823 4508 880 4557 illae
900 4508 1005 4556 Galilaei
1029 4508 1115 4556 literae
1134 4523 1183 4557 non
1207 4507 1374 4569 deprehensae
1393 4505 1512 4553 videntur.
1551 4503 1579 4551 ln

226 4575 345 4628 flamehii
372 4578 517 4630 collectione
536 4578 609 4641 (Mse.
636 4578 831 4638 Viennensibus)
854 4580 908 4628 sola
930 4582 995 4627 inest
1021 4579 1126 4641 epistola
1151 4580 1174 4629 d.
1194 4579 1217 4626 d.
1240 4578 1279 4625 11.
1300 4578 1363 4626 Dec.
1383 4572 1459 4624 1610.
1496 4575 1577 4623 Editio

226 4662 376 4714 veroquam
396 4650 499 4699 diximus
517 4652 659 4701 Florentino
678 4652 751 4702 atisrt
769 4651 903 4715 Kepleri
929 4652 1111 4713 responsionem
1131 4651 1164 4701 ad
1181 4650 1246 4700 hanc
1271 4648 1399 4712 epistolam
1418 4646 1533 4698 Gulileei.

313 4731 400 4802 Quas
437 4732 477 4793 ad
514 4733 627 4793 Illustr.
662 4733 767 4812 Magni
804 4732 896 4792 Ducis
929 4732 1089 4794 Hetruriae
1128 4730 1288 4792 Oratorem
1325 4729 1436 4790 dedisti
1473 4729 1578 4788 literas

231 4818 278 4884 11.
302 4820 377 4883 Dec.
413 4819 507 4900 ipsius
537 4839 682 4884 concessu
716 4820 782 4900 legi.
837 4822 917 4883 Mira
950 4840 995 4882 me
1036 4822 1136 4881 differs
1169 4820 1334 4898 cupiditate
1367 4814 1577 4895 cognoscendi,

228 4911 373 4991 quoduam
398 4919 605 4989 argumentum
628 4911 702 4972 illud
726 4931 763 4973 ex
787 4910 878 4971 tertia
901 4920 954 4972 tna
972 4910 1183 4971 observatione
1207 4913 1351 4973 extrudis.
1398 4907 1478 4967 liam
1501 4905 1578 4966 duae

229 4998 454 5063 observationes
490 5000 707 5079 praecedentes
740 5008 857 5062 tuntum
887 4999 1002 5061 habent
1033 4999 1186 5074 raritatis,
1229 5008 1262 5060 nt
1292 5002 1328 5063 de
1359 4996 1470 5069 tertia,
1501 5013 1578 5090 queo

1308 5106 1368 5164 30}
