<?xml version="1.0" encoding="UTF-8"?>
<!DOCTYPE html PUBLIC "-//W3C//DTD XHTML 1.0 Transitional//EN"
    "http://www.w3.org/TR/xhtml1/DTD/xhtml1-transitional.dtd">
<html xmlns="http://www.w3.org/1999/xhtml" xml:lang="en" lang="en">
 <head>
  <title>
</title>
<meta http-equiv="Content-Type" content="text/html;charset=utf-8" />
  <meta name='ocr-system' content='tesseract 3.04.00' />
  <meta name='ocr-capabilities' content='ocr_page ocr_carea ocr_par ocr_line ocrx_word'/>
</head>
<body>
  <div class='ocr_page' id='page_1' title='image "./joanniskepleria01frisgoog/joanniskepleria01frisgoog_0615.png"; bbox 0 0 3692 5842; ppageno 0'>
   <div class='ocr_carea' id='block_1_1' title="bbox 789 499 1076 552">
    <p class='ocr_par' dir='ltr' id='par_1_1' title="bbox 789 499 1076 552">
     <span class='ocr_line' id='line_1_1' title="bbox 789 499 1076 552; baseline 0 -1"><span class='ocrx_word' id='word_1_1' title='bbox 789 500 820 551; x_wconf 84' lang='lat' dir='ltr'>de</span> <span class='ocrx_word' id='word_1_2' title='bbox 839 499 919 552; x_wconf 80' lang='lat' dir='ltr'>Stella</span> <span class='ocrx_word' id='word_1_3' title='bbox 936 499 1015 551; x_wconf 82' lang='lat' dir='ltr'>Nora.</span> <span class='ocrx_word' id='word_1_4' title='bbox 1073 541 1076 545; x_wconf 56' lang='grc'>,</span> 
     </span>
    </p>
   </div>
   <div class='ocr_carea' id='block_1_2' title="bbox 234 674 1142 741">
    <p class='ocr_par' dir='ltr' id='par_1_2' title="bbox 234 674 1142 741">
     <span class='ocr_line' id='line_1_2' title="bbox 234 674 1142 741; baseline -0.004 -12"><span class='ocrx_word' id='word_1_5' title='bbox 234 707 248 720; x_wconf 89' lang='grc'>-</span> <span class='ocrx_word' id='word_1_6' title='bbox 313 676 354 729; x_wconf 88' lang='lat' dir='ltr'>De</span> <span class='ocrx_word' id='word_1_7' title='bbox 372 682 427 728; x_wconf 86' lang='lat' dir='ltr'>ortu</span> <span class='ocrx_word' id='word_1_8' title='bbox 445 674 539 728; x_wconf 76' lang='lat' dir='ltr'>Stellae</span> <span class='ocrx_word' id='word_1_9' title='bbox 557 690 636 728; x_wconf 82' lang='lat' dir='ltr'>norae</span> <span class='ocrx_word' id='word_1_10' title='bbox 655 677 778 741; x_wconf 88' lang='lat' dir='ltr'>Keplems</span> <span class='ocrx_word' id='word_1_11' title='bbox 796 676 951 729; x_wconf 88' lang='lat' dir='ltr'>Sculteto</span> <span class='ocrx_word' id='word_1_12' title='bbox 969 678 1033 728; x_wconf 86' lang='lat' dir='ltr'>haec</span> <span class='ocrx_word' id='word_1_13' title='bbox 1051 678 1142 728; x_wconf 82' lang='lat' dir='ltr'>refert:</span> 
     </span>
    </p>
   </div>
   <div class='ocr_carea' id='block_1_3' title="bbox 224 765 1577 1022">
    <p class='ocr_par' dir='ltr' id='par_1_3' title="bbox 224 765 1577 1022">
     <span class='ocr_line' id='line_1_3' title="bbox 558 765 1243 846; baseline -0.003 -19"><span class='ocrx_word' id='word_1_14' title='bbox 558 767 634 828; x_wconf 92' lang='lat' dir='ltr'>Viro</span> <span class='ocrx_word' id='word_1_15' title='bbox 659 766 844 846; x_wconf 89' lang='lat' dir='ltr'>amplissimo</span> <span class='ocrx_word' id='word_1_16' title='bbox 869 776 900 827; x_wconf 87' lang='lat' dir='ltr'>et</span> <span class='ocrx_word' id='word_1_17' title='bbox 924 766 1092 828; x_wconf 89' lang='lat' dir='ltr'>clarissimo</span> <span class='ocrx_word' id='word_1_18' title='bbox 1116 765 1243 827; x_wconf 91' lang='lat' dir='ltr'>Domino</span> 
     </span>
     <span class='ocr_line' id='line_1_4' title="bbox 656 854 1147 917; baseline 0 -1"><span class='ocrx_word' id='word_1_19' title='bbox 656 856 944 917; x_wconf 90' lang='lat' dir='ltr'>Bartholomaen</span> <span class='ocrx_word' id='word_1_20' title='bbox 976 854 1147 917; x_wconf 86' lang='lat' dir='ltr'>Sculteto</span> 
     </span>
     <span class='ocr_line' id='line_1_5' title="bbox 224 938 1577 1022; baseline -0.003 -16"><span class='ocrx_word' id='word_1_21' title='bbox 224 940 421 1022; x_wconf 75' lang='lat' dir='ltr'>Reipublicae</span> <span class='ocrx_word' id='word_1_22' title='bbox 447 938 640 1003; x_wconf 80' lang='lat' dir='ltr'>Gdrlicianae</span> <span class='ocrx_word' id='word_1_23' title='bbox 666 942 801 1006; x_wconf 87' lang='lat' dir='ltr'>Consuli.</span> <span class='ocrx_word' id='word_1_24' title='bbox 848 946 977 1005; x_wconf 90' lang='lat' dir='ltr'>Domino</span> <span class='ocrx_word' id='word_1_25' title='bbox 1001 963 1067 1004; x_wconf 81' lang='lat' dir='ltr'>meo</span> <span class='ocrx_word' id='word_1_26' title='bbox 1091 944 1216 1005; x_wconf 90' lang='lat' dir='ltr'>colendo</span> <span class='ocrx_word' id='word_1_27' title='bbox 1240 942 1377 1005; x_wconf 83' lang='lat' dir='ltr'>Salutem</span> <span class='ocrx_word' id='word_1_28' title='bbox 1402 950 1433 1003; x_wconf 91' lang='lat' dir='ltr'>et</span> <span class='ocrx_word' id='word_1_29' title='bbox 1457 941 1577 1003; x_wconf 86' lang='lat' dir='ltr'>Officia.</span> 
     </span>
    </p>
   </div>
   <div class='ocr_carea' id='block_1_4' title="bbox 224 1046 1652 3520">
    <p class='ocr_par' dir='ltr' id='par_1_4' title="bbox 224 1046 1652 1466">
     <span class='ocr_line' id='line_1_6' title="bbox 314 1046 1579 1129; baseline -0.002 -20"><span class='ocrx_word' id='word_1_30' title='bbox 314 1046 490 1109; x_wconf 85' lang='lat' dir='ltr'>Clarissima</span> <span class='ocrx_word' id='word_1_31' title='bbox 515 1048 580 1109; x_wconf 86' lang='lat' dir='ltr'>Vir.</span> <span class='ocrx_word' id='word_1_32' title='bbox 627 1048 702 1112; x_wconf 84' lang='lat' dir='ltr'>Cum</span> <span class='ocrx_word' id='word_1_33' title='bbox 729 1070 822 1129; x_wconf 86' lang='lat' dir='ltr'>nuper</span> <span class='ocrx_word' id='word_1_34' title='bbox 845 1051 935 1111; x_wconf 85' lang='lat' dir='ltr'>officii</span> <span class='ocrx_word' id='word_1_35' title='bbox 959 1070 1052 1111; x_wconf 89' lang='lat' dir='ltr'>causa</span> <span class='ocrx_word' id='word_1_36' title='bbox 1076 1050 1247 1111; x_wconf 83' lang='lat' dir='ltr'>invisissem</span> <span class='ocrx_word' id='word_1_37' title='bbox 1271 1050 1307 1111; x_wconf 93' lang='lat' dir='ltr'>D.</span> <span class='ocrx_word' id='word_1_38' title='bbox 1327 1050 1364 1111; x_wconf 92' lang='lat' dir='ltr'>D.</span> <span class='ocrx_word' id='word_1_39' title='bbox 1380 1048 1579 1110; x_wconf 86' lang='lat' dir='ltr'>Schwalbium</span> 
     </span>
     <span class='ocr_line' id='line_1_7' title="bbox 224 1136 1580 1218; baseline -0.002 -19"><span class='ocrx_word' id='word_1_40' title='bbox 224 1145 346 1218; x_wconf 85' lang='lat' dir='ltr'>restrae</span> <span class='ocrx_word' id='word_1_41' title='bbox 361 1136 543 1215; x_wconf 89' lang='lat' dir='ltr'>reipublicae</span> <span class='ocrx_word' id='word_1_42' title='bbox 557 1138 713 1213; x_wconf 83' lang='lat' dir='ltr'>medicum,</span> <span class='ocrx_word' id='word_1_43' title='bbox 739 1138 764 1200; x_wconf 90' lang='lat' dir='ltr'>is</span> <span class='ocrx_word' id='word_1_44' title='bbox 788 1139 860 1200; x_wconf 88' lang='lat' dir='ltr'>mihi</span> <span class='ocrx_word' id='word_1_45' title='bbox 883 1139 1011 1217; x_wconf 87' lang='lat' dir='ltr'>plurima</span> <span class='ocrx_word' id='word_1_46' title='bbox 1035 1149 1065 1200; x_wconf 91' lang='lat' dir='ltr'>et</span> <span class='ocrx_word' id='word_1_47' title='bbox 1084 1139 1305 1218; x_wconf 84' lang='lat' dir='ltr'>jucundissima</span> <span class='ocrx_word' id='word_1_48' title='bbox 1321 1140 1357 1200; x_wconf 90' lang='lat' dir='ltr'>de</span> <span class='ocrx_word' id='word_1_49' title='bbox 1372 1136 1580 1199; x_wconf 78' lang='lat' dir='ltr'>Excellentiae</span> 
     </span>
     <span class='ocr_line' id='line_1_8' title="bbox 224 1225 1581 1305; baseline -0.002 -17"><span class='ocrx_word' id='word_1_50' title='bbox 224 1226 308 1288; x_wconf 79' lang='lat' dir='ltr'>Tuae</span> <span class='ocrx_word' id='word_1_51' title='bbox 324 1225 484 1303; x_wconf 85' lang='lat' dir='ltr'>dignit-ate,</span> <span class='ocrx_word' id='word_1_52' title='bbox 508 1227 700 1301; x_wconf 87' lang='lat' dir='ltr'>auctoritate,</span> <span class='ocrx_word' id='word_1_53' title='bbox 726 1228 889 1289; x_wconf 80' lang='lat' dir='ltr'>studiorum</span> <span class='ocrx_word' id='word_1_54' title='bbox 909 1228 1161 1289; x_wconf 87' lang='lat' dir='ltr'>oblectationibus</span> <span class='ocrx_word' id='word_1_55' title='bbox 1187 1240 1218 1288; x_wconf 88' lang='lat' dir='ltr'>et</span> <span class='ocrx_word' id='word_1_56' title='bbox 1234 1229 1311 1289; x_wconf 90' lang='lat' dir='ltr'>felici</span> <span class='ocrx_word' id='word_1_57' title='bbox 1327 1238 1417 1305; x_wconf 82' lang='lat' dir='ltr'>atoue</span> <span class='ocrx_word' id='word_1_58' title='bbox 1434 1228 1581 1304; x_wconf 81' lang='lat' dir='ltr'>longaeva</span> 
     </span>
     <span class='ocr_line' id='line_1_9' title="bbox 224 1313 1581 1396; baseline -0.003 -19"><span class='ocrx_word' id='word_1_59' title='bbox 224 1325 349 1378; x_wconf 86' lang='lat' dir='ltr'>senecta</span> <span class='ocrx_word' id='word_1_60' title='bbox 377 1313 528 1375; x_wconf 80' lang='lat' dir='ltr'>recensuit</span> <span class='ocrx_word' id='word_1_61' title='bbox 560 1335 665 1395; x_wconf 89' lang='lat' dir='ltr'>meque</span> <span class='ocrx_word' id='word_1_62' title='bbox 695 1317 845 1396; x_wconf 83' lang='lat' dir='ltr'>permovit</span> <span class='ocrx_word' id='word_1_63' title='bbox 868 1318 931 1378; x_wconf 86' lang='lat' dir='ltr'>suis</span> <span class='ocrx_word' id='word_1_64' title='bbox 956 1317 1226 1392; x_wconf 81' lang='lat' dir='ltr'>adhortationibus,</span> <span class='ocrx_word' id='word_1_65' title='bbox 1253 1326 1285 1378; x_wconf 91' lang='lat' dir='ltr'>nt</span> <span class='ocrx_word' id='word_1_66' title='bbox 1308 1319 1345 1378; x_wconf 92' lang='lat' dir='ltr'>ad</span> <span class='ocrx_word' id='word_1_67' title='bbox 1361 1315 1581 1376; x_wconf 79' lang='lat' dir='ltr'>Excellentiam</span> 
     </span>
     <span class='ocr_line' id='line_1_10' title="bbox 224 1403 1652 1466; baseline -0.004 0"><span class='ocrx_word' id='word_1_68' title='bbox 224 1403 320 1466; x_wconf 87' lang='lat' dir='ltr'>Tuam</span> <span class='ocrx_word' id='word_1_69' title='bbox 344 1403 515 1464; x_wconf 81' lang='lat' dir='ltr'>scriberem.</span> <span class='ocrx_word' id='word_1_70' title='bbox 1649 1414 1652 1420; x_wconf 87' lang='lat'>&#39;</span> 
     </span>
    </p>

    <p class='ocr_par' dir='ltr' id='par_1_5' title="bbox 224 1491 1584 2904">
     <span class='ocr_line' id='line_1_11' title="bbox 314 1491 1580 1571; baseline -0.001 -17"><span class='ocrx_word' id='word_1_71' title='bbox 314 1494 457 1571; x_wconf 78' lang='lat' dir='ltr'>Agnosco</span> <span class='ocrx_word' id='word_1_72' title='bbox 480 1491 556 1553; x_wconf 79' lang='lat' dir='ltr'>Exc.</span> <span class='ocrx_word' id='word_1_73' title='bbox 581 1492 663 1553; x_wconf 83' lang='lat' dir='ltr'>Tuae</span> <span class='ocrx_word' id='word_1_74' title='bbox 687 1493 876 1571; x_wconf 84' lang='lat' dir='ltr'>prudentiam</span> <span class='ocrx_word' id='word_1_75' title='bbox 902 1503 933 1553; x_wconf 88' lang='lat' dir='ltr'>et</span> <span class='ocrx_word' id='word_1_76' title='bbox 965 1494 1134 1555; x_wconf 85' lang='lat' dir='ltr'>cautionem</span> <span class='ocrx_word' id='word_1_77' title='bbox 1163 1493 1193 1554; x_wconf 90' lang='lat' dir='ltr'>in</span> <span class='ocrx_word' id='word_1_78' title='bbox 1217 1492 1273 1553; x_wconf 88' lang='lat' dir='ltr'>fide</span> <span class='ocrx_word' id='word_1_79' title='bbox 1299 1492 1468 1553; x_wconf 90' lang='lat' dir='ltr'>adhibenda</span> <span class='ocrx_word' id='word_1_80' title='bbox 1491 1492 1580 1569; x_wconf 85' lang='lat' dir='ltr'>longo</span> 
     </span>
     <span class='ocr_line' id='line_1_12' title="bbox 224 1578 1580 1662; baseline -0.001 -19"><span class='ocrx_word' id='word_1_81' title='bbox 224 1599 322 1645; x_wconf 84' lang='lat' dir='ltr'>rerum</span> <span class='ocrx_word' id='word_1_82' title='bbox 346 1600 402 1642; x_wconf 88' lang='lat' dir='ltr'>usu</span> <span class='ocrx_word' id='word_1_83' title='bbox 426 1589 457 1643; x_wconf 88' lang='lat' dir='ltr'>et</span> <span class='ocrx_word' id='word_1_84' title='bbox 480 1588 526 1642; x_wconf 91' lang='lat' dir='ltr'>tot</span> <span class='ocrx_word' id='word_1_85' title='bbox 552 1581 617 1660; x_wconf 92' lang='lat' dir='ltr'>jam</span> <span class='ocrx_word' id='word_1_86' title='bbox 649 1582 740 1644; x_wconf 89' lang='lat' dir='ltr'>variis</span> <span class='ocrx_word' id='word_1_87' title='bbox 773 1582 942 1662; x_wconf 86' lang='lat' dir='ltr'>hujusmodi</span> <span class='ocrx_word' id='word_1_88' title='bbox 975 1583 1140 1644; x_wconf 87' lang='lat' dir='ltr'>rumoribus</span> <span class='ocrx_word' id='word_1_89' title='bbox 1174 1581 1381 1643; x_wconf 84' lang='lat' dir='ltr'>exercitatam.</span> <span class='ocrx_word' id='word_1_90' title='bbox 1431 1578 1580 1651; x_wconf 88' lang='lat' dir='ltr'>Ceterum,</span> 
     </span>
     <span class='ocr_line' id='line_1_13' title="bbox 224 1668 1581 1750; baseline -0.003 -18"><span class='ocrx_word' id='word_1_91' title='bbox 224 1670 304 1750; x_wconf 80' lang='lat' dir='ltr'>quod</span> <span class='ocrx_word' id='word_1_92' title='bbox 328 1670 440 1730; x_wconf 86' lang='lat' dir='ltr'>attinet</span> <span class='ocrx_word' id='word_1_93' title='bbox 463 1679 652 1748; x_wconf 85' lang='lat' dir='ltr'>praesentem</span> <span class='ocrx_word' id='word_1_94' title='bbox 677 1690 842 1744; x_wconf 85' lang='lat' dir='ltr'>rumorem,</span> <span class='ocrx_word' id='word_1_95' title='bbox 875 1672 901 1731; x_wconf 88' lang='lat' dir='ltr'>is</span> <span class='ocrx_word' id='word_1_96' title='bbox 932 1690 1020 1731; x_wconf 90' lang='lat' dir='ltr'>verus</span> <span class='ocrx_word' id='word_1_97' title='bbox 1051 1681 1107 1732; x_wconf 88' lang='lat' dir='ltr'>est.</span> <span class='ocrx_word' id='word_1_98' title='bbox 1158 1670 1233 1730; x_wconf 87' lang='lat' dir='ltr'>Visa</span> <span class='ocrx_word' id='word_1_99' title='bbox 1258 1679 1305 1729; x_wconf 86' lang='lat' dir='ltr'>est</span> <span class='ocrx_word' id='word_1_100' title='bbox 1336 1688 1416 1729; x_wconf 82' lang='lat' dir='ltr'>nova</span> <span class='ocrx_word' id='word_1_101' title='bbox 1438 1670 1529 1730; x_wconf 83' lang='lat' dir='ltr'>stella</span> <span class='ocrx_word' id='word_1_102' title='bbox 1552 1668 1581 1729; x_wconf 92' lang='lat' dir='ltr'>in</span> 
     </span>
     <span class='ocr_line' id='line_1_14' title="bbox 224 1757 1580 1838; baseline -0.002 -17"><span class='ocrx_word' id='word_1_103' title='bbox 224 1757 395 1838; x_wconf 81' lang='lat' dir='ltr'>Hispania,</span> <span class='ocrx_word' id='word_1_104' title='bbox 427 1757 537 1827; x_wconf 88' lang='lat' dir='ltr'>Italia,</span> <span class='ocrx_word' id='word_1_105' title='bbox 566 1759 731 1834; x_wconf 89' lang='lat' dir='ltr'>Bohemia,</span> <span class='ocrx_word' id='word_1_106' title='bbox 756 1760 894 1834; x_wconf 74' lang='lat' dir='ltr'>Arsada,</span> <span class='ocrx_word' id='word_1_107' title='bbox 921 1759 1067 1820; x_wconf 89' lang='lat' dir='ltr'>Ostfrisia</span> <span class='ocrx_word' id='word_1_108' title='bbox 1100 1760 1205 1821; x_wconf 86' lang='lat' dir='ltr'>eodem</span> <span class='ocrx_word' id='word_1_109' title='bbox 1238 1768 1388 1838; x_wconf 83' lang='lat' dir='ltr'>tempore3</span> <span class='ocrx_word' id='word_1_110' title='bbox 1423 1778 1497 1837; x_wconf 87' lang='lat' dir='ltr'>quae</span> <span class='ocrx_word' id='word_1_111' title='bbox 1532 1758 1580 1818; x_wconf 91' lang='lat' dir='ltr'>die</span> 
     </span>
     <span class='ocr_line' id='line_1_15' title="bbox 224 1843 1580 1926; baseline -0.004 -14"><span class='ocrx_word' id='word_1_112' title='bbox 224 1843 257 1912; x_wconf 82' lang='grc' dir='ltr'><strong>Β.</strong></span> <span class='ocrx_word' id='word_1_113' title='bbox 283 1845 354 1909; x_wconf 88' lang='lat' dir='ltr'>Oct.</span> <span class='ocrx_word' id='word_1_114' title='bbox 379 1865 437 1908; x_wconf 95' lang='lat' dir='ltr'>non</span> <span class='ocrx_word' id='word_1_115' title='bbox 462 1848 537 1921; x_wconf 88' lang='lat' dir='ltr'>fuit,</span> <span class='ocrx_word' id='word_1_116' title='bbox 563 1846 610 1908; x_wconf 90' lang='lat' dir='ltr'>die</span> <span class='ocrx_word' id='word_1_117' title='bbox 637 1846 687 1910; x_wconf 89' lang='grc'><strong>10.</strong></span> <span class='ocrx_word' id='word_1_118' title='bbox 712 1849 777 1911; x_wconf 90' lang='lat' dir='ltr'>fuit.</span> <span class='ocrx_word' id='word_1_119' title='bbox 825 1850 883 1909; x_wconf 87' lang='lat' dir='ltr'>Illa</span> <span class='ocrx_word' id='word_1_120' title='bbox 907 1868 964 1911; x_wconf 90' lang='lat' dir='ltr'>non</span> <span class='ocrx_word' id='word_1_121' title='bbox 994 1849 1051 1909; x_wconf 91' lang='lat' dir='ltr'>fuit</span> <span class='ocrx_word' id='word_1_122' title='bbox 1075 1847 1244 1920; x_wconf 85' lang='lat' dir='ltr'>Saturnus,</span> <span class='ocrx_word' id='word_1_123' title='bbox 1268 1848 1387 1926; x_wconf 82' lang='lat' dir='ltr'>Jupiter</span> <span class='ocrx_word' id='word_1_124' title='bbox 1410 1859 1462 1907; x_wconf 85' lang='lat' dir='ltr'>aut</span> <span class='ocrx_word' id='word_1_125' title='bbox 1484 1847 1580 1921; x_wconf 85' lang='lat' dir='ltr'>Mars,</span> 
     </span>
     <span class='ocr_line' id='line_1_16' title="bbox 224 1933 1581 2017; baseline -0.001 -20"><span class='ocrx_word' id='word_1_126' title='bbox 224 1933 296 2017; x_wconf 83' lang='lat' dir='ltr'>qnia</span> <span class='ocrx_word' id='word_1_127' title='bbox 319 1954 423 1997; x_wconf 91' lang='lat' dir='ltr'>omnes</span> <span class='ocrx_word' id='word_1_128' title='bbox 448 1944 511 1997; x_wconf 89' lang='lat' dir='ltr'>tres</span> <span class='ocrx_word' id='word_1_129' title='bbox 530 1936 620 2015; x_wconf 78' lang='lat' dir='ltr'>juxta</span> <span class='ocrx_word' id='word_1_130' title='bbox 645 1936 735 2005; x_wconf 91' lang='lat' dir='ltr'>illam,</span> <span class='ocrx_word' id='word_1_131' title='bbox 761 1938 889 1998; x_wconf 87' lang='lat' dir='ltr'>ethaeo</span> <span class='ocrx_word' id='word_1_132' title='bbox 914 1949 1022 2016; x_wconf 88' lang='lat' dir='ltr'>quarta</span> <span class='ocrx_word' id='word_1_133' title='bbox 1045 1938 1142 2015; x_wconf 89' lang='lat' dir='ltr'>major</span> <span class='ocrx_word' id='word_1_134' title='bbox 1166 1936 1300 1997; x_wconf 91' lang='lat' dir='ltr'>omnibns</span> <span class='ocrx_word' id='word_1_135' title='bbox 1324 1936 1390 1996; x_wconf 89' lang='lat' dir='ltr'>visa</span> <span class='ocrx_word' id='word_1_136' title='bbox 1409 1945 1466 1998; x_wconf 90' lang='lat' dir='ltr'>est.</span> <span class='ocrx_word' id='word_1_137' title='bbox 1514 1935 1581 1996; x_wconf 93' lang='lat' dir='ltr'>Ob-</span> 
     </span>
     <span class='ocr_line' id='line_1_17' title="bbox 224 2023 1580 2107; baseline -0.002 -21"><span class='ocrx_word' id='word_1_138' title='bbox 224 2025 375 2086; x_wconf 81' lang='lat' dir='ltr'>servando</span> <span class='ocrx_word' id='word_1_139' title='bbox 399 2033 582 2104; x_wconf 89' lang='lat' dir='ltr'>compertum</span> <span class='ocrx_word' id='word_1_140' title='bbox 607 2025 797 2086; x_wconf 85' lang='lat' dir='ltr'>sextantibus</span> <span class='ocrx_word' id='word_1_141' title='bbox 821 2026 998 2107; x_wconf 89' lang='lat' dir='ltr'>Tychonicis</span> <span class='ocrx_word' id='word_1_142' title='bbox 1023 2026 1060 2086; x_wconf 86' lang='lat' dir='ltr'>ad</span> <span class='ocrx_word' id='word_1_143' title='bbox 1086 2025 1246 2087; x_wconf 88' lang='lat' dir='ltr'>distantias</span> <span class='ocrx_word' id='word_1_144' title='bbox 1271 2045 1289 2084; x_wconf 89' lang='lat' dir='ltr'>a</span> <span class='ocrx_word' id='word_1_145' title='bbox 1311 2024 1387 2097; x_wconf 79' lang='lat' dir='ltr'>fixis,</span> <span class='ocrx_word' id='word_1_146' title='bbox 1413 2033 1445 2084; x_wconf 91' lang='lat' dir='ltr'>ut</span> <span class='ocrx_word' id='word_1_147' title='bbox 1460 2023 1580 2102; x_wconf 84' lang='lat' dir='ltr'>Aquila,</span> 
     </span>
     <span class='ocr_line' id='line_1_18' title="bbox 224 2111 1581 2194; baseline -0.003 -17"><span class='ocrx_word' id='word_1_148' title='bbox 224 2113 326 2194; x_wconf 80' lang='lat' dir='ltr'>sepite</span> <span class='ocrx_word' id='word_1_149' title='bbox 342 2111 502 2194; x_wconf 85' lang='lat' dir='ltr'>Ophiuchi,</span> <span class='ocrx_word' id='word_1_150' title='bbox 526 2133 603 2193; x_wconf 87' lang='lat' dir='ltr'>genu</span> <span class='ocrx_word' id='word_1_151' title='bbox 628 2113 823 2194; x_wconf 85' lang='lat' dir='ltr'>Serpentarii‚</span> <span class='ocrx_word' id='word_1_152' title='bbox 849 2116 937 2175; x_wconf 87' lang='lat' dir='ltr'>corde</span> <span class='ocrx_word' id='word_1_153' title='bbox 962 2114 1088 2194; x_wconf 89' lang='lat' dir='ltr'>Scorpii,</span> <span class='ocrx_word' id='word_1_154' title='bbox 1113 2116 1234 2177; x_wconf 91' lang='lat' dir='ltr'>humero</span> <span class='ocrx_word' id='word_1_155' title='bbox 1250 2112 1407 2191; x_wconf 84' lang='lat' dir='ltr'>Sagittarii</span> <span class='ocrx_word' id='word_1_156' title='bbox 1428 2112 1581 2183; x_wconf 90' lang='lat' dir='ltr'>adhibitis,</span> 
     </span>
     <span class='ocr_line' id='line_1_19' title="bbox 224 2198 1584 2277; baseline -0.003 -11"><span class='ocrx_word' id='word_1_157' title='bbox 224 2202 309 2266; x_wconf 84' lang='lat' dir='ltr'>illam</span> <span class='ocrx_word' id='word_1_158' title='bbox 334 2201 458 2264; x_wconf 87' lang='lat' dir='ltr'>haerere</span> <span class='ocrx_word' id='word_1_159' title='bbox 483 2202 511 2263; x_wconf 92' lang='lat' dir='ltr'>in</span> <span class='ocrx_word' id='word_1_160' title='bbox 540 2198 598 2266; x_wconf 83' lang='lat'>17⁰</span> <span class='ocrx_word' id='word_1_161' title='bbox 619 2199 673 2265; x_wconf 63' lang='lat' dir='ltr'>‘ll‘</span> <span class='ocrx_word' id='word_1_162' title='bbox 698 2211 736 2277; x_wconf 56' lang='grc' dir='ltr'>β,</span> <span class='ocrx_word' id='word_1_163' title='bbox 763 2204 841 2265; x_wconf 89' lang='lat' dir='ltr'>latit.</span> <span class='ocrx_word' id='word_1_164' title='bbox 870 2202 906 2264; x_wconf 82' lang='lat'>1⁰</span> <span class='ocrx_word' id='word_1_165' title='bbox 924 2202 978 2266; x_wconf 61' lang='lat'>551</span> <span class='ocrx_word' id='word_1_166' title='bbox 1003 2205 1064 2264; x_wconf 88' lang='lat' dir='ltr'>bor.</span> <span class='ocrx_word' id='word_1_167' title='bbox 1114 2202 1189 2265; x_wconf 87' lang='lat' dir='ltr'>Cum</span> <span class='ocrx_word' id='word_1_168' title='bbox 1214 2211 1314 2264; x_wconf 91' lang='lat' dir='ltr'>autem</span> <span class='ocrx_word' id='word_1_169' title='bbox 1339 2211 1401 2263; x_wconf 91' lang='lat' dir='ltr'>tum</span> <span class='ocrx_word' id='word_1_170' title='bbox 1416 2200 1470 2263; x_wconf 90' lang='lat' dir='ltr'>Sol</span> <span class='ocrx_word' id='word_1_171' title='bbox 1495 2200 1584 2262; x_wconf 87' lang='lat' dir='ltr'>fuerit</span> 
     </span>
     <span class='ocr_line' id='line_1_20' title="bbox 224 2287 1582 2373; baseline -0.004 -19"><span class='ocrx_word' id='word_1_172' title='bbox 224 2289 255 2354; x_wconf 90' lang='lat' dir='ltr'>in</span> <span class='ocrx_word' id='word_1_173' title='bbox 283 2287 343 2355; x_wconf 72' lang='grc' dir='ltr'>18θ</span> <span class='ocrx_word' id='word_1_174' title='bbox 366 2301 423 2361; x_wconf 57' lang='lat'>2,</span> <span class='ocrx_word' id='word_1_175' title='bbox 449 2310 521 2369; x_wconf 85' lang='lat' dir='ltr'>ergo</span> <span class='ocrx_word' id='word_1_176' title='bbox 545 2310 639 2373; x_wconf 86' lang='lat' dir='ltr'>neque</span> <span class='ocrx_word' id='word_1_177' title='bbox 664 2292 768 2352; x_wconf 88' lang='lat' dir='ltr'>Venus</span> <span class='ocrx_word' id='word_1_178' title='bbox 793 2312 886 2372; x_wconf 85' lang='lat' dir='ltr'>neque</span> <span class='ocrx_word' id='word_1_179' title='bbox 910 2293 1078 2354; x_wconf 88' lang='lat' dir='ltr'>Mercurius</span> <span class='ocrx_word' id='word_1_180' title='bbox 1102 2293 1149 2354; x_wconf 90' lang='lat' dir='ltr'>hic</span> <span class='ocrx_word' id='word_1_181' title='bbox 1174 2310 1241 2353; x_wconf 86' lang='lat' dir='ltr'>esse</span> <span class='ocrx_word' id='word_1_182' title='bbox 1265 2291 1382 2370; x_wconf 85' lang='lat' dir='ltr'>potuit,</span> <span class='ocrx_word' id='word_1_183' title='bbox 1411 2290 1481 2370; x_wconf 89' lang='lat' dir='ltr'>quia</span> <span class='ocrx_word' id='word_1_184' title='bbox 1504 2308 1582 2350; x_wconf 93' lang='lat' dir='ltr'>uun-</span> 
     </span>
     <span class='ocr_line' id='line_1_21' title="bbox 224 2373 1584 2458; baseline -0.004 -16"><span class='ocrx_word' id='word_1_185' title='bbox 224 2380 379 2458; x_wconf 83' lang='lat' dir='ltr'>quemad</span> <span class='ocrx_word' id='word_1_186' title='bbox 412 2374 474 2442; x_wconf 74' lang='grc' dir='ltr'>60ο</span> <span class='ocrx_word' id='word_1_187' title='bbox 496 2380 671 2440; x_wconf 86' lang='lat' dir='ltr'>distantiam</span> <span class='ocrx_word' id='word_1_188' title='bbox 703 2402 722 2440; x_wconf 89' lang='lat' dir='ltr'>a</span> <span class='ocrx_word' id='word_1_189' title='bbox 745 2380 817 2442; x_wconf 89' lang='lat' dir='ltr'>Sole</span> <span class='ocrx_word' id='word_1_190' title='bbox 848 2382 1015 2442; x_wconf 88' lang='lat' dir='ltr'>discedunt.</span> <span class='ocrx_word' id='word_1_191' title='bbox 1067 2380 1188 2441; x_wconf 90' lang='lat' dir='ltr'>Occidit</span> <span class='ocrx_word' id='word_1_192' title='bbox 1218 2380 1333 2441; x_wconf 90' lang='lat' dir='ltr'>heliace</span> <span class='ocrx_word' id='word_1_193' title='bbox 1365 2379 1443 2440; x_wconf 89' lang='lat' dir='ltr'>inter</span> <span class='ocrx_word' id='word_1_194' title='bbox 1478 2373 1527 2440; x_wconf 85' lang='grc'><strong>16.</strong></span> <span class='ocrx_word' id='word_1_195' title='bbox 1553 2385 1584 2437; x_wconf 89' lang='lat' dir='ltr'>et</span> 
     </span>
     <span class='ocr_line' id='line_1_22' title="bbox 224 2465 1584 2548; baseline -0.005 -16"><span class='ocrx_word' id='word_1_196' title='bbox 224 2465 280 2532; x_wconf 82' lang='lat'>²³.</span> <span class='ocrx_word' id='word_1_197' title='bbox 306 2467 498 2530; x_wconf 83' lang='lat' dir='ltr'>Novembris.</span> <span class='ocrx_word' id='word_1_198' title='bbox 546 2467 624 2530; x_wconf 86' lang='lat' dir='ltr'>Orta</span> <span class='ocrx_word' id='word_1_199' title='bbox 649 2477 696 2529; x_wconf 87' lang='lat' dir='ltr'>est</span> <span class='ocrx_word' id='word_1_200' title='bbox 727 2470 841 2529; x_wconf 86' lang='lat' dir='ltr'>heliace</span> <span class='ocrx_word' id='word_1_201' title='bbox 866 2467 918 2531; x_wconf 78' lang='lat' dir='ltr'>at.</span> <span class='ocrx_word' id='word_1_202' title='bbox 944 2469 1017 2530; x_wconf 91' lang='lat' dir='ltr'>Dec.</span> <span class='ocrx_word' id='word_1_203' title='bbox 1065 2470 1163 2548; x_wconf 88' lang='lat' dir='ltr'>Major</span> <span class='ocrx_word' id='word_1_204' title='bbox 1186 2469 1262 2530; x_wconf 84' lang='lat' dir='ltr'>Jove</span> <span class='ocrx_word' id='word_1_205' title='bbox 1297 2469 1370 2542; x_wconf 87' lang='lat' dir='ltr'>fuit,</span> <span class='ocrx_word' id='word_1_206' title='bbox 1400 2467 1464 2546; x_wconf 88' lang='lat' dir='ltr'>jam</span> <span class='ocrx_word' id='word_1_207' title='bbox 1489 2466 1584 2526; x_wconf 91' lang='lat' dir='ltr'>minor</span> 
     </span>
     <span class='ocr_line' id='line_1_23' title="bbox 224 2555 1582 2637; baseline -0.004 -17"><span class='ocrx_word' id='word_1_208' title='bbox 224 2555 359 2621; x_wconf 76' lang='lat' dir='ltr'>Saturno</span> <span class='ocrx_word' id='word_1_209' title='bbox 384 2566 451 2631; x_wconf 87' lang='lat' dir='ltr'>est,</span> <span class='ocrx_word' id='word_1_210' title='bbox 486 2556 535 2636; x_wconf 92' lang='lat' dir='ltr'>qui</span> <span class='ocrx_word' id='word_1_211' title='bbox 558 2558 693 2637; x_wconf 85' lang='lat' dir='ltr'>proxime</span> <span class='ocrx_word' id='word_1_212' title='bbox 717 2558 799 2620; x_wconf 91' lang='lat' dir='ltr'>illam</span> <span class='ocrx_word' id='word_1_213' title='bbox 823 2566 896 2619; x_wconf 88' lang='lat' dir='ltr'>stat.</span> <span class='ocrx_word' id='word_1_214' title='bbox 943 2559 1025 2619; x_wconf 93' lang='lat' dir='ltr'>Loco</span> <span class='ocrx_word' id='word_1_215' title='bbox 1051 2577 1108 2619; x_wconf 91' lang='lat' dir='ltr'>non</span> <span class='ocrx_word' id='word_1_216' title='bbox 1133 2565 1287 2631; x_wconf 85' lang='lat' dir='ltr'>movetur,</span> <span class='ocrx_word' id='word_1_217' title='bbox 1323 2577 1358 2617; x_wconf 89' lang='lat' dir='ltr'>ne</span> <span class='ocrx_word' id='word_1_218' title='bbox 1391 2556 1430 2616; x_wconf 90' lang='lat' dir='ltr'>ad</span> <span class='ocrx_word' id='word_1_219' title='bbox 1465 2555 1582 2615; x_wconf 88' lang='lat' dir='ltr'>unicum</span> 
     </span>
     <span class='ocr_line' id='line_1_24' title="bbox 224 2642 1583 2728; baseline -0.003 -20"><span class='ocrx_word' id='word_1_220' title='bbox 224 2645 345 2728; x_wconf 80' lang='lat' dir='ltr'>quidem</span> <span class='ocrx_word' id='word_1_221' title='bbox 379 2646 534 2707; x_wconf 89' lang='lat' dir='ltr'>minutum.</span> <span class='ocrx_word' id='word_1_222' title='bbox 580 2645 637 2707; x_wconf 90' lang='lat' dir='ltr'>Die</span> <span class='ocrx_word' id='word_1_223' title='bbox 667 2643 697 2710; x_wconf 84' lang='lat'>9.</span> <span class='ocrx_word' id='word_1_224' title='bbox 722 2647 796 2709; x_wconf 88' lang='lat' dir='ltr'>Dec.</span> <span class='ocrx_word' id='word_1_225' title='bbox 830 2646 884 2709; x_wconf 88' lang='lat' dir='ltr'>Sol</span> <span class='ocrx_word' id='word_1_226' title='bbox 917 2648 956 2708; x_wconf 87' lang='lat' dir='ltr'>ad</span> <span class='ocrx_word' id='word_1_227' title='bbox 989 2647 1084 2728; x_wconf 86' lang='lat' dir='ltr'>ipsam</span> <span class='ocrx_word' id='word_1_228' title='bbox 1122 2647 1223 2720; x_wconf 75' lang='lat' dir='ltr'>venit,</span> <span class='ocrx_word' id='word_1_229' title='bbox 1262 2645 1309 2705; x_wconf 89' lang='lat' dir='ltr'>die</span> <span class='ocrx_word' id='word_1_230' title='bbox 1350 2642 1398 2708; x_wconf 90' lang='grc'><strong>13.</strong></span> <span class='ocrx_word' id='word_1_231' title='bbox 1425 2642 1583 2713; x_wconf 84' lang='lat' dir='ltr'>Saturnus,</span> 
     </span>
     <span class='ocr_line' id='line_1_25' title="bbox 224 2729 1582 2814; baseline -0.004 -16"><span class='ocrx_word' id='word_1_232' title='bbox 224 2729 277 2799; x_wconf 77' lang='lat'>23.</span> <span class='ocrx_word' id='word_1_233' title='bbox 301 2733 479 2807; x_wconf 85' lang='lat' dir='ltr'>Mercurius,</span> <span class='ocrx_word' id='word_1_234' title='bbox 505 2730 556 2796; x_wconf 76' lang='lat'>24.</span> <span class='ocrx_word' id='word_1_235' title='bbox 581 2732 634 2798; x_wconf 83' lang='lat'>25.</span> <span class='ocrx_word' id='word_1_236' title='bbox 657 2735 725 2796; x_wconf 90' lang='lat' dir='ltr'>Jan.</span> <span class='ocrx_word' id='word_1_237' title='bbox 750 2738 857 2797; x_wconf 87' lang='lat' dir='ltr'>Venus</span> <span class='ocrx_word' id='word_1_238' title='bbox 881 2755 971 2814; x_wconf 88' lang='lat' dir='ltr'>snper</span> <span class='ocrx_word' id='word_1_239' title='bbox 994 2737 1074 2796; x_wconf 88' lang='lat' dir='ltr'>illam</span> <span class='ocrx_word' id='word_1_240' title='bbox 1103 2735 1235 2796; x_wconf 88' lang='lat' dir='ltr'>transiit.</span> <span class='ocrx_word' id='word_1_241' title='bbox 1282 2735 1389 2812; x_wconf 88' lang='lat' dir='ltr'>Itaque</span> <span class='ocrx_word' id='word_1_242' title='bbox 1422 2733 1582 2794; x_wconf 85' lang='lat' dir='ltr'>confirma·</span> 
     </span>
     <span class='ocr_line' id='line_1_26' title="bbox 227 2823 1311 2904; baseline -0.003 -18"><span class='ocrx_word' id='word_1_243' title='bbox 227 2823 352 2886; x_wconf 82' lang='lat' dir='ltr'>tissima</span> <span class='ocrx_word' id='word_1_244' title='bbox 374 2843 423 2885; x_wconf 91' lang='lat' dir='ltr'>res</span> <span class='ocrx_word' id='word_1_245' title='bbox 447 2832 504 2896; x_wconf 89' lang='lat' dir='ltr'>est,</span> <span class='ocrx_word' id='word_1_246' title='bbox 529 2825 607 2902; x_wconf 91' lang='lat' dir='ltr'>quod</span> <span class='ocrx_word' id='word_1_247' title='bbox 630 2833 748 2903; x_wconf 87' lang='lat' dir='ltr'>gratum</span> <span class='ocrx_word' id='word_1_248' title='bbox 772 2825 835 2885; x_wconf 88' lang='lat' dir='ltr'>fore</span> <span class='ocrx_word' id='word_1_249' title='bbox 859 2824 963 2904; x_wconf 86' lang='lat' dir='ltr'>putavi</span> <span class='ocrx_word' id='word_1_250' title='bbox 986 2824 1193 2886; x_wconf 85' lang='lat' dir='ltr'>Excellentlae</span> <span class='ocrx_word' id='word_1_251' title='bbox 1218 2823 1311 2883; x_wconf 87' lang='lat' dir='ltr'>Tuae.</span> 
     </span>
    </p>

    <p class='ocr_par' dir='ltr' id='par_1_6' title="bbox 224 2912 1583 3079">
     <span class='ocr_line' id='line_1_27' title="bbox 315 2912 1583 2995; baseline -0.002 -23"><span class='ocrx_word' id='word_1_252' title='bbox 315 2912 395 2974; x_wconf 88' lang='lat' dir='ltr'>Vale</span> <span class='ocrx_word' id='word_1_253' title='bbox 442 2912 571 2974; x_wconf 82' lang='lat' dir='ltr'>feliciter</span> <span class='ocrx_word' id='word_1_254' title='bbox 616 2924 648 2974; x_wconf 90' lang='lat' dir='ltr'>et</span> <span class='ocrx_word' id='word_1_255' title='bbox 688 2932 734 2973; x_wconf 92' lang='lat' dir='ltr'>me</span> <span class='ocrx_word' id='word_1_256' title='bbox 768 2914 1003 2995; x_wconf 90' lang='lat' dir='ltr'>Tychonicorum</span> <span class='ocrx_word' id='word_1_257' title='bbox 1045 2913 1210 2975; x_wconf 90' lang='lat' dir='ltr'>studiorum</span> <span class='ocrx_word' id='word_1_258' title='bbox 1242 2930 1386 2973; x_wconf 89' lang='lat' dir='ltr'>summum</span> <span class='ocrx_word' id='word_1_259' title='bbox 1419 2917 1583 2971; x_wconf 86' lang='lat' dir='ltr'>amatorem</span> 
     </span>
     <span class='ocr_line' id='line_1_28' title="bbox 224 3000 459 3079; baseline -0.013 -15"><span class='ocrx_word' id='word_1_260' title='bbox 224 3019 327 3064; x_wconf 80' lang='lat' dir='ltr'>eruere</span> <span class='ocrx_word' id='word_1_261' title='bbox 352 3000 459 3079; x_wconf 89' lang='lat' dir='ltr'>incipe.</span> 
     </span>
    </p>

    <p class='ocr_par' dir='ltr' id='par_1_7' title="bbox 313 3085 742 3169">
     <span class='ocr_line' id='line_1_29' title="bbox 313 3085 742 3169; baseline 0 -19"><span class='ocrx_word' id='word_1_262' title='bbox 313 3089 434 3169; x_wconf 81' lang='lat' dir='ltr'>Pragae</span> <span class='ocrx_word' id='word_1_263' title='bbox 458 3086 509 3153; x_wconf 84' lang='lat'>20.</span> <span class='ocrx_word' id='word_1_264' title='bbox 533 3088 620 3152; x_wconf 83' lang='lat' dir='ltr'>Febr.</span> <span class='ocrx_word' id='word_1_265' title='bbox 649 3085 742 3151; x_wconf 85' lang='lat'>1605.</span> 
     </span>
    </p>

    <p class='ocr_par' dir='ltr' id='par_1_8' title="bbox 580 3176 1491 3520">
     <span class='ocr_line' id='line_1_30' title="bbox 580 3176 1062 3238; baseline -0.006 1"><span class='ocrx_word' id='word_1_266' title='bbox 580 3216 582 3220; x_wconf 92' lang='lat'><em>-</em></span> <span class='ocrx_word' id='word_1_267' title='bbox 747 3179 830 3238; x_wconf 91' lang='lat' dir='ltr'>Tuae</span> <span class='ocrx_word' id='word_1_268' title='bbox 853 3176 1062 3238; x_wconf 85' lang='lat' dir='ltr'>Excellentiae</span> 
     </span>
     <span class='ocr_line' id='line_1_31' title="bbox 1142 3265 1380 3327; baseline -0.008 0"><span class='ocrx_word' id='word_1_269' title='bbox 1142 3265 1380 3327; x_wconf 88' lang='lat' dir='ltr'>officiosissimus</span> 
     </span>
     <span class='ocr_line' id='line_1_32' title="bbox 1152 3352 1365 3435; baseline 0.019 -20"><span class='ocrx_word' id='word_1_270' title='bbox 1152 3354 1185 3415; x_wconf 90' lang='lat' dir='ltr'>J.</span> <span class='ocrx_word' id='word_1_271' title='bbox 1215 3352 1365 3435; x_wconf 80' lang='lat' dir='ltr'>Keppler‚</span> 
     </span>
     <span class='ocr_line' id='line_1_33' title="bbox 1024 3441 1491 3520; baseline -0.004 -18"><span class='ocrx_word' id='word_1_272' title='bbox 1024 3442 1111 3503; x_wconf 89' lang='lat' dir='ltr'>Kais.</span> <span class='ocrx_word' id='word_1_273' title='bbox 1140 3443 1216 3520; x_wconf 90' lang='lat' dir='ltr'>Maj.</span> <span class='ocrx_word' id='word_1_274' title='bbox 1246 3441 1491 3503; x_wconf 88' lang='lat' dir='ltr'>Mathematicus.</span> 
     </span>
    </p>
   </div>
   <div class='ocr_carea' id='block_1_5' title="bbox 224 3544 1586 4814">
    <p class='ocr_par' dir='ltr' id='par_1_9' title="bbox 224 3544 1582 3828">
     <span class='ocr_line' id='line_1_34' title="bbox 314 3544 1581 3611; baseline 0.001 -16"><span class='ocrx_word' id='word_1_275' title='bbox 314 3544 400 3597; x_wconf 79' lang='lat' dir='ltr'>Geusa</span> <span class='ocrx_word' id='word_1_276' title='bbox 416 3547 606 3611; x_wconf 83' lang='lat' dir='ltr'>perscripturum</span> <span class='ocrx_word' id='word_1_277' title='bbox 625 3546 711 3596; x_wconf 82' lang='lat' dir='ltr'>harum</span> <span class='ocrx_word' id='word_1_278' title='bbox 729 3547 855 3596; x_wconf 87' lang='lat' dir='ltr'>literarum</span> <span class='ocrx_word' id='word_1_279' title='bbox 875 3546 906 3596; x_wconf 88' lang='lat' dir='ltr'>ad</span> <span class='ocrx_word' id='word_1_280' title='bbox 927 3550 1003 3595; x_wconf 87' lang='lat' dir='ltr'>antea</span> <span class='ocrx_word' id='word_1_281' title='bbox 1020 3546 1131 3611; x_wconf 74' lang='lat' dir='ltr'>ignotum</span> <span class='ocrx_word' id='word_1_282' title='bbox 1148 3549 1224 3596; x_wconf 85' lang='lat' dir='ltr'>virum</span> <span class='ocrx_word' id='word_1_283' title='bbox 1242 3553 1313 3611; x_wconf 88' lang='lat' dir='ltr'>patet</span> <span class='ocrx_word' id='word_1_284' title='bbox 1332 3562 1361 3596; x_wconf 88' lang='lat' dir='ltr'>ex</span> <span class='ocrx_word' id='word_1_285' title='bbox 1374 3547 1466 3596; x_wconf 89' lang='lat' dir='ltr'>ultimis</span> <span class='ocrx_word' id='word_1_286' title='bbox 1479 3546 1581 3608; x_wconf 88' lang='lat' dir='ltr'>Kepleri</span> 
     </span>
     <span class='ocr_line' id='line_1_35' title="bbox 224 3615 1581 3682; baseline -0.004 -12"><span class='ocrx_word' id='word_1_287' title='bbox 224 3618 313 3670; x_wconf 71' lang='lat' dir='ltr'>rutis</span> <span class='ocrx_word' id='word_1_288' title='bbox 339 3615 453 3679; x_wconf 82' lang='lat' dir='ltr'>&#39;fychnni</span> <span class='ocrx_word' id='word_1_289' title='bbox 471 3617 587 3667; x_wconf 85' lang='lat' dir='ltr'>diuturna</span> <span class='ocrx_word' id='word_1_290' title='bbox 605 3621 750 3681; x_wconf 72' lang='lat' dir='ltr'>conjunctus</span> <span class='ocrx_word' id='word_1_291' title='bbox 764 3624 818 3668; x_wconf 86' lang='lat' dir='ltr'>erat</span> <span class='ocrx_word' id='word_1_292' title='bbox 837 3618 947 3667; x_wconf 89' lang='lat' dir='ltr'>amicitia</span> <span class='ocrx_word' id='word_1_293' title='bbox 959 3616 1091 3674; x_wconf 66' lang='lat' dir='ltr'>Scultetua</span> <span class='ocrx_word' id='word_1_294' title='bbox 1112 3627 1138 3667; x_wconf 87' lang='lat' dir='ltr'>et</span> <span class='ocrx_word' id='word_1_295' title='bbox 1153 3619 1215 3667; x_wconf 87' lang='lat' dir='ltr'>forto</span> <span class='ocrx_word' id='word_1_296' title='bbox 1234 3619 1275 3667; x_wconf 91' lang='lat' dir='ltr'>ille</span> <span class='ocrx_word' id='word_1_297' title='bbox 1294 3632 1366 3682; x_wconf 88' lang='lat' dir='ltr'>quem</span> <span class='ocrx_word' id='word_1_298' title='bbox 1385 3618 1446 3667; x_wconf 88' lang='lat' dir='ltr'>dicit</span> <span class='ocrx_word' id='word_1_299' title='bbox 1458 3617 1581 3680; x_wconf 87' lang='lat' dir='ltr'>Keplerus</span> 
     </span>
     <span class='ocr_line' id='line_1_36' title="bbox 224 3688 1582 3753; baseline -0.004 -11"><span class='ocrx_word' id='word_1_300' title='bbox 224 3690 339 3742; x_wconf 68' lang='lat' dir='ltr'>miliens</span> <span class='ocrx_word' id='word_1_301' title='bbox 359 3688 508 3739; x_wconf 83' lang='lat' dir='ltr'>Obrlicensis</span> <span class='ocrx_word' id='word_1_302' title='bbox 527 3703 611 3738; x_wconf 89' lang='lat' dir='ltr'>senem</span> <span class='ocrx_word' id='word_1_303' title='bbox 629 3689 697 3738; x_wconf 89' lang='lat' dir='ltr'>illum</span> <span class='ocrx_word' id='word_1_304' title='bbox 716 3690 778 3739; x_wconf 89' lang='lat' dir='ltr'>bene</span> <span class='ocrx_word' id='word_1_305' title='bbox 796 3690 910 3738; x_wconf 89' lang='lat' dir='ltr'>meritum</span> <span class='ocrx_word' id='word_1_306' title='bbox 922 3690 948 3737; x_wconf 91' lang='lat' dir='ltr'>iu</span> <span class='ocrx_word' id='word_1_307' title='bbox 961 3688 1083 3737; x_wconf 87' lang='lat' dir='ltr'>laetitiam</span> <span class='ocrx_word' id='word_1_308' title='bbox 1103 3692 1224 3753; x_wconf 73' lang='lat' dir='ltr'>conjicere</span> <span class='ocrx_word' id='word_1_309' title='bbox 1243 3690 1319 3738; x_wconf 79' lang='lat' dir='ltr'>voluit</span> <span class='ocrx_word' id='word_1_310' title='bbox 1337 3689 1413 3737; x_wconf 90' lang='lat' dir='ltr'>literis</span> <span class='ocrx_word' id='word_1_311' title='bbox 1431 3688 1469 3737; x_wconf 85' lang='lat' dir='ltr'>his</span> <span class='ocrx_word' id='word_1_312' title='bbox 1488 3689 1582 3737; x_wconf 82' lang='lat' dir='ltr'>asocio</span> 
     </span>
     <span class='ocr_line' id='line_1_37' title="bbox 224 3759 1026 3828; baseline -0.002 -18"><span class='ocrx_word' id='word_1_313' title='bbox 224 3759 352 3828; x_wconf 67' lang='lat' dir='ltr'>quendem</span> <span class='ocrx_word' id='word_1_314' title='bbox 368 3759 505 3809; x_wconf 86' lang='lat' dir='ltr'>studiorum</span> <span class='ocrx_word' id='word_1_315' title='bbox 523 3761 597 3809; x_wconf 86' lang='lat' dir='ltr'>amici</span> <span class='ocrx_word' id='word_1_316' title='bbox 615 3760 738 3823; x_wconf 87' lang='lat' dir='ltr'>Tychouis</span> <span class='ocrx_word' id='word_1_317' title='bbox 757 3763 857 3825; x_wconf 87' lang='lat' dir='ltr'>ejusque</span> <span class='ocrx_word' id='word_1_318' title='bbox 876 3773 1026 3810; x_wconf 87' lang='lat' dir='ltr'>successore.</span> 
     </span>
    </p>

    <p class='ocr_par' dir='ltr' id='par_1_10' title="bbox 224 3828 1586 4590">
     <span class='ocr_line' id='line_1_38' title="bbox 316 3828 1584 3891; baseline 0 -12"><span class='ocrx_word' id='word_1_319' title='bbox 316 3829 389 3891; x_wconf 81' lang='lat' dir='ltr'>Quae</span> <span class='ocrx_word' id='word_1_320' title='bbox 410 3830 442 3879; x_wconf 89' lang='lat' dir='ltr'>de</span> <span class='ocrx_word' id='word_1_321' title='bbox 460 3832 511 3879; x_wconf 85' lang='lat' dir='ltr'>rita</span> <span class='ocrx_word' id='word_1_322' title='bbox 524 3830 629 3880; x_wconf 85' lang='lat' dir='ltr'>Sculteti</span> <span class='ocrx_word' id='word_1_323' title='bbox 648 3837 771 3889; x_wconf 82' lang='lat' dir='ltr'>constant,</span> <span class='ocrx_word' id='word_1_324' title='bbox 790 3831 854 3880; x_wconf 90' lang='lat' dir='ltr'>bueo</span> <span class='ocrx_word' id='word_1_325' title='bbox 867 3837 941 3879; x_wconf 87' lang='lat' dir='ltr'>sunt:</span> <span class='ocrx_word' id='word_1_326' title='bbox 961 3837 1034 3879; x_wconf 89' lang='lat' dir='ltr'>natus</span> <span class='ocrx_word' id='word_1_327' title='bbox 1052 3828 1260 3888; x_wconf 78' lang='lat' dir='ltr'>estann01532‚</span> <span class='ocrx_word' id='word_1_328' title='bbox 1279 3830 1482 3879; x_wconf 87' lang='lat' dir='ltr'>mathematicam</span> <span class='ocrx_word' id='word_1_329' title='bbox 1500 3828 1584 3879; x_wconf 87' lang='lat' dir='ltr'>docuit</span> 
     </span>
     <span class='ocr_line' id='line_1_39' title="bbox 224 3901 1583 3968; baseline -0.001 -17"><span class='ocrx_word' id='word_1_330' title='bbox 224 3901 327 3968; x_wconf 73' lang='lat' dir='ltr'>lipsiae</span> <span class='ocrx_word' id='word_1_331' title='bbox 347 3908 374 3949; x_wconf 86' lang='lat' dir='ltr'>et</span> <span class='ocrx_word' id='word_1_332' title='bbox 391 3901 562 3966; x_wconf 74' lang='lat' dir='ltr'>Wrttebergeu</span> <span class='ocrx_word' id='word_1_333' title='bbox 586 3907 685 3951; x_wconf 85' lang='lat' dir='ltr'>secutus</span> <span class='ocrx_word' id='word_1_334' title='bbox 709 3910 895 3965; x_wconf 86' lang='lat' dir='ltr'>praeceptorem</span> <span class='ocrx_word' id='word_1_335' title='bbox 913 3901 1069 3958; x_wconf 87' lang='lat' dir='ltr'>Homolium,</span> <span class='ocrx_word' id='word_1_336' title='bbox 1095 3901 1151 3951; x_wconf 91' lang='lat' dir='ltr'>dein</span> <span class='ocrx_word' id='word_1_337' title='bbox 1171 3902 1319 3952; x_wconf 89' lang='lat' dir='ltr'>Goerlieium</span> <span class='ocrx_word' id='word_1_338' title='bbox 1337 3908 1506 3966; x_wconf 72' lang='lat' dir='ltr'>trunsgressus</span> <span class='ocrx_word' id='word_1_339' title='bbox 1525 3915 1583 3951; x_wconf 91' lang='lat' dir='ltr'>con·</span> 
     </span>
     <span class='ocr_line' id='line_1_40' title="bbox 224 3970 1584 4037; baseline -0.001 -13"><span class='ocrx_word' id='word_1_340' title='bbox 224 3972 283 4024; x_wconf 75' lang='lat' dir='ltr'>nus</span> <span class='ocrx_word' id='word_1_341' title='bbox 301 3972 457 4037; x_wconf 72' lang='lat' dir='ltr'>fungebatur</span> <span class='ocrx_word' id='word_1_342' title='bbox 474 3987 583 4029; x_wconf 82' lang='lat' dir='ltr'>munere,</span> <span class='ocrx_word' id='word_1_343' title='bbox 603 3981 629 4021; x_wconf 93' lang='lat' dir='ltr'>et</span> <span class='ocrx_word' id='word_1_344' title='bbox 646 3987 696 4021; x_wconf 92' lang='lat' dir='ltr'>uon</span> <span class='ocrx_word' id='word_1_345' title='bbox 715 3974 809 4022; x_wconf 86' lang='lat' dir='ltr'>omissis</span> <span class='ocrx_word' id='word_1_346' title='bbox 827 3973 946 4035; x_wconf 85' lang='lat' dir='ltr'>prioribus</span> <span class='ocrx_word' id='word_1_347' title='bbox 965 3972 1052 4021; x_wconf 88' lang='lat' dir='ltr'>studiis</span> <span class='ocrx_word' id='word_1_348' title='bbox 1069 3987 1169 4035; x_wconf 78' lang='lat' dir='ltr'>operum</span> <span class='ocrx_word' id='word_1_349' title='bbox 1189 3975 1264 4021; x_wconf 87' lang='lat' dir='ltr'>etiem</span> <span class='ocrx_word' id='word_1_350' title='bbox 1283 3973 1363 4035; x_wconf 90' lang='lat' dir='ltr'>posuit</span> <span class='ocrx_word' id='word_1_351' title='bbox 1381 3974 1406 4021; x_wconf 93' lang='lat' dir='ltr'>in</span> <span class='ocrx_word' id='word_1_352' title='bbox 1426 3970 1584 4022; x_wconf 79' lang='lat' dir='ltr'>conficiendis</span> 
     </span>
     <span class='ocr_line' id='line_1_41' title="bbox 224 4042 1585 4109; baseline -0.002 -13"><span class='ocrx_word' id='word_1_353' title='bbox 224 4045 398 4096; x_wconf 61' lang='lat' dir='ltr'>mentis</span> <span class='ocrx_word' id='word_1_354' title='bbox 426 4044 604 4093; x_wconf 76' lang='lat' dir='ltr'>astronomicis.</span> <span class='ocrx_word' id='word_1_355' title='bbox 642 4046 715 4092; x_wconf 81' lang='lat' dir='ltr'>Anno</span> <span class='ocrx_word' id='word_1_356' title='bbox 736 4042 811 4091; x_wconf 79' lang='grc'><strong>1572.</strong></span> <span class='ocrx_word' id='word_1_357' title='bbox 841 4045 956 4092; x_wconf 88' lang='lat' dir='ltr'>emissum</span> <span class='ocrx_word' id='word_1_358' title='bbox 980 4050 1019 4092; x_wconf 90' lang='lat' dir='ltr'>est</span> <span class='ocrx_word' id='word_1_359' title='bbox 1037 4058 1097 4106; x_wconf 88' lang='lat' dir='ltr'>opus</span> <span class='ocrx_word' id='word_1_360' title='bbox 1116 4044 1148 4094; x_wconf 86' lang='lat' dir='ltr'>ab</span> <span class='ocrx_word' id='word_1_361' title='bbox 1165 4059 1194 4094; x_wconf 91' lang='lat' dir='ltr'>eo</span> <span class='ocrx_word' id='word_1_362' title='bbox 1222 4045 1386 4107; x_wconf 88' lang='lat' dir='ltr'>conscriptum</span> <span class='ocrx_word' id='word_1_363' title='bbox 1405 4043 1435 4093; x_wconf 90' lang='lat' dir='ltr'>de</span> <span class='ocrx_word' id='word_1_364' title='bbox 1453 4042 1585 4109; x_wconf 81' lang='lat' dir='ltr'>horologiis</span> 
     </span>
     <span class='ocr_line' id='line_1_42' title="bbox 224 4111 1586 4177; baseline 0.001 -15"><span class='ocrx_word' id='word_1_365' title='bbox 224 4112 394 4177; x_wconf 79' lang='lat' dir='ltr'>(Guomonice</span> <span class='ocrx_word' id='word_1_366' title='bbox 413 4111 579 4177; x_wconf 86' lang='lat' dir='ltr'>inscriptum),</span> <span class='ocrx_word' id='word_1_367' title='bbox 599 4114 715 4163; x_wconf 88' lang='lat' dir='ltr'>adhibitis</span> <span class='ocrx_word' id='word_1_368' title='bbox 727 4114 834 4164; x_wconf 83' lang='lat' dir='ltr'>Homolii</span> <span class='ocrx_word' id='word_1_369' title='bbox 851 4114 1024 4177; x_wconf 86' lang='lat' dir='ltr'>manuscriptis</span> <span class='ocrx_word' id='word_1_370' title='bbox 1042 4115 1142 4164; x_wconf 89' lang='lat' dir='ltr'>relictis.</span> <span class='ocrx_word' id='word_1_371' title='bbox 1170 4114 1359 4164; x_wconf 83' lang='lat' dir='ltr'>Observationes</span> <span class='ocrx_word' id='word_1_372' title='bbox 1371 4129 1430 4163; x_wconf 89' lang='lat' dir='ltr'>suas</span> <span class='ocrx_word' id='word_1_373' title='bbox 1444 4113 1474 4163; x_wconf 90' lang='lat' dir='ltr'>de</span> <span class='ocrx_word' id='word_1_374' title='bbox 1487 4122 1586 4165; x_wconf 88' lang='lat' dir='ltr'>comete</span> 
     </span>
     <span class='ocr_line' id='line_1_43' title="bbox 224 4182 1583 4248; baseline -0.002 -15"><span class='ocrx_word' id='word_1_375' title='bbox 224 4185 285 4237; x_wconf 75' lang='lat' dir='ltr'>uni</span> <span class='ocrx_word' id='word_1_376' title='bbox 300 4182 379 4233; x_wconf 80' lang='grc'><strong>1577.</strong></span> <span class='ocrx_word' id='word_1_377' title='bbox 398 4184 489 4248; x_wconf 88' lang='lat' dir='ltr'>publici</span> <span class='ocrx_word' id='word_1_378' title='bbox 506 4186 568 4246; x_wconf 90' lang='lat' dir='ltr'>juris</span> <span class='ocrx_word' id='word_1_379' title='bbox 580 4184 640 4234; x_wconf 88' lang='lat' dir='ltr'>fecit</span> <span class='ocrx_word' id='word_1_380' title='bbox 651 4186 677 4233; x_wconf 93' lang='lat' dir='ltr'>in</span> <span class='ocrx_word' id='word_1_381' title='bbox 689 4186 754 4241; x_wconf 36' lang='lat' dir='ltr'>libro.</span> <span class='ocrx_word' id='word_1_382' title='bbox 767 4185 900 4247; x_wconf 87' lang='lat' dir='ltr'>inscripto:</span> <span class='ocrx_word' id='word_1_383' title='bbox 921 4184 1066 4241; x_wconf 70' lang='lat' dir='ltr'>„cometam</span> <span class='ocrx_word' id='word_1_384' title='bbox 1086 4199 1151 4235; x_wconf 85' lang='lat' dir='ltr'>suno</span> <span class='ocrx_word' id='word_1_385' title='bbox 1163 4186 1325 4234; x_wconf 86' lang='lat' dir='ltr'>humanitatis</span> <span class='ocrx_word' id='word_1_386' title='bbox 1340 4182 1415 4233; x_wconf 86' lang='grc'><strong>1577.</strong></span> <span class='ocrx_word' id='word_1_387' title='bbox 1437 4198 1453 4233; x_wconf 90' lang='lat' dir='ltr'>a</span> <span class='ocrx_word' id='word_1_388' title='bbox 1469 4183 1507 4231; x_wconf 85' lang='lat' dir='ltr'>tn.</span> <span class='ocrx_word' id='word_1_389' title='bbox 1521 4184 1583 4233; x_wconf 85' lang='lat' dir='ltr'>Nor.</span> 
     </span>
     <span class='ocr_line' id='line_1_44' title="bbox 224 4252 1583 4322; baseline 0 -17"><span class='ocrx_word' id='word_1_390' title='bbox 224 4269 266 4322; x_wconf 80' lang='lat' dir='ltr'>per</span> <span class='ocrx_word' id='word_1_391' title='bbox 285 4255 452 4305; x_wconf 79' lang='lat' dir='ltr'>Decembrem</span> <span class='ocrx_word' id='word_1_392' title='bbox 470 4256 496 4303; x_wconf 91' lang='lat' dir='ltr'>in</span> <span class='ocrx_word' id='word_1_393' title='bbox 519 4252 557 4303; x_wconf 80' lang='grc'>13,</span> <span class='ocrx_word' id='word_1_394' title='bbox 577 4255 634 4304; x_wconf 82' lang='lat' dir='ltr'>Jan.</span> <span class='ocrx_word' id='word_1_395' title='bbox 655 4256 713 4305; x_wconf 84' lang='lat' dir='ltr'>anni</span> <span class='ocrx_word' id='word_1_396' title='bbox 738 4257 877 4318; x_wconf 85' lang='lat' dir='ltr'>sequentis,</span> <span class='ocrx_word' id='word_1_397' title='bbox 906 4255 939 4303; x_wconf 81' lang='lat'>55</span> <span class='ocrx_word' id='word_1_398' title='bbox 960 4255 1045 4304; x_wconf 89' lang='lat' dir='ltr'>diebus</span> <span class='ocrx_word' id='word_1_399' title='bbox 1064 4257 1090 4304; x_wconf 89' lang='lat' dir='ltr'>in</span> <span class='ocrx_word' id='word_1_400' title='bbox 1108 4257 1234 4305; x_wconf 85' lang='lat' dir='ltr'>sublunari</span> <span class='ocrx_word' id='word_1_401' title='bbox 1256 4257 1356 4320; x_wconf 77' lang='lat' dir='ltr'>regione</span> <span class='ocrx_word' id='word_1_402' title='bbox 1380 4257 1522 4317; x_wconf 83' lang='lat' dir='ltr'>apparentis</span> <span class='ocrx_word' id='word_1_403' title='bbox 1541 4254 1583 4305; x_wconf 88' lang='lat' dir='ltr'>de-</span> 
     </span>
     <span class='ocr_line' id='line_1_45' title="bbox 224 4319 1583 4392; baseline 0 -17"><span class='ocrx_word' id='word_1_404' title='bbox 224 4319 335 4392; x_wconf 72' lang='lat' dir='ltr'>su&#39;lptlo.</span> <span class='ocrx_word' id='word_1_405' title='bbox 373 4326 455 4375; x_wconf 85' lang='lat' dir='ltr'>Ooerl</span> <span class='ocrx_word' id='word_1_406' title='bbox 477 4324 572 4382; x_wconf 80' lang='lat' dir='ltr'>lb78,“</span> <span class='ocrx_word' id='word_1_407' title='bbox 593 4327 672 4391; x_wconf 88' lang='lat' dir='ltr'>deque</span> <span class='ocrx_word' id='word_1_408' title='bbox 691 4340 720 4374; x_wconf 90' lang='lat' dir='ltr'>eo</span> <span class='ocrx_word' id='word_1_409' title='bbox 739 4326 846 4387; x_wconf 91' lang='lat' dir='ltr'>pluribus</span> <span class='ocrx_word' id='word_1_410' title='bbox 872 4328 926 4391; x_wconf 74' lang='lat' dir='ltr'>egit</span> <span class='ocrx_word' id='word_1_411' title='bbox 944 4325 1027 4387; x_wconf 87' lang='lat' dir='ltr'>Tyoho</span> <span class='ocrx_word' id='word_1_412' title='bbox 1045 4328 1071 4376; x_wconf 90' lang='lat' dir='ltr'>in</span> <span class='ocrx_word' id='word_1_413' title='bbox 1094 4341 1180 4390; x_wconf 89' lang='lat' dir='ltr'>opere:</span> <span class='ocrx_word' id='word_1_414' title='bbox 1207 4326 1246 4375; x_wconf 87' lang='lat' dir='ltr'>De</span> <span class='ocrx_word' id='word_1_415' title='bbox 1265 4326 1349 4375; x_wconf 92' lang='lat' dir='ltr'>mnndi</span> <span class='ocrx_word' id='word_1_416' title='bbox 1368 4325 1478 4375; x_wconf 81' lang='lat' dir='ltr'>aetherei</span> <span class='ocrx_word' id='word_1_417' title='bbox 1496 4340 1583 4375; x_wconf 88' lang='lat' dir='ltr'>recen·</span> 
     </span>
     <span class='ocr_line' id='line_1_46' title="bbox 224 4395 1584 4459; baseline -0.002 -11"><span class='ocrx_word' id='word_1_418' title='bbox 224 4398 327 4448; x_wconf 65' lang='lat' dir='ltr'>unus</span> <span class='ocrx_word' id='word_1_419' title='bbox 354 4396 532 4459; x_wconf 85' lang='lat' dir='ltr'>pbsenorneuis</span> <span class='ocrx_word' id='word_1_420' title='bbox 559 4396 620 4446; x_wconf 89' lang='lat' dir='ltr'>liber</span> <span class='ocrx_word' id='word_1_421' title='bbox 646 4398 776 4446; x_wconf 87' lang='lat' dir='ltr'>secundus.</span> <span class='ocrx_word' id='word_1_422' title='bbox 823 4395 926 4447; x_wconf 81' lang='lat' dir='ltr'>Urunib.</span> <span class='ocrx_word' id='word_1_423' title='bbox 959 4395 1033 4446; x_wconf 80' lang='grc'><strong>1588.</strong></span> <span class='ocrx_word' id='word_1_424' title='bbox 1082 4398 1157 4447; x_wconf 87' lang='lat' dir='ltr'>Teste</span> <span class='ocrx_word' id='word_1_425' title='bbox 1183 4396 1313 4447; x_wconf 84' lang='lat' dir='ltr'>Joecherio</span> <span class='ocrx_word' id='word_1_426' title='bbox 1348 4395 1456 4446; x_wconf 84' lang='lat' dir='ltr'>coniecit</span> <span class='ocrx_word' id='word_1_427' title='bbox 1483 4395 1584 4445; x_wconf 80' lang='lat' dir='ltr'>chartas</span> 
     </span>
     <span class='ocr_line' id='line_1_47' title="bbox 224 4466 1583 4590; baseline 0 -74"><span class='ocrx_word' id='word_1_428' title='bbox 224 4466 561 4590; x_wconf 45' lang='grc' dir='ltr'>ᾞήςοοςηρὴίω,</span> <span class='ocrx_word' id='word_1_429' title='bbox 587 4468 667 4586; x_wconf 49' lang='lat' dir='ltr'>{didit</span> <span class='ocrx_word' id='word_1_430' title='bbox 686 4467 815 4530; x_wconf 85' lang='lat' dir='ltr'>epistolam</span> <span class='ocrx_word' id='word_1_431' title='bbox 835 4466 972 4587; x_wconf 46' lang='lat' dir='ltr'>mliii,</span> <span class='ocrx_word' id='word_1_432' title='bbox 997 4469 1094 4531; x_wconf 84' lang='lat' dir='ltr'>scripsit</span> <span class='ocrx_word' id='word_1_433' title='bbox 1114 4468 1206 4526; x_wconf 76' lang='lat' dir='ltr'>„vitam</span> <span class='ocrx_word' id='word_1_434' title='bbox 1228 4466 1318 4516; x_wconf 85' lang='lat' dir='ltr'>Christi</span> <span class='ocrx_word' id='word_1_435' title='bbox 1337 4473 1363 4517; x_wconf 86' lang='lat' dir='ltr'>et</span> <span class='ocrx_word' id='word_1_436' title='bbox 1384 4466 1583 4530; x_wconf 79' lang='lat' dir='ltr'>Apostolorum“,</span> 
     </span>
    </p>

    <p class='ocr_par' dir='ltr' id='par_1_11' title="bbox 325 4544 969 4601">
     <span class='ocr_line' id='line_1_48' title="bbox 325 4544 969 4601; baseline -0.003 -14"><span class='ocrx_word' id='word_1_437' title='bbox 325 4552 342 4587; x_wconf 85' lang='lat' dir='ltr'>e</span> <span class='ocrx_word' id='word_1_438' title='bbox 363 4553 406 4586; x_wconf 90' lang='lat' dir='ltr'>um</span> <span class='ocrx_word' id='word_1_439' title='bbox 423 4544 568 4601; x_wconf 91' lang='lat' dir='ltr'>perpetuum</span> <span class='ocrx_word' id='word_1_440' title='bbox 611 4553 643 4593; x_wconf 77' lang='grc' dir='ltr'>ο..</span> <span class='ocrx_word' id='word_1_441' title='bbox 663 4544 688 4587; x_wconf 91' lang='lat' dir='ltr'>et</span> <span class='ocrx_word' id='word_1_442' title='bbox 706 4544 816 4587; x_wconf 89' lang='lat' dir='ltr'>mortuus</span> <span class='ocrx_word' id='word_1_443' title='bbox 835 4545 873 4586; x_wconf 91' lang='lat' dir='ltr'>est</span> <span class='ocrx_word' id='word_1_444' title='bbox 964 4573 969 4585; x_wconf 86' lang='lat'>.</span> 
     </span>
    </p>

    <p class='ocr_par' dir='ltr' id='par_1_12' title="bbox 224 4604 1582 4745">
     <span class='ocr_line' id='line_1_49' title="bbox 293 4604 1582 4671; baseline -0.001 -13"><span class='ocrx_word' id='word_1_445' title='bbox 293 4606 487 4658; x_wconf 80' lang='lat' dir='ltr'>&#39;Desumsimns</span> <span class='ocrx_word' id='word_1_446' title='bbox 514 4608 615 4671; x_wconf 85' lang='lat' dir='ltr'>Kepleri</span> <span class='ocrx_word' id='word_1_447' title='bbox 645 4608 729 4657; x_wconf 82' lang='lat' dir='ltr'>literas</span> <span class='ocrx_word' id='word_1_448' title='bbox 749 4623 763 4658; x_wconf 88' lang='lat' dir='ltr'>e</span> <span class='ocrx_word' id='word_1_449' title='bbox 781 4607 892 4658; x_wconf 86' lang='lat' dir='ltr'>Meisteri</span> <span class='ocrx_word' id='word_1_450' title='bbox 910 4608 1047 4659; x_wconf 81' lang='lat' dir='ltr'>Annalibus</span> <span class='ocrx_word' id='word_1_451' title='bbox 1067 4607 1271 4658; x_wconf 86' lang='lat' dir='ltr'>Goerliciensibus</span> <span class='ocrx_word' id='word_1_452' title='bbox 1292 4608 1378 4656; x_wconf 80' lang='lat' dir='ltr'>moniti</span> <span class='ocrx_word' id='word_1_453' title='bbox 1397 4621 1441 4670; x_wconf 90' lang='lat' dir='ltr'>per</span> <span class='ocrx_word' id='word_1_454' title='bbox 1459 4604 1582 4657; x_wconf 86' lang='lat' dir='ltr'>Sobeube·</span> 
     </span>
     <span class='ocr_line' id='line_1_50' title="bbox 224 4677 1582 4745; baseline -0.002 -16"><span class='ocrx_word' id='word_1_455' title='bbox 224 4679 292 4741; x_wconf 69' lang='lat' dir='ltr'>liu,</span> <span class='ocrx_word' id='word_1_456' title='bbox 312 4680 355 4745; x_wconf 80' lang='lat' dir='ltr'>qui</span> <span class='ocrx_word' id='word_1_457' title='bbox 372 4679 420 4729; x_wconf 83' lang='lat' dir='ltr'>hee</span> <span class='ocrx_word' id='word_1_458' title='bbox 438 4680 523 4729; x_wconf 81' lang='lat' dir='ltr'>literas</span> <span class='ocrx_word' id='word_1_459' title='bbox 540 4681 566 4728; x_wconf 91' lang='lat' dir='ltr'>in</span> <span class='ocrx_word' id='word_1_460' title='bbox 584 4679 771 4743; x_wconf 77' lang='lat' dir='ltr'>Bibliographia</span> <span class='ocrx_word' id='word_1_461' title='bbox 788 4694 835 4729; x_wconf 86' lang='lat' dir='ltr'>sna</span> <span class='ocrx_word' id='word_1_462' title='bbox 853 4682 1021 4730; x_wconf 80' lang='lat' dir='ltr'>astronomiae</span> <span class='ocrx_word' id='word_1_463' title='bbox 1038 4680 1108 4743; x_wconf 83' lang='lat' dir='ltr'>quasi</span> <span class='ocrx_word' id='word_1_464' title='bbox 1129 4685 1271 4742; x_wconf 84' lang='lat' dir='ltr'>sepuratum</span> <span class='ocrx_word' id='word_1_465' title='bbox 1287 4678 1362 4728; x_wconf 90' lang='lat' dir='ltr'>refert</span> <span class='ocrx_word' id='word_1_466' title='bbox 1373 4677 1461 4726; x_wconf 87' lang='lat' dir='ltr'>libmm</span> <span class='ocrx_word' id='word_1_467' title='bbox 1473 4677 1582 4740; x_wconf 87' lang='lat' dir='ltr'>Kepleri.</span> 
     </span>
    </p>

    <p class='ocr_par' dir='ltr' id='par_1_13' title="bbox 314 4747 1583 4814">
     <span class='ocr_line' id='line_1_51' title="bbox 314 4747 1583 4814; baseline -0.003 -13"><span class='ocrx_word' id='word_1_468' title='bbox 314 4749 417 4801; x_wconf 88' lang='lat' dir='ltr'>Librum</span> <span class='ocrx_word' id='word_1_469' title='bbox 436 4765 508 4799; x_wconf 88' lang='lat' dir='ltr'>snum</span> <span class='ocrx_word' id='word_1_470' title='bbox 525 4751 591 4799; x_wconf 89' lang='lat' dir='ltr'>misit</span> <span class='ocrx_word' id='word_1_471' title='bbox 608 4750 731 4814; x_wconf 88' lang='lat' dir='ltr'>Keplerus</span> <span class='ocrx_word' id='word_1_472' title='bbox 749 4750 991 4808; x_wconf 82' lang='lat' dir='ltr'>Maximiliano,</span> <span class='ocrx_word' id='word_1_473' title='bbox 1011 4750 1142 4801; x_wconf 80' lang='lat' dir='ltr'>Archiduei</span> <span class='ocrx_word' id='word_1_474' title='bbox 1164 4751 1293 4807; x_wconf 82' lang='lat' dir='ltr'>Amisiae,</span> <span class='ocrx_word' id='word_1_475' title='bbox 1312 4749 1350 4799; x_wconf 90' lang='lat' dir='ltr'>his</span> <span class='ocrx_word' id='word_1_476' title='bbox 1376 4747 1466 4799; x_wconf 83' lang='lat' dir='ltr'>additis</span> <span class='ocrx_word' id='word_1_477' title='bbox 1489 4749 1583 4798; x_wconf 87' lang='lat' dir='ltr'>literis:</span> 
     </span>
    </p>
   </div>
   <div class='ocr_carea' id='block_1_6' title="bbox 255 4836 1584 4918">
    <p class='ocr_par' dir='ltr' id='par_1_14' title="bbox 255 4836 1584 4918">
     <span class='ocr_line' id='line_1_52' title="bbox 255 4836 1584 4918; baseline -0.002 -16"><span class='ocrx_word' id='word_1_478' title='bbox 255 4851 258 4856; x_wconf 87' lang='lat'>&#39;</span> <span class='ocrx_word' id='word_1_479' title='bbox 315 4836 517 4902; x_wconf 87' lang='lat' dir='ltr'>Serenissime</span> <span class='ocrx_word' id='word_1_480' title='bbox 531 4840 698 4911; x_wconf 83' lang='lat' dir='ltr'>Archidux,</span> <span class='ocrx_word' id='word_1_481' title='bbox 716 4839 861 4917; x_wconf 90' lang='lat' dir='ltr'>Princeps</span> <span class='ocrx_word' id='word_1_482' title='bbox 877 4836 1129 4902; x_wconf 87' lang='lat' dir='ltr'>Clementissime.</span> <span class='ocrx_word' id='word_1_483' title='bbox 1166 4838 1257 4901; x_wconf 84' lang='lat' dir='ltr'>Alter</span> <span class='ocrx_word' id='word_1_484' title='bbox 1275 4838 1340 4918; x_wconf 90' lang='lat' dir='ltr'>jam</span> <span class='ocrx_word' id='word_1_485' title='bbox 1364 4856 1459 4898; x_wconf 88' lang='lat' dir='ltr'>annus</span> <span class='ocrx_word' id='word_1_486' title='bbox 1484 4837 1584 4915; x_wconf 85' lang='lat' dir='ltr'>agitur</span> 
     </span>
    </p>
   </div>
   <div class='ocr_carea' id='block_1_7' title="bbox 226 4925 1584 5097">
    <p class='ocr_par' dir='ltr' id='par_1_15' title="bbox 226 4925 1584 5097">
     <span class='ocr_line' id='line_1_53' title="bbox 226 4925 1584 5008; baseline -0.003 -18"><span class='ocrx_word' id='word_1_487' title='bbox 226 4945 264 4990; x_wconf 81' lang='lat' dir='ltr'>ex</span> <span class='ocrx_word' id='word_1_488' title='bbox 286 4945 346 5008; x_wconf 89' lang='lat' dir='ltr'>quo</span> <span class='ocrx_word' id='word_1_489' title='bbox 361 4925 429 4989; x_wconf 90' lang='lat' dir='ltr'>Ser.</span> <span class='ocrx_word' id='word_1_490' title='bbox 447 4925 529 4989; x_wconf 90' lang='lat' dir='ltr'>Oels.</span> <span class='ocrx_word' id='word_1_491' title='bbox 546 4929 611 4989; x_wconf 86' lang='lat' dir='ltr'>Tua</span> <span class='ocrx_word' id='word_1_492' title='bbox 634 4946 688 5006; x_wconf 92' lang='lat' dir='ltr'>per</span> <span class='ocrx_word' id='word_1_493' title='bbox 705 4936 927 5005; x_wconf 84' lang='lat' dir='ltr'>procuratorem</span> <span class='ocrx_word' id='word_1_494' title='bbox 952 4946 1038 4989; x_wconf 91' lang='lat' dir='ltr'>suum</span> <span class='ocrx_word' id='word_1_495' title='bbox 1059 4928 1236 4990; x_wconf 88' lang='lat' dir='ltr'>Viseherum</span> <span class='ocrx_word' id='word_1_496' title='bbox 1256 4925 1327 4987; x_wconf 92' lang='lat' dir='ltr'>mihi</span> <span class='ocrx_word' id='word_1_497' title='bbox 1350 4925 1584 4987; x_wconf 86' lang='lat' dir='ltr'>clementissime</span> 
     </span>
     <span class='ocr_line' id='line_1_54' title="bbox 226 5013 1583 5097; baseline -0.005 -15"><span class='ocrx_word' id='word_1_498' title='bbox 226 5013 393 5091; x_wconf 72' lang='lat' dir='ltr'>undavit,</span> <span class='ocrx_word' id='word_1_499' title='bbox 417 5024 453 5077; x_wconf 88' lang='lat' dir='ltr'>ut</span> <span class='ocrx_word' id='word_1_500' title='bbox 474 5016 501 5078; x_wconf 90' lang='lat' dir='ltr'>si</span> <span class='ocrx_word' id='word_1_501' title='bbox 524 5034 615 5096; x_wconf 88' lang='lat' dir='ltr'>super</span> <span class='ocrx_word' id='word_1_502' title='bbox 637 5015 728 5077; x_wconf 84' lang='lat' dir='ltr'>stella</span> <span class='ocrx_word' id='word_1_503' title='bbox 751 5034 844 5091; x_wconf 83' lang='lat' dir='ltr'>nova,</span> <span class='ocrx_word' id='word_1_504' title='bbox 869 5035 945 5096; x_wconf 88' lang='lat' dir='ltr'>quae</span> <span class='ocrx_word' id='word_1_505' title='bbox 969 5023 1040 5078; x_wconf 90' lang='lat' dir='ltr'>tunc</span> <span class='ocrx_word' id='word_1_506' title='bbox 1064 5017 1215 5097; x_wconf 79' lang='lat' dir='ltr'>fulgebat,</span> <span class='ocrx_word' id='word_1_507' title='bbox 1246 5020 1368 5095; x_wconf 87' lang='lat' dir='ltr'>praeter</span> <span class='ocrx_word' id='word_1_508' title='bbox 1390 5014 1583 5076; x_wconf 87' lang='lat' dir='ltr'>vernaculum</span> 
     </span>
    </p>
   </div>
   <div class='ocr_carea' id='block_1_8' title="bbox 0 0 1851 5842">
    <p class='ocr_par' dir='ltr' id='par_1_16' title="bbox 0 0 1851 5842">
     <span class='ocr_line' id='line_1_55' title="bbox 0 0 1851 5842; baseline 0 0"><span class='ocrx_word' id='word_1_509' title='bbox 0 0 1851 5842; x_wconf 95' lang='lat' dir='ltr'> </span> 
     </span>
    </p>
   </div>
  </div>
 </body>
</html>
