3692 5842
709 505 922 571 ⁰·rvffl111·
1427 509 1493 578 719

138 704 210 747 num
235 685 400 748 futurorum
424 683 618 763 singularium
642 682 800 746 scientiam
825 684 956 763 expetit,
988 703 1075 766 quarn
1104 685 1333 768 philosophiam.
1382 681 1496 753 Verum

139 775 307 851 enimvero,
336 774 405 856 quia
437 773 612 853 imperfecta
642 793 709 835 esse
740 781 864 854 putatur
887 773 982 834 omnis
1005 772 1175 851 hujusmodi
1204 777 1384 857 descriptio,
1418 797 1494 858 quae

136 884 197 927 non
222 863 250 926 in
275 862 542 944 significationibus
566 862 659 923 etiam
683 870 861 942 occupatur,
895 861 975 924 ratio
998 862 1075 923 haec
1098 864 1164 927 iniri
1187 875 1306 946 potest,
1338 874 1371 928 ut
1403 867 1497 946 primo

137 953 194 1016 illa
216 951 377 1037 explicem.
411 971 487 1032 quae
517 949 648 1013 naturali
681 951 799 1013 vinculo
824 970 890 1013 curn
913 951 1005 1014 stella
1028 970 1106 1014 nova
1129 964 1362 1031 connectuntur,
1398 956 1441 1017 sic
1465 965 1499 1018 ut

137 1043 176 1105 iis
199 1043 292 1104 stella
314 1042 361 1103 vel
386 1060 478 1102 causa
501 1041 550 1102 vel
573 1039 691 1119 signum
716 1040 820 1102 fuerit:
849 1041 981 1101 secundo
1010 1040 1079 1113 illa,
1104 1062 1179 1123 quae
1211 1052 1276 1106 arte
1306 1043 1498 1123 conjectandi

138 1152 195 1214 per
218 1132 357 1211 exempla
389 1130 449 1191 alia
482 1129 677 1209 comprobata
707 1129 784 1191 citra
816 1130 1011 1191 connexionis
1045 1131 1192 1195 naturalis
1226 1132 1434 1213 apparentiam
1467 1140 1499 1194 et

138 1219 299 1302 supposita
322 1219 519 1298 intelligentis
542 1226 667 1280 naturae
690 1218 881 1299 providentia
898 1217 1098 1299 probabiliter
1118 1221 1176 1283 dici
1195 1231 1335 1301 possunt,
1359 1221 1497 1285 interim·

138 1329 197 1394 qne
221 1317 253 1370 et
276 1309 422 1391 quaedam
446 1306 551 1383 obvia,
585 1326 661 1388 quae
695 1308 743 1369 vel
772 1307 919 1387 astrologi
942 1308 1158 1389 praedixerunt
1180 1312 1281 1375 futura
1306 1311 1354 1372 vel
1377 1321 1497 1393 tempus

139 1398 270 1482 protulit
292 1398 403 1479 ipsum,
438 1398 477 1459 ad
509 1396 649 1458 veritatis
682 1416 815 1459 normam
849 1417 886 1458 an
917 1397 1050 1477 legitime
1078 1399 1235 1477 praedicta
1258 1399 1320 1462 sint
1344 1407 1375 1461 et
1398 1421 1438 1463 an
1461 1400 1499 1463 ob

141 1487 252 1551 stellae
277 1496 374 1549 ortum
398 1486 567 1561 evenerint,
592 1486 768 1550 examinem.

230 1576 389 1640 Naturalis
413 1576 515 1656 itaque
539 1574 718 1655 significatio
743 1575 850 1637 sideris
874 1573 963 1654 hujus
987 1574 1013 1636 si
1036 1575 1098 1636 ulla
1121 1582 1177 1649 est,
1201 1573 1317 1639 illaad
1340 1595 1406 1639 eum
1429 1596 1497 1640 mc-

144 1666 216 1729 dum
242 1666 301 1727 erit
323 1664 517 1748 explicanda,
538 1675 607 1744 'quo
640 1683 731 1745 snpra
763 1682 828 1744 cap.
854 1663 943 1726 VIII.
969 1672 1000 1725 et
1028 1663 1085 1726 IX.
1119 1683 1191 1726 usus
1222 1683 1287 1728 snm
1313 1665 1344 1727 iu
1373 1666 1499 1730 demon-

142 1753 272 1818 stranda
295 1762 471 1834 aspectuum
497 1753 640 1816 efficacia.
688 1752 815 1816 Statuta
847 1761 895 1813 est
929 1751 1006 1813 enim
1037 1754 1132 1816 omnis
1155 1753 1328 1815 influentiae
1353 1756 1496 1819 coelestis

142 1845 242 1908 forma
264 1863 321 1905 non
346 1843 379 1928 in
401 1842 518 1905 actione
543 1842 619 1904 coeli
644 1845 883 1921 (praeteream,
918 1860 994 1921 quae
1016 1849 1076 1925 est
1097 1841 1173 1904 lucis
1197 1844 1236 1904 ad
1259 1842 1497 1907 calfaciendum:

141 1953 201 2016 quo
226 1942 365 2012 respectu
388 1932 479 1994 stella
501 1931 576 1993 haec
601 1932 742 2012 quamdiu
766 1931 850 1993 fulsit
873 1930 1050 1993 tantundem
1070 1932 1200 1993 fortasse
1219 1932 1327 2012 potuit,
1353 1942 1496 2013 quantum

138 2023 219 2085 duae
243 2023 290 2083 vel
314 2028 377 2083 tres
400 2022 477 2083 fixae
501 2020 596 2096 initio,
622 2029 692 2102 post
715 2021 821 2096 minius,
847 2019 993 2102 qualitate
1017 2038 1088 2082 vero
1113 2020 1277 2084 Caniculae
1301 2028 1354 2084 ant
1376 2021 1497 2085 humero

142 2109 266 2175 Orionis
291 2119 343 2173 aut
356 2112 497 2186 Arcturo,
523 2119 575 2171 aut
597 2110 681 2197 iuter¹
697 2111 837 2190 planetas
860 2109 930 2172 Jovi
949 2116 981 2170 et
996 2108 1089 2170 Marti
1112 2110 1169 2171 fnit
1192 2110 1371 2185 assimilata,
1396 2112 1496 2174 colore

143 2201 270 2274 indice),
294 2200 347 2264 sed
371 2200 400 2262 in
424 2199 594 2279 receptione
618 2207 650 2261 et
673 2199 716 2260 sic
732 2198 760 2260 in
775 2199 916 2278 passione
931 2205 1056 2260 naturae
1072 2198 1251 2274 sublunaris,
1277 2218 1352 2279 qnae
1376 2199 1424 2262 vel
1448 2210 1498 2264 est

143 2289 295 2354 sensitiva
318 2290 365 2351 vel
389 2289 552 2352 sensitirae
568 2287 728 2350 simillima.
765 2287 883 2349 Animis
899 2287 1008 2367 quippe
1024 2296 1054 2349 et
1069 2287 1264 2350 facultatibus
1279 2307 1376 2349 rerum
1390 2289 1496 2364 sublu-

140 2380 258 2442 narium
282 2378 422 2460 cognatio
446 2376 606 2440 intercedit
629 2396 695 2438 curn
719 2384 828 2439 natura
851 2376 941 2450 coeli;
966 2395 1059 2456 eaque
1085 2376 1211 2457 triplex,
1241 2375 1366 2453 caloris,
1397 2387 1496 2441 motus

140 2476 174 2531 et
196 2467 334 2531 rationis.
380 2467 513 2530 Primum
537 2465 614 2527 enirn
645 2466 696 2527 lux
724 2466 874 2528 coelorum
907 2473 955 2527 est
986 2466 1095 2527 caloris
1128 2465 1277 2537 effectrix,
1312 2476 1344 2527 et
1375 2467 1493 2531 animae

140 2556 357 2638 facultatisque
380 2575 478 2618 rerum
503 2554 716 2634 vegetabilium
740 2574 823 2617 suum
855 2573 988 2635 quaeque
1019 2555 1149 2616 calorem
1182 2556 1210 2617 iu
1244 2574 1381 2635 corpore,
1415 2559 1495 2637 quod

140 2646 322 2722 informant,
355 2645 488 2707 excitant
518 2664 642 2724 eumque
670 2664 725 2726 pro
749 2644 861 2707 viribus
894 2652 1024 2705 tuentur.
1072 2643 1125 2706 Sic
1148 2644 1247 2705 stellis
1271 2644 1393 2707 additae
1426 2653 1497 2709 snut

140 2736 315 2809 facultates,
340 2753 414 2815 quae
439 2734 507 2797 illas
532 2741 662 2810 movent,
687 2734 898 2813 utplurimum
923 2727 1042 2813 quidem
1065 2732 1237 2796 materiales
1261 2753 1314 2796 seu
1338 2753 1404 2796 cum
1423 2754 1492 2799 cor-

139 2844 214 2905 pore
237 2824 392 2897 dividuae,
417 2833 479 2886 tam
501 2822 611 2885 insitae
635 2842 723 2904 quam
747 2822 932 2885 adventitiae
957 2822 1069 2902 (qualis
1094 2822 1212 2903 quidem
1240 2821 1289 2884 bic
1320 2842 1414 2903 penes
1437 2844 1493 2887 nos

140 2924 190 2976 est
212 2913 410 2993 magnetica),
434 2914 487 2974 sed
512 2921 612 2974 tamen
637 2912 729 2974 etiam
753 2911 912 2973 animales:
937 2920 969 2972 et
991 2911 1040 2973 hic
1056 2931 1171 2993 quoque
1188 2910 1218 2974 iu
1232 2909 1334 2973 Terris
1357 2911 1495 2976 similiter

140 3002 263 3065 animae
288 3002 507 3082 facultatesque
532 3021 629 3065 rernm
651 3001 865 3081 vegetabilium
888 3000 1062 3081 corporibus
1090 3001 1151 3063 suis
1182 3002 1284 3062 insunt
1313 3001 1395 3064 vitae
1426 3021 1493 3066 mo-

139 3101 249 3173 tusque
273 3109 373 3153 causa.
420 3090 554 3170 Denique
578 3098 612 3153 ut
635 3091 798 3153 facultates
822 3091 892 3152 illae
920 3091 1076 3152 stellarum
1108 3089 1249 3152 motrices
1279 3100 1351 3153 snut
1381 3091 1493 3155 mentis

140 3181 361 3264 quodammodo
385 3180 562 3260 participes,
592 3187 626 3240 ut
648 3198 733 3241 suurn
756 3180 815 3241 iter
838 3179 923 3260 quasi
947 3178 1136 3260 intelligant,
1161 3178 1373 3259 imaginentur,
1399 3182 1493 3244 aflec-
1539 3191 1547 3205 ·

139 3277 224 3343 tent,
247 3287 312 3333 non·
329 3268 534 3331 ratiocInando
559 3267 686 3349 quidem,
711 3276 744 3329 ut
766 3288 821 3330 nos
844 3268 991 3341 homiues,
1020 3269 1074 3330 sed
1097 3267 1231 3347 ingenita
1254 3268 1283 3329 vi
1307 3280 1337 3330 et
1362 3289 1439 3350 qnae
1462 3270 1493 3332 iu

139 3359 240 3443 prima
262 3357 413 3421 creatione
437 3357 512 3436 ipsis
536 3366 583 3418 est
605 3357 762 3418 instincta:
788 3356 832 3418 sic
856 3356 1019 3418 facultates
1039 3357 1184 3419 anirnales
1198 3376 1295 3419 rerum
1311 3359 1492 3421 naturalium

142 3448 283 3513 obtinent
306 3446 452 3528 quendam
476 3446 660 3508 intellectum
684 3445 750 3508 finis
774 3446 819 3508 sui
844 3446 923 3519 (sine
943 3446 1062 3526 quidern
1080 3446 1333 3522 ratiocinatione),
1358 3448 1494 3528 inquam

141 3557 247 3601 omnes
271 3556 342 3599 suas
365 3535 501 3598 actiones
524 3534 665 3615 dirigunt.
711 3535 812 3597 Tanta
835 3554 900 3596 curn
924 3534 965 3596 sit
989 3534 1146 3613 cognatio,
1180 3534 1252 3596 nihil
1284 3534 1412 3615 amplius
1444 3543 1494 3598 est

141 3646 195 3690 cnr
219 3625 337 3689 mireris
365 3645 431 3687 eam
456 3629 645 3702 aagendam
672 3623 752 3685 inter
783 3624 933 3686 coelorum
961 3633 1061 3685 motus
1090 3632 1121 3685 et
1144 3623 1306 3685 facultates
1338 3621 1503 3701 animales,¹

141 3734 232 3797 quam
256 3735 348 3796 supra
369 3714 538 3777 manifestis
563 3712 773 3796 experimentis
793 3713 965 3776 confirmavi
981 3731 1045 3793 cap.
1062 3712 1150 3776 VllI.
1167 3720 1198 3774 et
1210 3712 1251 3775 X.
1294 3711 1379 3783 Quae
1402 3714 1495 3793 igitur

141 3804 185 3868 ibi
208 3804 381 3885 specialiter
403 3813 474 3866 sunt
496 3803 705 3884 comprobata,
733 3802 799 3884 jam
822 3811 1029 3876 assumantur,
1063 3801 1173 3882 fiatque
1206 3802 1354 3882 probabili
1377 3804 1494 3867 ratione

142 3894 284 3976 generale
308 3894 429 3955 tandem
454 3912 507 3956 ceu
531 3913 569 3955 ex
592 3892 761 3955 inductione
785 3894 943 3955 collectum
966 3891 1207 3971 pronunciatum:

233 3999 336 4066 Nihil
368 4020 453 4063 esse
484 4001 544 4062 vel
580 3999 665 4061 fieri
702 4000 738 4061 in
777 4000 880 4064 coelo
913 3998 1074 4070 visibili,
1109 3997 1214 4078 cnjus
1250 4018 1387 4062 sensus
1423 4018 1493 4062 non

143 4091 298 4154 occulta
315 4090 467 4170 quadam
486 4089 631 4152 ratione
651 4090 686 4152 in
707 4088 844 4151 Terras
869 4089 976 4169 inque
1003 4107 1129 4151 omnes
1155 4088 1357 4150 facultates
1376 4108 1494 4152 return

143 4179 369 4243 naturalium
399 4179 636 4260 porrigatur:
668 4197 804 4258 easque
841 4179 1054 4240 facultates
1086 4176 1266 4238 animales
1299 4178 1351 4239 sic
1384 4177 1493 4240 affici

143 4268 203 4334 bic
225 4269 263 4332 in
286 4268 420 4343 Terris,
445 4275 485 4329 nt
509 4268 649 4329 coelum
672 4266 792 4348 ipsum
814 4267 999 4330 afficitur.
1038 4268 1088 4329 Ita
1110 4267 1171 4342 fiet,
1195 4274 1238 4340 ut,
1263 4266 1495 4350 quotiescunque

144 4377 254 4422 novum
278 4367 310 4420 et
332 4355 484 4422 insolitum
507 4355 619 4437 aliquid
642 4357 670 4417 in
695 4357 778 4419 coelo
802 4364 943 4436 apparet,
977 4355 1084 4418 natura
1115 4354 1284 4418 sublunaris
1318 4355 1380 4430 (cui
1402 4373 1494 4438 prae-

144 4447 226 4511 sidet
247 4446 349 4528 aliqua
372 4446 502 4508 facultas
524 4445 678 4519 animalis)
703 4445 920 4525 quodammodo
951 4445 1153 4507 cohorrescat.
1199 4445 1249 4506 Ad
1277 4455 1384 4526 poetas
1416 4443 1494 4507 enirn

145 4545 180 4599 et
202 4536 243 4599 ad
265 4535 391 4618 primam
413 4555 510 4597 meam
533 4556 750 4615 npouanqon,
782 4554 841 4615 qna
872 4555 944 4597 usus
972 4553 1037 4596 sum
1065 4533 1104 4595 ad
1127 4533 1182 4594 hoc
1206 4532 1302 4608 sidus,
1336 4534 1494 4596 manifeste

147 4625 357 4707 transfugiam,
382 4624 452 4712 quia
474 4624 552 4705 apud
576 4642 637 4697 eos,
663 4623 712 4703 qui
735 4624 765 4686 in
788 4624 979 4708 philosophia
1001 4622 1089 4684 hodie
1114 4642 1210 4685 rerum
1234 4624 1400 4703 potiuntur,
1425 4623 1494 4685 novi

146 4714 300 4798 dogmatis
323 4734 447 4776 cansam
470 4712 604 4776 obtinere
628 4713 764 4791 despero.
803 4714 910 4794 Itaque
924 4713 1027 4794 procul
1042 4731 1059 4773 o
1077 4712 1203 4791 profani,
1225 4712 1318 4789 Dens,
1340 4733 1376 4775 en
1391 4713 1492 4776 Deus!

414 4822 505 4878 Stella
523 4838 632 4892 repens,
653 4822 749 4875 laesae
770 4821 861 4875 divum
880 4820 1050 4892 praenuncia
1070 4801 1177 4884 mentis,

414 4904 492 4966 Quae
511 4903 590 4957 velut
610 4900 718 4955 ardemi
738 4902 919 4956 carbunculus
940 4901 1027 4957 ureris
1049 4900 1131 4971 igne!

415 4985 503 5047 Quam
523 4990 550 5038 te
571 4999 687 5053 namque
708 4981 814 5037 feram?
836 4999 891 5053 qna
911 4985 1007 5046 doctus
1029 4980 1135 5052 origine
1155 4997 1279 5054 pangam

416 5064 508 5130 Ortrrs
529 5062 583 5129 dia,
606 5065 690 5119 tuos?
709 5061 805 5135 Neque
825 5062 897 5118 enirn
917 5080 971 5137 quo
991 5069 1115 5131 ternpore
1134 5062 1243 5132 pollens
