3692 5842
252 476 320 548 310
746 477 920 527 Asnoaonlae
937 474 1001 526 Pars
1018 473 1117 541 Optica.
1200 490 1203 494 ·

254 656 335 737 cepti
359 655 451 736 aliqui
475 655 503 716 iu
528 655 606 716 hauc
630 651 801 732 opinionem
824 654 922 715 induci
946 653 1075 733 possint,
1101 654 1185 734 quasi
1200 653 1289 716 Luna
1310 671 1382 716 vere
1404 659 1494 715 tanto
1518 652 1620 716 minor

256 746 307 810 sit.
353 745 395 806 Et
418 764 473 806 nos
496 744 576 805 iufra
599 742 770 804 docebimus
803 743 860 804 hoc
889 742 1015 803 artificio
1047 743 1195 813 (discreta
1218 741 1276 805 hac
1300 743 1512 823 ampliatione)
1547 762 1618 804 cer-

252 835 401 897 tissimam
426 833 500 895 inire
525 832 683 906 rationem,
708 832 897 912 quantitates
915 832 1070 911 eclipsium
1091 832 1275 894 dimetiendi.
1306 831 1367 895 Ubi
1389 832 1486 894 etiarn
1508 850 1622 893 exem-

252 923 311 1003 plis
334 923 455 1002 planum
479 923 540 995 fiet,
565 921 591 983 si
615 932 697 983 recte
721 922 949 983 administretur
972 921 1139 996 artificium,
1164 921 1344 984 diametrum
1363 922 1471 984 Lunae
1494 920 1625 983 omnino

252 1012 399 1092 majorem
423 1030 581 1091 apparere,
607 1029 694 1090 quarn
719 1020 862 1090 quantam
886 1010 1011 1072 exhibet
1033 1010 1185 1092 Tycbonia
1206 1010 1322 1073 tabula.

341 1100 398 1162 His
430 1102 474 1162 ita
507 1099 683 1179 praemissis
717 1100 982 1161 demonstrandum
1011 1099 1098 1162 nobis
1131 1107 1181 1161 est
1206 1100 1293 1162 initio
1324 1099 1427 1163 multis
1456 1099 1622 1180 exemph‘s,

252 1190 374 1254 omuino
397 1198 513 1251 tautam
538 1209 607 1250 esse
640 1190 818 1250 diametrum
842 1189 962 1261 Lunae,
991 1197 1026 1251 ut
1049 1187 1152 1252 Solem
1185 1189 1346 1271 aliquoties
1378 1189 1492 1251 texerit
1522 1196 1622 1252 totum

253 1279 453 1359 regionesque
486 1278 604 1357 aliquas
636 1279 785 1357 protunda
818 1278 945 1357 caligine
978 1278 1148 1340 involverit.
1203 1279 1321 1341 Deinde
1354 1296 1465 1341 causas
1498 1277 1619 1357 opticus

254 1368 437 1447 assignabo,
462 1366 569 1448 quibus
593 1367 767 1446 contingere
787 1368 903 1446 possit,
928 1374 961 1429 ut
979 1367 1137 1443 interdum,
1162 1367 1249 1430 Luna
1270 1376 1367 1431 totum
1390 1366 1497 1430 Solem
1520 1367 1616 1428 inter·

254 1457 394 1538 cipiente‚
419 1455 474 1519 Sol
497 1465 599 1518 tamen
622 1456 790 1535 prominere
814 1457 952 1518 videatur
974 1455 1175 1519 circumcirca.

320 1596 353 1662 2.
391 1598 574 1678 Exempla
598 1618 641 1659 ex
664 1597 859 1671 historiis,
885 1599 979 1749 qu1⁰d
1003 1598 1128 1662 Lunae
1152 1598 1276 1662 umbra
1298 1596 1381 1661 diei
1406 1608 1553 1661 noctem

840 1688 1025 1749 intuerit.

344 1811 491 1874 Umbram
509 1811 614 1873 Lunae
638 1810 772 1871 conicum
797 1830 874 1883 esse,
898 1821 1061 1891 propterea
1083 1811 1161 1892 quod
1186 1820 1219 1872 et
1236 1811 1291 1874 Sol
1313 1811 1463 1873 rotundus
1485 1820 1520 1873 et
1534 1812 1612 1873 hur

252 1902 387 1964 rotunda
422 1900 586 1979 eademque
615 1899 713 1961 minor
735 1898 807 1961 Sole
836 1903 896 1973 sit,
929 1910 1017 1981 patet
1043 1902 1151 1962 iisdem
1180 1900 1353 1981 principiis,
1386 1901 1496 1981 quibus
1529 1920 1612 1982 supra

253 2010 324 2071 cap.
352 1989 426 2051 VH.
451 1990 525 2053 Nro.
554 1987 581 2050 1.
607 1988 719 2050 Terrae
743 1990 878 2051 umbram
903 1991 1038 2052 conicum
1061 1991 1334 2072 pronunciavimus.

346 2077 464 2150 Quodsi
497 2078 647 2140 diameter
679 2079 784 2139 Lunae
818 2081 857 2141 ad
895 2072 1015 2141 sen‘sum
1048 2098 1107 2140 nou
1140 2080 1236 2158 major
1266 2088 1314 2141 est
1342 2078 1493 2140 diametro
1528 2076 1612 2152 Solia

254 2168 309 2233 sed
340 2168 491 2248 aequalis,
525 2167 647 2228 umbrae
671 2167 801 2229 Lunaris
832 2187 934 2231 mucro
966 2169 995 2229 iu
1029 2169 1095 2249 ipso
1127 2168 1194 2229 visu
1222 2176 1326 2230 nostro
1354 2168 1459 2229 deficit
1482 2167 1612 2247 aerisque

254 2256 375 2319 omuino
400 2257 608 2319 tenuissimam
633 2256 836 2336 regiunculam
859 2258 999 2319 involvit.
1036 2259 1103 2321 Hoc
1126 2258 1228 2337 itaque
1253 2277 1325 2319 casu
1349 2276 1452 2319 merae
1475 2258 1613 2318 tenebrae

254 2347 319 2407 fieri
349 2365 538 2426 nequaqnam
570 2356 709 2424 possunt.
756 2344 810 2407 Sol
840 2347 917 2408 enim
947 2346 985 2407 ab
1012 2366 1069 2408 uno
1098 2347 1208 2408 saltem
1232 2348 1344 2407 Terrae
1374 2355 1491 2426 puncto
1514 2345 1613 2407 Lunae

253 2435 426 2496 interventu
451 2453 586 2509 aversus,
613 2454 717 2496 omues
740 2436 950 2515 circumjectas
974 2435 1086 2497 Terrae
1108 2444 1213 2515 partes
1238 2436 1339 2515 aliqua
1361 2436 1409 2497 sni
1432 2445 1525 2515 parte
1552 2437 1612 2497 cla·

252 2525 372 2588 tissime
394 2524 538 2597 illustrat,
562 2543 638 2604 quae
662 2525 757 2586 lucem
777 2546 796 2586 a
815 2525 887 2586 Sole
911 2526 1161 2587 communicatam
1180 2526 1308 2605 undique
1328 2543 1449 2586 sursum
1467 2524 1499 2585 iu
1520 2530 1613 2586 aerem

252 2614 394 2687 vibrant,
420 2614 514 2675 etiem
538 2615 645 2693 queis
670 2613 698 2674 in
724 2615 829 2676 umbra
852 2616 956 2676 Lunae
981 2623 1046 2690 est,
1071 2624 1103 2676 et
1125 2615 1169 2676 sic
1193 2614 1365 2676 claritatem
1390 2613 1435 2676 illi
1458 2623 1614 2695 praestent

252 2703 456 2765 nihilomiuus.

342 2792 479 2855 Necesse
510 2799 560 2854 est
581 2791 687 2871 igitur,
721 2793 839 2871 quoties
872 2794 909 2853 de
944 2793 991 2853 die
1021 2798 1186 2853 nocturnae
1218 2790 1361 2853 tenebrae
1390 2790 1537 2871 ingruunt
1564 2791 1613 2854 sub

254 2881 381 2962 eclipsin
406 2880 504 2954 Solis,
529 2882 647 2944 Lunam
669 2882 775 2961 majori
799 2882 910 2961 angulo
935 2871 1030 2954 cer'ni,
1064 2899 1152 2960 quum
1176 2879 1295 2953 Solem3
1327 2880 1372 2942 sic
1405 2888 1441 2941 ut
1463 2878 1521 2942 Sol
1550 2890 1614 2961 post

256 2970 374 3034 lunam
398 2970 474 3032 bene
499 2971 596 3033 lateat
619 2971 741 3032 abditus
765 2980 796 3031 et
819 2970 856 3030 de
880 2971 1036 3031 horizonte
1060 2977 1149 3031 tauta
1171 2969 1270 3049 portio
1294 2977 1418 3048 tegatur
1439 2970 1560 3043 umbra,
1582 2989 1614 3030 ue

257 3066 311 3121 abr
334 3060 517 3140 spectatoris
541 3081 560 3121 a
583 3059 681 3122 vicino
705 3067 775 3122 aere
799 3059 946 3121 illustrari
969 3058 1076 3138 possit.
1113 3060 1181 3121 Uno
1204 3058 1297 3121 verbo
1321 3059 1456 3138 extingui
1482 3068 1515 3120 et
1538 3060 1615 3122 illan

140 3221 147 3238 ι
257 3150 418 3212 materiam
442 3157 491 3211 est
513 3169 648 3222 necesse,
673 3169 749 3229 quae
774 3149 860 3210 nobis
884 3148 1125 3228 crepuscularem
1149 3148 1229 3209 solet
1253 3149 1416 3210 accendere
1441 3149 1554 3212 facem.

348 3237 480 3313 Quodsi,
512 3247 548 3301 ut
577 3240 634 3300 hoc
658 3240 756 3300 obiter
780 3239 893 3310 dicam,
918 3239 1049 3299 altitudo
1074 3237 1155 3299 illius
1176 3238 1323 3299 materiae
1347 3238 1386 3298 ad
1413 3235 1455 3299 12
1480 3237 1616 3300 milliaria

255 3327 442 3407 perveniret,
477 3329 613 3407 equidem
647 3337 680 3390 nt
703 3329 778 3389 haec
803 3348 821 3388 a
844 3328 932 3389 Luna
961 3328 1026 3388 luce
1051 3325 1132 3388 Solia
1165 3327 1315 3406 privetur,
1349 3327 1488 3388 umbram
1517 3329 1616 3390 Lunae

258 3435 352 3496 penes
377 3435 432 3477 nos
456 3415 521 3480 300
546 3418 716 3480 milliarium
740 3417 973 3478 crassitudinem
996 3416 1107 3477 hebere
1131 3436 1255 3477 necesse
1281 3416 1381 3477 luerit.

349 3505 399 3568 Sit
422 3506 500 3567 enirn
524 3506 583 3567 AD
611 3505 650 3570 12
670 3506 811 3568 milliaria
832 3506 962 3584 qualium
983 3503 1038 3566 DC
1063 3506 1111 3566 vel
1130 3503 1183 3567 BC
1205 3499 1271 3567 860
1290 3504 1441 3566 milliaria.
1466 3503 1513 3566 Ut
1532 3505 1616 3583 igitur

259 3592 314 3657 BC
339 3589 406 3658 860
429 3596 467 3656 ad
500 3595 597 3657 sinum
627 3605 723 3657 toturn
753 3596 797 3657 sio
821 3594 877 3656 Ac
902 3592 968 3657 872
995 3594 1034 3654 ad
1063 3602 1217 3655 secantem
1251 3593 1353 3673 anguli
1381 3590 1469 3655 ACB
1493 3588 1536 3655 9ο
1558 3591 1615 3657 31‘.

241 3693 246 3700 “
370 3718 425 3785 rig.
445 3716 487 3769 qq·
605 3687 656 3747 Ad
679 3685 764 3763 cujus
797 3692 973 3762 tangentem
996 3691 1030 3744 ut
1054 3692 1102 3745 est
1129 3693 1229 3757 totus,
1264 3684 1308 3744 sic
1332 3680 1386 3745 ΒΟ
1410 3678 1479 3745 860
1510 3692 1563 3745 est
1584 3681 1617 3743 ad

607 3776 679 3845 ΑΒ,
707 3771 770 3837 114
794 3773 936 3835 milliaria
958 3792 997 3834 ex
1019 3792 1077 3833 nno
1112 3774 1206 3834 latere
1239 3772 1424 3851 totidemque
1448 3790 1488 3832 ex
1512 3773 1616 3834 altero.

607 3866 651 3927 Ut
673 3870 773 3924 autern
797 3862 903 3923 umbra
917 3862 1021 3924 Lunae
1037 3861 1066 3922 in
1085 3862 1199 3922 vertice
1223 3862 1384 3923 existentis
1399 3857 1467 3923 300
1480 3862 1618 3923 milliaria

607 3953 799 4015 circumcirca
838 3959 940 4030 tegat,
979 3958 1099 4028 oportet
1126 3951 1242 4012 Lunam
1276 3948 1330 4013 20¹
1363 3950 1513 4025 maiorem
1547 3950 1615 4012 Sole

607 4042 749 4122 spectari,
774 4048 859 4102 tauto
883 4058 989 4119 nempe
1013 4041 1164 4118 majorem,
1191 4049 1304 4119 quanto
1326 4040 1496 4119 parallaxis
1517 4040 1617 4102 Lunae

607 4133 637 4194 iu
660 4131 773 4192 vertice
796 4129 947 4191 versantis
971 4130 1110 4191 euntibus
1129 4122 1282 4209 per9¹12⁰
1305 4129 1443 4208 utrinque
1459 4128 1490 4190 in
1509 4129 1618 4191 circulo

608 4238 717 4298 magno
750 4220 879 4281 Telluris
921 4218 1073 4279 minimum
1113 4219 1257 4279 variatur.
1318 4219 1363 4279 At
1402 4217 1527 4280 etiamsi
1564 4237 1618 4280 nou

607 4310 750 4387 urajorem
775 4310 817 4370 illi
846 4308 1036 4369 altitudinem
1059 4326 1149 4387 super
1177 4308 1362 4369 horizontem
1392 4306 1510 4369 tribuae
1533 4326 1618 4388 qnam

612 4395 678 4471 t3⁰,
703 4395 742 4458 ab
771 4398 817 4459 his
846 4397 886 4458 ad
909 4393 970 4459 23⁰
997 4397 1162 4476 parallauis
1185 4397 1290 4458 Lunae
1319 4398 1484 4458 etiamnum
1511 4416 1569 4478 per
1589 4392 1618 4457 3¹

609 4487 677 4549 hinc
710 4493 743 4547 et
774 4506 827 4566 per
859 4487 987 4548 totidem
1021 4486 1090 4547 inde
1123 4486 1277 4554 variatur,
1311 4496 1345 4546 ut
1376 4484 1480 4547 videre
1511 4494 1565 4548 eat
1591 4487 1618 4546 ir

608 4574 759 4656 Tychonia
782 4575 887 4637 tabula
909 4574 1117 4654 parallaotica.
1156 4574 1218 4636 Sex
1240 4576 1333 4654 igitur
1356 4573 1481 4636 minutia
1504 4575 1618 4637 diana-

610 4673 688 4728 trum
704 4661 786 4727 Solis
800 4675 923 4744 superet
937 4682 1061 4726 necesse
1076 4674 1134 4738 est,
1154 4672 1188 4725 ut
1207 4664 1363 4727 materiam
1377 4664 1619 4742 crepusculum

608 4773 662 4836 per
685 4749 751 4817 300
775 4755 915 4816 milliaria
942 4753 1040 4815 eide·
1071 4754 1237 4815 meridiano
1269 4753 1411 4831 subjecta
1442 4752 1619 4833 extinguam

409 4837 425 4891 ⁰
608 4852 764 4906 ettamen
788 4836 927 4923 utrinque
957 4858 1062 4905 versus
1094 4852 1192 4904 ortum
1216 4850 1249 4904 et
1270 4860 1413 4905 occasum
1440 4841 1499 4904 bac
1523 4860 1618 4924 qu·

261 4937 353 4998 titate
377 4936 516 4997 diametri
538 4953 596 4995 uon
620 4932 734 5010 poterit
756 4940 858 5008 tegere
884 4933 1074 5004 tantundem,
1104 4931 1158 4992 sed
1182 4932 1332 5010 supererit
1355 4952 1374 4991 a
1398 4931 1548 4994 latoribus
1571 4931 1619 4992 lux

263 5022 492 5104 orapmautarn.
531 5022 632 5093 Quare
653 5020 777 5083 videant
799 5029 949 5095 auctores,
974 5021 1022 5101 qui
1035 5021 1075 5083 de
1089 5021 1274 5100 crepnmulis
1297 5018 1458 5100 omipsere,
1484 5029 1519 5084 at
1533 5036 1618 5084 aaa·
