3692 5842
348 431 415 543 2⁷0
839 482 1014 533 monumen
1031 480 1094 532 Pers
1111 477 1211 546 oseca

350 654 445 736 Angli
465 607 656 735 pbilosophis
678 654 852 734 magnetica
865 657 976 729 disces,
999 656 1046 718 cui
1068 656 1159 736 plane
1183 655 1231 717 bic
1253 654 1421 718 subscribo.
1452 653 1497 718 Et
1513 654 1593 719 scite
1606 654 1706 717 Pber·

348 744 417 807 neci
439 743 620 805 Plutarchus
643 743 807 822 respondet
830 745 992 819 metuenti,
1026 763 1064 807 ue
1087 746 1114 807 si
1137 745 1224 806 Luna
1246 751 1347 806 terrea
1368 751 1453 806 esset
1481 744 1658 825 procideret
1676 745 1706 805 in

348 834 492 896 Terram:
527 840 612 906 Sicut,
635 832 783 912 inquiens,
812 842 860 897 Sol
881 861 975 898 omnes
1002 850 1099 914 partes
1125 861 1162 898 ex
1188 843 1286 914 quum
1314 847 1425 897 eonem
1444 845 1482 899 ed
1501 861 1535 899 ee
1560 843 1705 906 marutit,

348 924 390 979 itu
409 929 440 977 et
468 921 588 992 lapidem
609 921 696 976 Terre
725 922 777 976 sibi
808 924 1016 978 convenientem
1047 923 1156 993 accipit
1198 923 1276 986 Quod
1301 923 1325 977 ei
1352 925 1425 994 quod
1454 939 1556 995 corpus
1580 931 1641 988 eet,
1671 925 1707 978 ab

346 1003 425 1059 initio
446 1003 550 1057 Terrae
571 1019 625 1055 uon
647 1003 812 1056 attributum
832 1021 922 1073 neque
944 1005 980 1058 ab
1000 1019 1036 1058 eo
1057 1004 1199 1067 avulsum,
1225 1004 1274 1057 sed
1294 1002 1430 1073 peculieri
1449 1011 1556 1060 utura
1573 1019 1628 1075 pre
1647 1019 1708 1058 sese

347 1090 494 1140 comeam:
517 1082 580 1153 quid
601 1082 738 1152 probibet,
761 1082 826 1152 quin
847 1084 963 1137 seorsim
976 1085 1003 1137 id
1023 1083 1168 1147 subsistat,
1190 1082 1246 1137 ruis
1267 1090 1440 1153 compactum
1459 1084 1581 1155 propriis
1595 1089 1629 1139 et
1647 1101 1707 1138 eon·

347 1171 473 1228 strictm
493 1169 620 1241 partibus
642 1168 689 1224 dre.
742 1159 785 1221 Et
807 1162 905 1223 iufra:
936 1172 1086 1227 Probabile
1111 1179 1158 1226 est
1185 1173 1330 1234 mundum,
1361 1171 1495 1243 siquidem
1524 1173 1632 1228 suinai
1656 1181 1707 1234 eet.

348 1252 443 1308 multis
464 1251 492 1305 iu
512 1249 639 1320 partibus
661 1257 763 1304 terram
784 1250 897 1315 babere,
918 1251 947 1305 iu
967 1252 1060 1305 multis
1075 1267 1185 1322 uquam,
1205 1251 1306 1323 ignem,
1328 1256 1433 1316 serem,
1452 1269 1508 1307 uon
1528 1251 1709 1315 neceeeim,

349 1333 397 1387 red
417 1330 525 1385 ηιίοιιο
546 1330 717 1399 disponente.
750 1331 820 1384 Nam
841 1348 930 1402 neque
952 1332 1046 1385 oculus
1067 1331 1184 1385 levitate
1206 1346 1258 1385 sua
1277 1331 1305 1385 iu
1324 1340 1411 1402 eaput
1430 1332 1600 1403 compulsus,
1621 1349 1708 1402 neque

349 1428 396 1466 cor
416 1426 469 1465 sua
488 1410 630 1481 gravitate
652 1409 680 1462 iu
701 1417 798 1479 pectus
819 1413 965 1480 delapsum
985 1419 1047 1465 est:
1073 1412 1122 1466 sed
1142 1421 1287 1481 utrumque
1308 1409 1350 1463 ita
1369 1410 1550 1476 collocatum,
1572 1411 1641 1483 quie
1658 1411 1709 1466 boe

348 1492 427 1546 modo
448 1497 511 1544 crac
530 1488 735 1545 conducibilius.
772 1486 814 1550 Et
837 1508 913 1570 quae
938 1489 1138 1570 pulcherrima
1160 1489 1222 1550 alia
1243 1497 1416 1568 sequuntur.

353 1602 372 1613 -
444 1574 533 1646 Quod
568 1584 668 1637 autem
702 1583 815 1638 certam
847 1578 994 1639 materiae
1031 1577 1060 1640 in
1090 1595 1214 1657 corpure
1246 1574 1327 1639 Sulis
1359 1577 1563 1657 quantitatem
1592 1575 1709 1651 definio,

350 1665 551 1748 aequiparans
575 1684 642 1726 eam
666 1665 784 1726 residuo
808 1666 967 1740 materiae,
1001 1685 1060 1747 qua
1087 1666 1249 1728 secondum
1282 1665 1414 1729 divinum
1436 1666 1547 1730 Mosen
1571 1666 1708 1730 extensio

349 1774 405 1820 eeu
427 1753 591 1816 insufflatio
616 1753 699 1814 lacta
723 1762 771 1814 est
794 1754 872 1817 inter
896 1773 990 1834 aquas
1013 1764 1046 1816 ot
1068 1774 1182 1835 aquas:
1207 1753 1239 1817 id
1261 1753 1380 1817 videtur
1403 1754 1447 1817 sic
1461 1755 1615 1838 requirere
1638 1772 1708 1835 pro·

349 1842 497 1924 portionis
521 1841 723 1903 concinnitas:
749 1851 783 1904 ut
807 1843 891 1922 cujus
914 1843 961 1903 vis
985 1842 1156 1906 universum
1179 1842 1253 1905 illud
1276 1842 1577 1924 spatiumpermeere
1598 1841 1709 1918 debuit

349 1931 429 1995 idem
452 1938 569 1993 tanturn
584 1931 733 2009 receperit
754 1932 897 2010 corporis,
922 1940 1066 2011 quantum
1090 1931 1119 1993 io
1134 1930 1275 1993 universo
1298 1931 1349 1994 illo
1373 1932 1473 2012 spatio
1488 1933 1581 1996 inest.
1606 1931 1710 2013 Neque

349 2027 447 2083 metus
473 2028 531 2090 est,
556 2028 589 2079 ut
611 2019 660 2079 vel
683 2019 740 2079 hoc
764 2029 827 2080 turo
858 2029 942 2081 arcte
975 2020 1153 2082 condensari
1181 2020 1230 2081 vel
1259 2019 1331 2083 illud
1361 2027 1424 2082 tam
1458 2022 1559 2101 ample
1589 2017 1710 2082 extendi

349 2109 415 2172 siue
439 2106 651 2169 commixtione
674 2108 762 2168 vacui
785 2128 844 2170 nou
867 2109 1008 2187 potuerit.
1056 2107 1138 2179 Quid
1161 2108 1238 2170 enim
1270 2109 1348 2171 inter
1377 2118 1515 2172 extrema
1545 2109 1625 2172 baec
1655 2126 1710 2170 nou

352 2195 487 2271 intersit,
521 2196 547 2257 si
570 2196 649 2256 iuter
672 2216 780 2276 aquam
813 2205 846 2258 et
868 2203 983 2271 aerem,
1014 2195 1193 2259 intermedia
1222 2205 1252 2259 et
1286 2195 1342 2258 sibi
1371 2196 1500 2261 invicem
1524 2197 1617 2260 uelde
1639 2216 1709 2278 pro·

350 2285 472 2367 pinqua,
497 2292 585 2346 tauta
607 2283 728 2346 intersit
751 2285 914 2365 proportio,
939 2293 973 2345 ut
996 2305 1091 2366 aquae
1114 2291 1203 2366 gutta
1225 2292 1343 2348 tautum
1366 2285 1589 2368 complectetur
1613 2293 1710 2349 mete·

349 2374 423 2450 ries,
449 2381 591 2455 quantum
614 2380 663 2434 est
686 2372 715 2435 iu
739 2373 816 2435 satis
841 2374 943 2453 ampla
965 2393 1085 2436 camera
1107 2373 1196 2449 aeris,
1221 2375 1300 2454 quod
1323 2391 1415 2454 supra
1437 2394 1464 2438 c.
1483 2374 1540 2439 IV.
1564 2373 1710 2456 probari·

348 2481 415 2527 mus
437 2482 467 2524 n.
492 2459 523 2526 6.
547 2478 634 2541 prop.
663 2459 711 2523 10.

439 2552 526 2612 Hanc
550 2568 638 2630 porro
662 2549 819 2611 materiam
843 2550 977 2629 corporis
1001 2548 1132 2617 Solaria,
1165 2549 1236 2629 quia
1258 2547 1512 2630 simplicissimam
1541 2569 1613 2614 esse
1634 2569 1707 2614 cuu-

352 2640 491 2702 renitet
514 2638 642 2701 maxime
667 2658 772 2711 unam,
807 2657 916 2700 vacare
940 2657 1063 2700 necesse
1087 2646 1135 2699 est
1159 2637 1273 2700 duabus
1298 2638 1385 2717 opaci
1417 2638 1606 2717 notionibus,
1634 2659 1709 2721 ques

350 2747 410 2791 nox
432 2729 508 2790 baec
532 2744 624 2806 supra
646 2746 713 2806 cap.
739 2728 763 2788 1.
788 2743 872 2806 prop.
901 2725 949 2787 l'i.
973 2735 1065 2788 nacta
1087 2734 1145 2789 est.
1179 2727 1284 2808 Neque
1304 2726 1382 2789 enim
1398 2727 1572 2807 superficies
1586 2727 1712 2791 babebit

351 2817 432 2879 iutra
455 2835 488 2877 se
512 2816 641 2889 rnultas,
671 2834 729 2895 quo
754 2815 871 2877 nomine
896 2815 1023 2894 simplex
1045 2833 1104 2876 non
1126 2820 1217 2889 esset,
1244 2833 1339 2894 neque
1362 2815 1502 2879 colorem.
1541 2816 1713 2880 Nemeum

351 2905 470 2968 definiri
485 2923 576 2985 sopra
598 2922 663 2983 cap.
680 2906 704 2967 1.
728 2923 813 2987 prop.
837 2902 886 2967 15.
902 2904 998 2966 lucem
1013 2903 1042 2965 in
1061 2903 1211 2983 potentia:
1237 2901 1302 2965 Soli
1317 2922 1388 2965 vero
1409 2922 1508 2966 merus
1533 2915 1623 2970 actus
1641 2905 1714 2969 lucis

240 3053 243 3059 .
352 2994 505 3079 competit.
551 2992 592 3053 Et
615 3012 669 3072 per
692 3011 725 3055 se
749 2990 884 3055 colorata
907 2992 1110 3072 impuritatem
1142 3003 1272 3072 arguunt
1302 2991 1461 3067 materiae,
1495 2989 1581 3056 Solis
1605 3013 1710 3076 corpus

353 3083 545 3165 pmissimom
568 3100 635 3141 esse
660 3101 786 3162 asqounu
810 3091 867 3143 est.
915 3078 1017 3151 Quare
1041 3099 1099 3142 nou
1123 3080 1264 3141 obstante
1297 3099 1414 3144 summa
1437 3080 1606 3158 densitate,
1631 3081 1711 3146 Sulis

353 3190 461 3252 corpus
479 3170 659 3251 pellucidum
675 3169 864 3232 nihilominus
884 3164 992 3242 erit.⁸)
1018 3170 1123 3248 Itaque
1137 3187 1191 3250 per
1209 3167 1258 3230 11.
1274 3170 1361 3250 primi
1375 3169 1485 3250 capitis
1501 3171 1598 3235 fluore
1613 3171 1710 3254 aliquo

355 3260 551 3322 constitutum
582 3277 649 3319 esse
683 3267 715 3320 et
743 3257 869 3341 denique
903 3277 940 3319 ex
974 3276 1052 3337 aqua
1078 3258 1108 3318 in
1137 3275 1281 3319 summum
1310 3259 1436 3338 gradum
1468 3259 1660 3323 condensata
1681 3268 1710 3322 et

354 3349 511 3429 depurata,
537 3348 614 3427 quod
639 3356 671 3408 et
694 3347 837 3410 divinitus
861 3346 986 3407 edoctus
1010 3346 1112 3407 Moses
1135 3345 1241 3422 innuit,
1264 3347 1412 3427 prodiisse
1436 3367 1562 3410 necesse
1587 3357 1646 3414 est.

441 3440 572 3503 Rursum
603 3436 673 3516 quia
701 3433 781 3497 Solis
814 3435 947 3496 officium
979 3435 1009 3496 iu
1038 3434 1146 3495 mundo
1181 3435 1311 3497 omnium
1346 3435 1537 3498 confessione
1566 3435 1626 3500 hoc
1654 3444 1711 3512 est,

353 3528 430 3609 quod
459 3526 558 3588 cordis
592 3526 620 3585 in
651 3525 770 3585 animali
804 3527 888 3597 (uam
917 3532 949 3584 et
981 3524 1171 3603 planetarum
1200 3533 1299 3586 motus
1328 3542 1365 3585 ex
1389 3522 1462 3587 Sole
1486 3525 1710 3607 dispensariiu

352 3626 439 3697 parte
463 3614 667 3677 astronomiae
686 3613 812 3694 physica
829 3612 989 3692 probabo),
1014 3620 1047 3673 ut
1069 3611 1163 3673 vitam
1187 3611 1304 3674 scilicet
1319 3613 1385 3675 huic
1407 3614 1591 3694 aspectabili
1605 3613 1712 3678 mundo

353 3705 527 3785 dispenset:
557 3702 687 3763 animant
711 3720 826 3782 quoque
849 3701 930 3762 tanti
953 3700 1084 3762 muueris
1099 3700 1319 3773 administram,
1343 3723 1397 3764 seu
1421 3703 1508 3765 malis
1533 3704 1712 3766 facultatem

354 3792 479 3853 vitalem
503 3793 531 3852 iu
556 3809 680 3869 corpore
704 3789 786 3851 Solis
810 3790 909 3851 inesse
933 3808 1057 3850 necesse
1082 3797 1140 3850 est.
1186 3788 1235 3850 Ex
1258 3790 1344 3870 hujus
1369 3789 1461 3870 igitur
1491 3791 1711 3856 inhabitatione

354 3882 383 3943 in
411 3897 534 3958 corpore
565 3878 745 3940 densissimo
774 3886 805 3939 et
832 3878 992 3959 purissimo
1023 3878 1146 3958 ejusque
1181 3878 1394 3957 potentissima
1426 3879 1629 3944 vivificatione
1659 3899 1712 3942 seu

356 3967 581 4041 informatione,
615 3967 744 4029 victoria
772 3986 878 4045 nempe
902 3961 1021 4028 auinrae
1045 3976 1077 4026 et
1100 3966 1311 4047 subjugatione
1335 3967 1622 4032 contumacissimae
1646 3989 1712 4032 ma·

355 4057 465 4131 terias,
497 4057 592 4117 lucem
626 4056 774 4117 resultare
803 4064 1038 4118 consentaneum
1071 4063 1133 4129 est,
1167 4055 1312 4118 incertum
1343 4075 1404 4137 qua
1432 4057 1567 4130 ratione,
1599 4067 1714 4122 certum

355 4156 456 4209 tamen
481 4145 628 4224 exemplis
651 4145 811 4205 multarum
825 4162 923 4205 rerum
938 4143 1152 4205 sublunarium.
1183 4143 1241 4206 Dic
1264 4144 1343 4208 euim
1368 4145 1502 4229 physice,
1528 4146 1714 4210 nutrireris

354 4235 501 4298 orientem
525 4234 677 4294 flammam
701 4232 765 4293 sinc
789 4231 899 4306 calore,
925 4232 974 4312 qui
998 4240 1047 4293 est
1068 4232 1117 4293 rel
1140 4250 1179 4293 ex
1201 4232 1326 4296 animali
1342 4234 1489 4297 facultate
1512 4235 1561 4297 vel
1585 4235 1659 4299 olim
1676 4235 1714 4297 eb

355 4343 392 4386 ea
413 4322 614 4404 progenitus?
638 4320 695 4382 Dic
713 4329 884 4399 praeterea,
908 4339 998 4401 quam
1022 4319 1178 4381 materiem
1203 4320 1315 4384 videris
1338 4321 1529 4400 inflammari,
1553 4343 1634 4406 quae
1656 4341 1713 4387 nou

355 4412 396 4473 sit
424 4431 479 4491 per
513 4409 672 4471 animalem
706 4409 836 4487 aliquam
865 4409 1041 4470 facultatem
1074 4410 1103 4469 in
1132 4409 1197 4487 ejus
1227 4410 1349 4490 proprio
1373 4431 1499 4492 corpore
1527 4413 1655 4492 genita?
1682 4423 1716 4475 ut

354 4500 430 4572 olea,
456 4499 574 4560 resinae
598 4499 651 4558 irc.
687 4497 733 4557 De
757 4497 962 4558 subterraneis
986 4497 1115 4576 nequid
1148 4498 1326 4578 suspiceris,
1356 4500 1410 4561 illa
1441 4511 1512 4563 suut
1540 4521 1619 4582 opus
1646 4501 1714 4565 mi-

355 4588 441 4649 melis
466 4587 494 4648 iu
518 4586 608 4665 globo
632 4585 744 4647 Terrae
768 4585 939 4659 facultatis,
974 4585 1163 4648 metallorum
1186 4595 1218 4648 et
1240 4586 1399 4649 fluviorum
1432 4609 1469 4650 ex
1493 4610 1576 4671 eque
1598 4591 1715 4654 mariue

443 4763 471 4822 'l
492 4763 661 4815 Pellucidum
683 4778 781 4830 corpus
801 4760 873 4815 Solis
895 4769 989 4814 statuo
1010 4762 1062 4815 soli
1084 4779 1151 4816 suae
1172 4764 1302 4833 propriae
1323 4764 1388 4828 luci,
1410 4782 1464 4820 ucu
1484 4767 1606 4825 elieuiu
1627 4787 1715 4844 neque

355 4843 528 4911 perspicuum
548 4843 609 4895 ideo
629 4842 691 4895 erit
733 4841 804 4896 Nem
824 4856 913 4909 neque
938 4857 1044 4895 somma
1070 4843 1195 4897 densiter
1215 4844 1304 4898 risum
1327 4845 1501 4902 mmmittet
1520 4845 1588 4918 (eut
1608 4853 1714 4907 selene

355 4935 445 4975 rerum
465 4922 500 4974 ed
522 4917 624 4983 nsum)
645 4936 733 4989 neque
754 4920 858 4974 eximie
878 4920 927 4972 lux
949 4921 1037 4975 locum
1052 4922 1079 4975 iu
1099 4925 1180 4978 uculo
1199 4923 1339 4994 relinquet
1351 4928 1436 4980 rebus
1456 4929 1560 4983 ceteris
1581 4931 1714 4992 ridenda,

355 5015 426 5069 quae
447 5008 511 5054 suut
530 5009 595 5069 poet
614 5001 708 5054 urbem
727 5001 809 5054 Solis.
