3692 5842
364 495 425 565 116
779 495 879 548 Litarae
897 496 1000 561 Kepieri
1018 496 1169 562 aliorumque
1186 501 1288 545 mutuae

360 678 409 739 diu
434 694 606 755 compressa
626 673 693 735 bilis
712 673 741 733 in
763 674 894 754 aliquam
918 673 1112 743 iracundiam,
1138 681 1211 750 puto
1232 690 1288 732 non
1305 673 1396 733 aliam
1415 671 1453 731 ab
1473 689 1606 743 causam,
1631 689 1720 750 qnam

360 767 510 846 quianon
540 764 701 841 respondi:
736 773 769 823 ut
802 763 925 823 tandem
955 764 1002 824 vel
1036 761 1166 823 stimulis
1200 761 1355 822 verborum
1389 761 1533 834 efficeres,
1569 761 1648 840 quod
1673 767 1721 821 tot

359 854 464 916 amicis
496 851 760 933 provocationibus
790 870 848 911 non
881 851 1112 929 impetraveras.
1159 848 1240 927 Ergo
1275 859 1387 910 motum
1418 848 1564 923 Telluris,
1598 868 1650 909 cor
1674 849 1719 920 (ni

359 943 489 1015 falleris)
514 949 545 1002 et
569 940 697 1001 animam
721 960 825 1012 meam,
852 940 988 1000 incursas
1012 958 1121 1018 magno
1146 937 1306 1013 molimine,
1333 939 1426 999 verba
1449 957 1530 1011 mea,
1555 955 1719 1017 suppresso

359 1041 460 1094 tamen
485 1049 550 1092 meo
575 1029 703 1097 nomine,
728 1048 765 1089 ex
790 1027 1024 1090 Commentariis
1049 1029 1085 1088 de
1115 1027 1246 1107 motibus
1271 1029 1380 1088 stellae
1405 1027 1522 1100 Martia,
1549 1028 1657 1105 quibus
1682 1025 1719 1086 ad

359 1120 559 1199 objectionem
594 1118 743 1197 quandam
776 1118 960 1195 respondeo,
995 1117 1024 1178 in
1055 1135 1177 1177 scenam
1208 1116 1354 1194 producta
1380 1117 1451 1196 joco
1476 1115 1627 1189 traducis,
1662 1132 1719 1195 quo

359 1209 452 1271 etiam
475 1218 613 1268 sanctum
636 1207 694 1267 Dei
719 1206 813 1267 virum
838 1206 1003 1268 intexuisti.

448 1315 584 1386 Possem,
611 1313 635 1374 si
660 1313 708 1391 pie
736 1331 872 1391 possem,
903 1311 1083 1371 contrarium
1113 1309 1215 1387 jocum
1240 1328 1392 1388 regerere,
1427 1327 1493 1368 cum
1517 1328 1574 1368 nou
1602 1317 1719 1369 tantum

359 1405 386 1466 in
416 1412 498 1465 motu
522 1404 654 1476 Terrae,
689 1402 766 1481 quod
800 1401 864 1461 vult
892 1398 1093 1477 Copernicus,
1129 1417 1234 1458 sensus
1268 1398 1418 1459 oculorum
1453 1398 1506 1468 (ad
1539 1416 1625 1476 quem
1661 1415 1717 1458 nou

357 1493 506 1572 scriptura
531 1500 658 1563 tantum,
684 1491 737 1550 sed
761 1490 818 1568 ipsi
843 1489 918 1548 adeo
944 1486 1107 1548 astronomi
1132 1506 1299 1547 sennonem
1325 1489 1544 1564 attemperant)
1565 1505 1630 1547 are
1651 1487 1718 1564 ipsa

358 1583 485 1651 diflerat,
510 1581 564 1641 sed
588 1579 688 1651 etiam,
715 1580 793 1657 quod
817 1587 849 1637 tu
874 1577 992 1655 cogeris
1017 1575 1114 1649 fateri,
1142 1586 1185 1647 ,in
1215 1587 1301 1640 aredio
1323 1586 1407 1649 coeli,
1436 1586 1462 1639 in
1484 1585 1572 1655 plaga
1601 1601 1715 1638 occasus

356 1688 407 1743 per
436 1673 518 1725 urbes
549 1680 579 1723 et
608 1669 696 1722 valles
718 1668 896 1721 Palaestinae
929 1668 1080 1735 descripta,
1113 1666 1140 1719 in
1171 1682 1237 1718 casu
1268 1667 1384 1735 denique
1412 1674 1442 1719 et
1471 1682 1586 1718 ascensu
1613 1665 1713 1726 Solis·

358 1770 434 1830 quae
458 1750 559 1809 omnia
582 1758 652 1808 sunt
675 1748 714 1807 ad
738 1748 832 1806 visum
856 1747 932 1806 certi
956 1746 1082 1806 bominis
1098 1764 1177 1816 vera,
1201 1765 1307 1822 perse
1332 1763 1403 1805 vera
1426 1765 1483 1805 uon
1508 1754 1578 1804 sunt
1602 1754 1719 1805 remota

358 1838 599 1900 consideratione
624 1837 714 1898 visus.
762 1834 870 1895 Nonne
896 1844 927 1894 tu
952 1835 1017 1913 ipse
1041 1834 1132 1894 tertia
1155 1834 1277 1911 periodo
1306 1834 1441 1912 superius
1466 1852 1559 1911 negas
1587 1845 1717 1902 „Terram

357 1938 407 1992 niti
436 1936 595 1998 columnis‚“
622 1924 699 2004 quod
731 1925 791 1984 scis
826 1926 976 1983 ailirmare
1001 1921 1174 2001 Scripturas
1204 1922 1241 1981 ad
1278 1923 1419 1983 literam?
1452 1923 1496 1982 rit
1524 1941 1582 1981 uon
1616 1923 1716 2000 piacet

357 2015 428 2077 mibi
453 2024 562 2085 tecum,
587 2015 636 2093 qui
661 2021 851 2074 astronomus
867 2012 994 2072 celebris
1014 2032 1055 2083 es,
1083 2013 1118 2070 de
1139 2012 1341 2071 communibus
1366 2011 1443 2083 istis,
1469 2029 1545 2089 quae
1566 2029 1603 2070 ne
1627 2010 1716 2071 tbeo·

358 2202 475 2254 tantum
500 2192 568 2271 quia
601 2191 673 2252 nihil
698 2210 754 2268 ego
789 2209 986 2270 responsurus
1015 2208 1095 2261 sum,
1131 2189 1182 2247 sod
1217 2188 1308 2249 etiam
1342 2189 1412 2269 quia
1444 2188 1515 2249 nihil
1541 2198 1571 2248 tu
1597 2188 1716 2266 proficis

357 2281 438 2361 apud
462 2280 676 2360 philosophos,
712 2280 760 2359 qui
792 2279 925 2357 plerique
949 2288 1020 2356 post
1048 2278 1183 2337 sidereos
1209 2275 1340 2338 Galilaei
1371 2277 1494 2339 nuncios
1518 2278 1581 2355 jam
1607 2276 1717 2337 dudum

358 2371 407 2443 (ut
430 2387 523 2449 nuper
546 2369 666 2450 quidam
691 2370 732 2427 tui
758 2367 863 2428 similis
878 2368 1156 2445 Antiennosigaeus
1176 2384 1244 2425 vere
1269 2367 1406 2444 scripsit)
1423 2365 1715 2445 Copernicoturiunt.

357 2458 419 2520 Adi
444 2468 475 2518 et
498 2457 567 2518 audi
593 2455 808 2535 Copernicum‚
842 2456 1017 2527 Rusticum,
1052 2455 1254 2525 ltaestiinum,
1290 2454 1452 2534 Origanum
1476 2463 1507 2515 et
1530 2474 1615 2515 meae
1639 2454 1716 2534 Epi·

357 2555 454 2608 tornes
479 2546 692 2607 Astronomiae
718 2545 823 2605 librum
853 2545 995 2623 primum,
1021 2544 1047 2604 si
1072 2544 1188 2623 quando
1221 2543 1400 2624 bibliopolae
1425 2545 1473 2624 qui
1502 2557 1619 2605 sumtus
1644 2543 1718 2604 iacit

356 2636 518 2697 editionem
542 2635 607 2713 ejus
632 2643 782 2695 maturare
807 2634 954 2712 placuerit
977 2643 1090 2712 (prodiit
1111 2660 1183 2697 anno
1208 2643 1281 2696 1617
1304 2636 1543 2709 autumnalibus).

445 2740 582 2820 Denique
608 2741 644 2800 de
670 2741 774 2800 fluxu
800 2748 834 2799 et
858 2739 1003 2799 refluxu
1029 2740 1137 2800 maris
1167 2757 1275 2798 novam
1300 2738 1443 2818 proponis
1472 2738 1661 2818 opinionem;
1685 2738 1716 2799 in

356 2848 415 2908 qua
439 2829 528 2889 laudo
560 2837 826 2910 temperamentum
852 2848 888 2887 ex
920 2829 1068 2888 modestia
1096 2838 1127 2888 et
1159 2828 1299 2888 libertate
1333 2828 1555 2906 philosophica,
1591 2848 1715 2908 quarum

357 2918 440 2980 illam
464 2917 632 2997 praefando
655 2917 729 2977 banc
755 2918 938 2995 disputando
963 2917 1198 2977 demonstrasti:
1224 2917 1332 2995 quippe
1353 2936 1417 2977 cunr
1443 2918 1584 2978 invidiam
1600 2935 1715 2996 agnos-

356 3024 440 3067 ceres
461 3025 512 3067 eos
535 3005 737 3078 comitantem,
764 3006 812 3086 qui
833 3014 945 3066 temere
966 3006 1137 3066 desciscunt
1162 3027 1179 3066 a
1200 3015 1333 3066 veterum
1358 3006 1498 3084 placitis,
1524 3007 1716 3067 nibilominus

357 3103 411 3155 tua
434 3114 512 3156 noua
536 3094 688 3156 veteribus
713 3095 864 3155 contraria
885 3095 954 3155 forti
980 3094 1078 3155 animo
1097 3095 1289 3174 proposuisti.
1329 3092 1416 3163 erod
1437 3114 1507 3154 vero
1531 3096 1715 3156 sententiaro

356 3182 455 3262 ipsam
479 3184 599 3253 attinet,
627 3194 770 3257 ,Causam
794 3212 842 3247 cur
856 3195 930 3247 senis
945 3196 1018 3248 boris
1037 3196 1134 3247 affluat
1156 3212 1283 3257 oceanus,
1306 3211 1359 3247 uuo
1374 3194 1459 3247 horae
1482 3196 1637 3264 quadrante
1659 3201 1717 3247 stet

356 3274 463 3337 dubius,
487 3273 559 3326 senis
581 3275 688 3336 refluat,
712 3291 871 3344 rursumque
893 3278 1074 3345 quadrantem
1097 3276 1270 3344 interponat,
1293 3291 1354 3327 esse
1376 3277 1523 3343 petendam
1546 3293 1581 3327 ex
1605 3275 1717 3328 occulta

337 3353 383 3422 ,vi
405 3353 570 3422 septenarii:
593 3361 622 3407 et
643 3363 761 3424 quatuor
782 3355 910 3408 horarum
933 3359 1108 3426 quadrantes,
1132 3356 1216 3425 quieti
1235 3355 1416 3423 interpositae
1431 3359 1519 3417 datos,
1542 3356 1662 3416 eilieere,
1683 3364 1714 3407 ut

356 3435 447 3487 fluxus
469 3435 512 3487 die
541 3435 667 3505 sequenti
698 3438 793 3488 redeat
817 3452 871 3489 una
892 3437 961 3489 hora
989 3437 1091 3499 serius,
1124 3437 1215 3489 nullas
1238 3436 1280 3488 lric
1309 3436 1379 3488 vires
1407 3453 1468 3488 esse
1488 3436 1585 3489 Lunae
1609 3436 1715 3488 tardius

356 3515 541 3568 occidentis:
572 3514 618 3573 iric
644 3523 674 3574 tu
700 3515 780 3575 nulio
815 3516 902 3574 ruodo
928 3535 1021 3594 neque
1047 3529 1180 3575 ueterum
1207 3516 1261 3574 lrac
1282 3515 1317 3574 dc.
1334 3537 1364 3576 re
1389 3515 1556 3576 doctrinam
1581 3514 1714 3575 destruis

355 3621 450 3682 neque
476 3621 586 3663 novam
611 3612 693 3662 tuam
724 3602 910 3681 philosophis
943 3605 1103 3681 approbas.
1152 3605 1229 3664 Nam
1255 3603 1323 3682 quid
1354 3604 1446 3663 lrabes
1471 3603 1548 3682 quod
1578 3622 1715 3683 oppouus

355 3691 525 3764 veteribu8‚
554 3692 609 3750 uisi
634 3691 689 3750 hoc
714 3692 839 3763 unicuru,
874 3720 944 3760 ,non
978 3703 1101 3755 omnibus
1135 3703 1261 3755 litoribus
1290 3706 1454 3773 respondere
1481 3704 1578 3756 Lunae
1607 3705 1715 3757 ortibus

354 3790 384 3833 et
404 3781 547 3834 occasibus
575 3783 677 3834 tluxum
699 3789 728 3833 et
754 3783 888 3834 refluxum
911 3783 1033 3834 maris!“
1078 3784 1121 3841 rit
1140 3782 1249 3841 saltem
1271 3783 1322 3840 itta
1346 3783 1556 3860 ponderasses‚
1584 3802 1661 3862 quae
1686 3784 1716 3842 in

356 3865 590 3928 Commentariis
623 3868 732 3928 Martis
763 3868 818 3928 hac
843 3870 881 3929 de
910 3888 941 3929 re
975 3870 1147 3948 disputari:
1182 3870 1309 3929 vidisses
1334 3872 1481 3943 subicere,
1516 3880 1548 3930 ut
1581 3872 1717 3949 erigatur

356 3955 490 4015 cumulus
525 3974 667 4034 aquarum
701 3957 756 4016 sub
787 3958 1000 4037 perpendiculo
1029 3960 1132 4019 Lunae
1157 3960 1185 4018 iu
1220 3959 1317 4018 medio
1352 3978 1483 4018 oceano:
1519 3979 1537 4018 a
1567 3959 1717 4021 lateribus

354 4043 452 4102 undae
476 4053 618 4121 quantum
639 4056 669 4105 et
689 4065 748 4124 qrra
771 4056 899 4125 possunt
924 4048 1051 4108 tendant
1070 4049 1108 4108 ad
1131 4048 1186 4107 lroc
1211 4048 1306 4125 ipsruu
1332 4048 1423 4108 ueluti
1448 4049 1604 4109 concilium
1629 4049 1718 4110 Luna

355 4130 473 4194 iuterim
498 4142 729 4210 praetereunte:
755 4144 786 4195 et
810 4135 983 4196 discedente
1008 4138 1060 4196 iila
1084 4155 1099 4195 e
1124 4136 1336 4215 perpendiculo
1363 4138 1417 4196 ioci
1443 4136 1545 4209 unius,
1576 4138 1717 4200 cumulos

354 4220 405 4281 ille
430 4239 546 4281 rursum
571 4221 729 4283 subsidat:
760 4224 892 4303 reliquas
924 4226 1089 4285 varietates
1118 4234 1276 4303 praestant
1305 4225 1381 4285 rarii
1414 4245 1551 4286 recessus
1583 4227 1716 4302 litorum,

355 4318 387 4370 ut
412 4309 440 4369 iu
465 4308 547 4368 sinus
572 4311 788 4372 reconditiores
820 4314 936 4374 tardius
966 4314 1119 4374 relabatur
1148 4315 1255 4374 liunus.
1302 4314 1367 4374 Tua
1395 4333 1464 4375 uero
1494 4334 1597 4390 causa,
1623 4335 1715 4396 quam

354 4396 486 4470 stabilis,
503 4417 560 4458 non
577 4400 658 4477 sapit
673 4401 763 4460 ullam
787 4401 1006 4480 philosophiam
1023 4402 1211 4470 rationalem,
1232 4403 1284 4462 sed
1302 4402 1533 4482 l’ytluaporicam
1550 4405 1717 4484 septenarii

353 4486 615 4565 superstitionem,
651 4506 726 4566 quae
751 4489 789 4549 ab
813 4489 934 4563 otiosis,
970 4503 1001 4549 ut
1033 4502 1119 4550 cento
1154 4491 1350 4552 ruerrdicantis
1381 4512 1417 4551 cx
1449 4493 1717 4556 diversicoloribus

353 4574 472 4654 pannis,
497 4574 540 4635 sic
565 4574 632 4654 ipsa
656 4596 693 4636 ex
718 4576 987 4639 diversissimorum
1009 4599 1151 4656 generum
1175 4580 1318 4659 exemplis
1343 4581 1451 4641 nullius
1474 4583 1596 4658 cognita
1620 4602 1716 4644 causa

355 4673 403 4724 est
427 4671 564 4724 consuta.
613 4662 753 4733 Quiane
786 4666 862 4725 hauc
896 4666 1014 4744 quidem
1048 4667 1268 4728 observationis
1301 4670 1447 4730 rationem
1477 4670 1524 4731 iric
1556 4673 1713 4751 exprimis.

354 4752 386 4812 ln
404 4753 457 4813 illa
472 4752 559 4820 enirn,
582 4773 658 4831 quae
678 4765 871 4814 numerantur
892 4775 1012 4815 numero
1028 4757 1209 4835 septenario,
1226 4767 1295 4818 sunt
1311 4759 1410 4819 omnia
1425 4759 1557 4820 discreta
1572 4761 1712 4836 inuicem,

354 4849 387 4900 ut
412 4842 487 4912 dies,
514 4848 546 4901 ut
572 4841 751 4912 lunationes,
777 4855 808 4903 ut
833 4855 968 4904 aestates:
985 4855 1015 4903 et
1035 4846 1059 4905 si
1077 4865 1134 4924 qua
1158 4845 1283 4906 similia:
1309 4867 1431 4926 quarum
1448 4866 1547 4908 rerum
1572 4869 1713 4913 nurneros

354 4949 410 4989 nou
438 4930 561 4989 fortuita
586 4930 693 4990 divisio
719 4933 771 4991 sed
797 4942 903 4992 natura
929 4932 996 5010 ipsa
1020 4934 1302 5013 vicissitudinesque
1326 4937 1505 5015 conspicuae
1531 4940 1711 5019 suppedita-

352 5026 431 5088 runt.
479 5019 533 5078 'i'ui
558 5037 628 5080 vero
661 5021 824 5098 septenarii
858 5022 1012 5102 subjecta,
1047 5023 1154 5097 borae,
1188 5023 1323 5103 iuquam,
1354 5024 1423 5095 diei,
1452 5026 1558 5105 quibus
1581 5038 1711 5093 naturae
