3692 5842
244 483 308 552 67²
720 491 760 546 u·
779 493 1113 562 seuerius-mu

243 675 377 747 pugnent
398 667 544 730 mathesis
568 677 599 731 et
620 672 767 734 naturalis
790 673 927 749 scientia,
950 694 1004 739 nec
1027 673 1235 737 contradicant
1257 671 1425 734 sanctiom
1448 668 1585 751 discipli-

243 775 315 830 nae;
339 756 497 818 dummodo
521 778 578 820 non
603 760 641 820 ad
664 762 824 840 cujuslibet
852 764 963 845 privati
992 764 1148 827 arbitrium
1173 764 1425 844 detorqueantur,
1457 759 1515 822 sed
1535 779 1585 822 no

150 857 156 874 ·
244 863 281 905 ex
303 864 385 907 more
408 846 614 909 aestimentur.

331 935 380 997 Sit
403 933 428 998 C
452 935 516 1010 Sol,
539 938 628 1001 llKO
652 939 733 1000 orbis
757 940 786 1001 in
809 961 867 1022 quo
890 941 993 1004 Tellus
1015 943 1167 1017 circumit,
1197 945 1227 1006 D
1248 942 1335 1004 locus
1357 957 1459 1002 novae
1483 935 1584 998 stellas

242 1040 334 1103 prope
359 1024 481 1086 Saturni
505 1027 649 1088 ambitum
672 1029 718 1090 rel
744 1029 865 1092 Saturni
889 1031 993 1112 ipsius.

837 1119 885 1180 Ex
897 1119 1065 1182 Pruteniois
1082 1119 1174 1200 igitur
1192 1120 1293 1183 ridere
1311 1127 1370 1192 est,
1394 1115 1424 1178 si
1438 1111 1584 1178 Satara·

773 1208 918 1271 altissimo
951 1209 997 1271 sui
1028 1208 1110 1271 orbis
1141 1210 1224 1285 looo,
1253 1208 1304 1290 qui
1335 1206 1379 1268 sit
1406 1203 1439 1268 l)
1460 1201 1586 1284 (quarob

771 1298 895 1375 decuplo
918 1298 1005 1359 abest
1034 1297 1118 1376 ejus,
1149 1316 1206 1377 quo
1234 1297 1324 1358 abeat
1346 1293 1404 1358 Sol
1428 1313 1451 1356 a
1473 1291 1585 1366 ren).

768 1394 867 1448 staret
896 1386 1054 1448 immobilis
1061 1406 1072 1461 ;
1104 1387 1198 1448 Terra
1226 1406 1264 1449 ex
1290 1383 1349 1448 CD
1380 1383 1487 1456 linea,
1518 1399 1585 1462 quae

402 1536 405 1543 .
768 1474 869 1536 Solem
886 1475 1017 1537 Saturno
1035 1476 1194 1551 connectit,
1219 1476 1343 1555 ejusque
1365 1479 1486 1554 puncto
1500 1469 1531 1532 Κ
1550 1469 1584 1532 al

528 1463 701 1822 N
767 1575 932 1627 extremum
968 1564 1084 1626 orbitae
1118 1583 1191 1626 suae
1226 1565 1308 1626 latus
1340 1558 1371 1625 0
1401 1559 1585 1628 discedente·

456 1184 510 1249 l'ig.
535 1182 560 1232 4.

765 1654 933 1733 parallaxin
963 1652 1087 1716 Saturni
1125 1654 1189 1714 sive
1223 1652 1367 1731 angulum
1404 1647 1497 1714 CDO
1527 1647 1584 1712 111

765 1742 884 1803 circiter
898 1738 945 1805 6⁰.
982 1745 1027 1804 At
1050 1761 1116 1804 cum
1135 1762 1173 1804 ue
1190 1743 1337 1805 decimam
1360 1739 1487 1820 quidem
1505 1737 1584 1800 utus

699 1825 714 1900 1,
764 1832 874 1910 gradus
896 1832 994 1894 locum
1010 1831 1094 1894 sidus
1112 1833 1274 1895 mutaverit
1295 1829 1491 1930 angulosque
1505 1823 1583 1890 cbo

714 1920 969 2012 *occupaverit
1000 1920 1057 1983 boc
1080 1930 1129 1982 est
1151 1941 1188 1982 ne
1218 1919 1450 1999 sexagesimam
1473 1915 1584 1998 quon

720 1995 727 2068 l
763 2004 819 2083 6⁰;
845 2029 969 2070 necesse
992 2019 1041 2071 est
1067 2010 1158 2071 altius
1186 2029 1254 2072 esse
1286 2007 1372 2070 sidus
1395 2007 1471 2080 hoc,
1503 2023 1584 2086 qun

720 2088 727 2156 1
716 2056 965 2198 seringecuplo
989 2098 1155 2160 distantiae
1174 2097 1355 2160 Saturniae.
1379 2104 1414 2157 et
1429 2095 1501 2176 quia
1517 2093 1584 2156 base

713 2161 890 2269 luecupla
913 2189 952 2248 ad
979 2186 1130 2262 Solarem,
1163 2188 1254 2250 altius
1282 2187 1375 2266 igitur
1403 2203 1496 2266 quam
1517 2201 1582 2246 sea·

697 2270 711 2334 .··’
766 2277 903 2357 centuplo
928 2274 1063 2340 Solaria:
1086 2274 1266 2339 uriaco
1289 2273 1444 2337 distantia
1465 2271 1584 2336 Solisa

665 2337 699 2449 J
766 2366 860 2427 Terra
892 2386 950 2427 uon
981 2373 1090 2446 aequet
1119 2365 1372 2427 sexcentesimam
1403 2363 1501 2444 ipsius
1522 2359 1581 2424 cu.

767 2454 873 2535 ltaque
898 2455 923 2516 sl
948 2450 1014 2518 600
1037 2454 1200 2516 distantiae
1224 2453 1306 2518 Solis
1324 2473 1343 2515 a
1361 2453 1471 2528 Terra,
1494 2469 1583 2534 quao-

766 2543 841 2604 libet
863 2544 979 2605 habeus
1005 2541 1088 2607 ¹200
1116 2544 1357 2606 semidiametros
1380 2541 1512 2616 Terrae,
1532 2539 1583 2602 bot

765 2643 813 2693 est
836 2633 862 2694 si
886 2630 1018 2696 720000
1037 2633 1326 2695 semidiametrorum
1340 2631 1458 2694 Terrae
1481 2639 1582 2692 esus·

765 2721 874 2782 dantur
896 2742 915 2782 a
938 2722 1057 2784 Tellure
1085 2741 1202 2784 sursum
1225 2723 1254 2784 in
1283 2721 1459 2794 aetherem,
1493 2717 1583 2780 adlras

765 2810 816 2871 illo
840 2820 903 2872 tam
925 2823 1039 2873 remoto
1063 2811 1129 2872 loco
1151 2821 1254 2892 potest
1281 2809 1461 2890 contingere
1483 2805 1582 2888 panl-

770 2899 847 2961 lasis
885 2895 927 2963 δ’.
978 2901 1023 2962 At
1057 2920 1123 2962 cum
1158 2901 1321 2963 fidissimae
1359 2897 1584 2962 observationes

242 2987 321 3051 intra
344 2986 376 3050 2‘
399 3006 502 3049 omues
526 2987 747 3058 consenseriut,
775 3007 850 3068 quae
874 2996 945 3050 sunt
966 2989 1058 3051 tertia
1079 3009 1150 3073 pars
1173 2990 1210 3050 de
1235 2985 1266 3064 6,
1289 2987 1383 3069 igitur
1406 2999 1523 3050 certum
1541 2993 1584 3048 est

242 3077 402 3139 secuudum
423 3074 580 3157 Cupernici
604 3077 721 3154 quidem
746 3078 935 3150 senteutiam,
960 3079 1043 3140 sidus
1067 3078 1122 3139 boc
1146 3080 1235 3159 triplo
1259 3079 1298 3140 ad
1321 3077 1478 3140 minimum
1500 3075 1584 3138 luisse

242 3167 343 3240 altius,
366 3167 467 3245 itaque
491 3161 644 3228 2160000
660 3164 946 3227 semidiametrorum
961 3168 1071 3229 Terrae
1095 3169 1151 3228 hoc
1175 3169 1252 3229 iuter
1275 3181 1306 3228 et
1320 3166 1476 3228 Tellurem
1499 3165 1584 3227 inter·

243 3255 343 3316 luisse.
391 3253 470 3325 Quid
493 3256 609 3329 multis,
635 3255 779 3333 fatigatur
810 3256 926 3317 animus
949 3255 978 3317 in
1003 3258 1057 3318 bac
1086 3256 1287 3319 immensitate
1310 3255 1413 3317 mundi
1438 3257 1583 3326 oberrare,

242 3344 270 3404 iu
295 3363 353 3422 qua
376 3344 486 3405 nullam
511 3345 624 3406 invenit
647 3345 829 3405 numerando
854 3346 992 3422 requiem,
1017 3346 1128 3407 nullam
1152 3347 1323 3418 stationem,
1350 3346 1467 3406 nullam
1490 3363 1584 3406 reser-

242 3434 323 3494 teudi
348 3443 467 3495 metam.
515 3434 620 3514 ltaque
649 3433 747 3492 missis
781 3453 967 3495 numerorum
999 3435 1182 3498 sectionibus
1206 3436 1327 3497 nimium
1352 3434 1531 3509 subtilibus,
1552 3431 1584 3494 ad

241 3522 335 3584 totius
358 3524 640 3604 contemplationem
664 3524 875 3601 geometricam
899 3523 1096 3603 adspiremus.

791 3983 909 4082 Caput
936 3981 1039 4056 XVI.

242 4164 297 4225 De
318 4162 527 4224 immensitate
544 4162 699 4242 sphaerae
715 4163 858 4241 fixurum
879 4161 913 4223 in
940 4161 1161 4242 hypothesibus
1181 4161 1366 4243 Copcrnr'ci:
1389 4164 1493 4248 depae
1513 4161 1587 4230 n'm'

721 4252 848 4314 Sideris
873 4250 1100 4331 magnitudine.

329 4410 386 4470 llic
411 4419 510 4471 certus
535 4429 615 4482 sum,
646 4430 747 4472 eorum
779 4412 827 4491 qui
853 4411 958 4471 lecturi
984 4420 1054 4472 sunt
1083 4411 1161 4472 ulios
1192 4411 1330 4471 irrisuros
1357 4413 1510 4476 insaniam
1532 4413 1587 4476 Co-

240 4498 363 4578 peruiei,
388 4499 480 4572 alius,
506 4500 554 4578 qui
580 4500 759 4560 sententiam
784 4501 848 4578 ejus
875 4501 1112 4579 complectuntur
1133 4501 1170 4561 ob
1193 4503 1399 4564 astronomica
1414 4517 1447 4564 et
1470 4503 1587 4584 physicis

240 4589 301 4648 alia
325 4600 510 4664 argumenta,
536 4589 591 4648 hnc
615 4602 713 4649 tamen
739 4591 940 4650 immensitate
964 4591 1108 4650 offensum
1134 4590 1169 4651 iri
1194 4600 1225 4650 et
1247 4590 1387 4652 dubitare
1412 4591 1586 4674 incepturos

240 4697 277 4735 an
303 4677 420 4736 omuino
453 4697 521 4736 rere
551 4678 704 4750 dicantur,
738 4698 813 4758 qune
837 4680 876 4738 ad
908 4679 1120 4739 stabiliendam
1152 4679 1311 4759 Cepernici
1342 4682 1528 4744 sententiam
1553 4697 1585 4740 ex

241 4765 309 4824 aliis
334 4765 467 4824 scientiis
492 4767 670 4832 ntl'eruntur:
695 4787 733 4826 au
757 4789 827 4828 sero
851 4769 951 4848 aliqua
976 4770 1091 4828 ratione
1115 4768 1241 4828 dissolri
1266 4769 1318 4831 illa
1341 4781 1374 4830 et
1398 4771 1518 4832 ostendi
1539 4789 1586 4830 or·

241 4854 322 4911 casio
345 4853 452 4931 possit,
477 4876 534 4933 qua
559 4856 586 4915 in
612 4875 741 4917 errorem
765 4858 910 4935 pertracti
933 4858 992 4918 sint
1010 4857 1218 4936 Cupernicani.
1259 4859 1301 4919 Et
1322 4859 1442 4920 addidit
1459 4861 1585 4922 Brabeus

242 4941 402 5014 objectioni
434 4943 529 5008 vires.
568 4945 636 5004 dum
667 4946 898 5007 concinnitatem
930 4947 958 5006 in
989 4947 1211 5026 perfectissimo
1242 4967 1331 5027 opere
1363 4948 1533 5018 desiderat:
1562 4947 1584 5006 si

242 5028 386 5104 sphaerae
411 5031 496 5092 unius
521 5035 644 5094 fixurum
669 5047 730 5096 tam
754 5036 859 5096 insana
884 5036 922 5096 sit
945 5036 1085 5110 uastitas,
1109 5036 1262 5098 mobilium
1288 5056 1361 5099 vero
1376 5039 1509 5100 omnium
1529 5051 1583 5098 tam
