3692 5842
1520 501 1787 552 c-cvn,
2558 569 2576 577 ·
2880 506 3010 573 555

479 671 754 754 Denique
801 674 851 734 si
911 673 1104 752 prima
1163 676 1445 738 retractio
1507 684 1682 738 tanta
1745 679 1858 753 sit,
1927 689 1991 739 nt
2047 687 2145 759 ρδ,
2198 704 2259 743 κε
2306 691 2738 760 conver-gentes
2796 703 3010 746 versus

295 763 354 832 ὁ,
403 782 436 820 ε
480 761 630 822 fiant
673 763 838 825 intus
892 763 1166 841 paralleli
1216 766 1308 841 ὅβ,
1358 788 1436 844 ey,
1488 773 1627 827 tunc
1673 787 1780 848 per
1823 766 2062 830 XCIII.
2117 789 2464 832 conversam
2524 791 2756 833 rursum
2804 774 3007 833 diver-

293 854 451 926 gent
495 849 556 910 in
603 847 694 927 βζ,
739 875 817 930 rn-
2542 913 2571 931 ,.

479 935 618 1000 CV.
710 938 1117 1001 Problema.
1213 927 1501 1002 Visibilia
1561 944 1720 1004 lente
1788 963 1941 1004 cava
1997 953 2058 1006 et
2119 966 2265 1007 con-
2322 1001 2347 1036 c
2518 913 2641 1029 1⁸¹3ss
2674 910 2759 964 ²⁷⁶

299 1043 462 1086 vexa
508 1025 756 1107 pingere
799 1046 978 1106 super
1022 1047 1251 1110 papyro
1291 1031 1498 1108 majori
1550 1033 1912 1111 quantitate,
1962 1055 2136 1114 qnam
2165 1055 2274 1114 per
2361 1029 2385 1127 l

297 1117 495 1176 solam
543 1135 891 1189 convexam,
942 1116 1051 1177 sed
1101 1137 1332 1178 eversa.
2369 1129 2401 1193 a

479 1204 549 1264 In
597 1205 902 1266 schemate
934 1202 1040 1266 27.
1091 1206 1171 1265 sit
1207 1206 1337 1266 lens
1386 1227 1654 1267 convexa
1687 1206 1824 1283 GH,
1864 1218 2089 1288 puncta
2121 1230 2268 1271 con-
2373 1185 2421 1289 sil,

293 1309 578 1354 cursuum
631 1312 736 1357 seu
785 1293 988 1373 apices
1034 1295 1446 1373 penicillorum
1496 1298 1562 1366 F,
1610 1298 1682 1370 B,
1716 1298 1805 1370 1);
1856 1298 2271 1377 interponatur
2377 1256 2441 1422 ¹¹3²„

295 1379 430 1442 lens
477 1400 632 1442 cava
676 1383 784 1444 LN
835 1383 1014 1461 paulo
1076 1402 1257 1461 supra
1302 1384 1486 1445 FBD.
1584 1386 1747 1444 Tunc
1814 1386 2048 1446 visibile
2099 1386 2267 1448 GAE

289 1468 576 1548 pingetur
637 1471 827 1549 primo
890 1489 1068 1549 super
1134 1472 1354 1532 lentem
1421 1492 1633 1532 cavam
1699 1493 1883 1554 prope
1941 1474 2106 1535 DBF
2161 1477 2265 1536 sed

287 1558 476 1636 paulo
525 1560 860 1635 confusiuS,
919 1560 1060 1638 quia
1108 1561 1236 1620 lens
1284 1581 1437 1622 cava
1495 1563 1793 1640 intercipit
1842 1564 2045 1642 apices
2093 1565 2268 1643 peni-

289 1645 607 1708 cillorum:
650 1655 712 1708 et
739 1648 1020 1727 pingetur
1050 1667 1260 1710 everso
1289 1650 1430 1719 situ,
1472 1651 1609 1729 quia
1641 1651 1828 1710 sectio
1859 1652 2265 1730 penicillorum

279 1734 416 1814 jam
465 1744 563 1797 est
610 1737 776 1799 facta
813 1737 872 1798 in
914 1735 1036 1797 GH
1084 1745 1146 1798 et
1194 1738 1395 1816 apices
1463 1740 1871 1816 penicillormn
1932 1741 2060 1818 jam
2110 1761 2263 1820 pene

290 1842 331 1884 a
377 1843 446 1885 se
494 1832 698 1886 mutuo
747 1825 970 1887 exserti
1018 1834 1184 1899 sunt,
1246 1827 1464 1904 singuli
1522 1828 1680 1888 intra
1726 1848 1791 1887 se
1840 1830 1896 1888 in
1948 1839 2264 1908 angustum

291 1913 517 1988 coacti.
610 1914 1015 1975 Transeuntes
1065 1915 1246 1993 igitur
1292 1935 1502 1976 cavam
1554 1916 1772 1977 lentem
1820 1917 2083 1995 penicilli
2136 1919 2263 1978 sin-

289 2001 450 2080 guli,
518 2021 626 2079 per
691 2001 861 2063 CIV.
931 2010 1037 2063 aut
1097 2005 1152 2063 in
1217 2023 1464 2064 acumen
1535 2005 1814 2065 desinunt
1890 2007 2263 2087 longinquius

292 2088 360 2162 S,
415 2089 482 2164 P,
523 2089 575 2149 T
623 2099 686 2152 et
732 2099 870 2152 tunc
917 2091 1156 2172 pictura
1205 2112 1383 2172 super
1431 2113 1659 2174 papyro
1711 2093 1789 2153 ibi
1841 2096 2150 2173 applicata
2196 2097 2263 2154 fit

293 2177 606 2252 distincta,
657 2188 761 2240 aut
810 2181 1082 2259 paralleli
1134 2179 1416 2243 incedunt
1463 2184 1634 2242 unitis
1680 2184 1948 2261 penicilli
1997 2184 2150 2244 radii
2200 2193 2263 2243 et

289 2275 436 2332 tunc
479 2268 718 2346 pictura
767 2278 969 2329 manet
1017 2270 1074 2329 in
1126 2290 1199 2329 ea
1245 2272 1591 2331 confusione
1640 2272 1912 2350 parvula,
1965 2293 2082 2352 qua
2129 2272 2257 2351 pri-

289 2356 476 2418 mitus
525 2356 583 2416 iu
632 2376 842 2418 cavam
892 2358 1111 2418 lentem
1155 2359 1338 2434 venit,
1390 2367 1495 2420 aut
1529 2360 1781 2439 denique
1831 2361 2150 2440 divergunt
2199 2370 2261 2421 et

287 2445 625 2506 dilatantur
669 2446 934 2524 penicilli
984 2455 1046 2507 et
1095 2456 1233 2507 tunc
1275 2448 1467 2526 magis
1514 2450 1826 2527 magisque
1877 2450 2257 2510 confunditur

283 2532 526 2614 pictura
561 2552 694 2595 cum
743 2535 1011 2597 discessu
1053 2536 1263 2618 papyri
1295 2558 1332 2596 a
1364 2538 1522 2598 lente
1563 2557 1735 2598 cava.
1813 2538 2016 2616 Major
2054 2546 2252 2599 autem

279 2622 558 2685 redditur
603 2623 841 2702 pictura
888 2622 1039 2684 SPT
1096 2644 1272 2704 quam
1321 2626 1483 2685 FBD
1531 2646 1639 2705 per
1695 2628 1886 2686 solam
1940 2625 2056 2687 GH
2107 2647 2255 2688 con-

279 2730 524 2787 vexam,
575 2711 714 2791 quia
758 2711 1020 2791 penicilli
1069 2715 1138 2788 F,
1189 2715 1244 2774 D
1292 2715 1533 2776 refracti
1583 2716 1639 2776 in
1692 2733 1843 2775 cava
1891 2716 2001 2776 LN
2052 2716 2253 2776 incur-

279 2797 506 2862 vantur
551 2809 891 2862 extrorsum
939 2802 997 2861 in
1046 2801 1120 2878 S,
1171 2803 1222 2862 T
1268 2821 1374 2880 per
1421 2803 1559 2879 XC,
1622 2803 1955 2864 exteriores
2019 2803 2257 2883 seniper

275 2890 419 2969 plus
469 2909 643 2968 quam
692 2890 1008 2951 interiores
1054 2910 1163 2968 per
1213 2892 1288 2951 lI.

463 2975 632 3040 CVI.
726 2978 939 3040 Nota.
1036 2977 1212 3049 Quod
1267 2979 1326 3039 J.
1377 2980 1664 3059 Baptista
1711 2982 1895 3042 Porta
1941 2982 2256 3059 profitetur

277 3065 486 3129 radios
516 3063 680 3128 Solis
729 3066 980 3146 primum
1029 3070 1333 3147 colligere,
1381 3077 1521 3146 post
1551 3069 1839 3129 collectos
1870 3069 1927 3128 in
1960 3070 2250 3131 infinitum

278 3157 524 3218 mittere
588 3164 651 3216 et
710 3157 798 3216 sic
875 3157 1256 3228 comburere,
1323 3158 1440 3218 etsi
1501 3159 1573 3217 de
1642 3158 1907 3238 speculis
1975 3159 2255 3237 loquitur,

277 3245 522 3307 videtur
568 3252 767 3305 tamen
819 3245 892 3306 de
937 3246 1301 3326 perspicillis
1367 3246 1620 3324 intelligi
1672 3247 1923 3318 debere,
1994 3247 2133 3324 quia
2181 3249 2253 3306 de

275 3331 579 3394 industria
654 3327 983 3396 occultavit
1059 3335 1441 3395 sententiam.
1555 3333 1785 3404 Quodsi
1856 3336 1928 3393 de
1994 3335 2255 3396 lentibus

277 3422 537 3501 intelligi
586 3422 797 3496 debet,
848 3443 964 3483 non
1014 3424 1178 3485 aliud
1225 3424 1341 3484 erit
1396 3423 1728 3495 artificium,
1781 3442 1955 3501 quam
2004 3423 2256 3501 primum

273 3511 444 3573 lente
494 3528 763 3572 convexa
809 3512 1090 3590 colligere
1139 3514 1358 3574 multos
1402 3512 1625 3586 radios,
1677 3520 1818 3589 post
1850 3512 1935 3571 sic
1968 3513 2255 3573 collectos

279 3600 555 3680 proxime
613 3608 892 3678 punctum
952 3621 1274 3662 concursus
1332 3601 1604 3678 excipere
1657 3602 1812 3660 lente
1863 3620 2042 3673 cava,
2104 3620 2255 3680 qnae

283 3708 360 3750 ex
391 3690 898 3767 convergentibus
933 3692 1259 3768 parallelos
1302 3691 1505 3761 faciat,
1559 3698 1623 3751 ut
1652 3688 1872 3749 dictum
1914 3709 2081 3767 prop.
2117 3689 2250 3750 GV.

281 3777 500 3859 Itaque
567 3778 704 3838 vide
763 3798 853 3853 ea,
926 3800 1076 3859 quae
1125 3799 1293 3858 prop.
1347 3780 1518 3839 LVI.
1583 3786 1725 3839 sunt
1790 3779 1954 3838 dicta
2020 3788 2251 3840 contra.

275 3863 518 3936 Quibus
556 3866 687 3946 jam
736 3866 892 3928 addo
941 3875 1005 3928 et
1052 3870 1162 3929 hoc
1211 3869 1500 3947 amplius:
1565 3868 1680 3928 etsi
1729 3866 2141 3928 emendaveris
2191 3868 2247 3927 in

273 3955 504 4018 Portae
551 3955 753 4017 verbis
802 3957 948 4017 illud
995 3959 1068 4018 de
1117 3958 1277 4019 linea
1333 3957 1563 4019 ustoria
1627 3957 1887 4028 infinita,
1953 3963 2020 4017 ut
2068 3956 2149 4016 sit
2194 3958 2325 4018 scil.
2377 3955 2531 4017 idem
2593 3956 2745 4037 quod
2805 3977 2989 4019 conus

273 4045 544 4107 ustorius
611 4051 896 4124 quantum
963 4047 1114 4107 velis
1173 4055 1521 4125 protenSuS,
1592 4054 1657 4106 ut
1716 4047 1802 4108 ita
1869 4046 2061 4106 adhuc
2124 4065 2233 4125 per
2298 4047 2623 4107 sectionem
2689 4047 2989 4108 radiorum

275 4132 542 4196 incensio
593 4141 916 4212 quaeratur
963 4133 1018 4196 in
1067 4136 1181 4195 fine
1232 4136 1398 4208 coni;
1447 4144 1646 4197 tamen
1696 4135 1838 4195 niliil
1888 4134 2111 4213 profici.
2187 4136 2345 4197 Nam
2376 4137 2426 4196 si
2469 4136 2659 4196 sectio
2708 4143 2992 4197 causatur

273 4222 719 4296 incensionem,
787 4223 958 4283 fortis
1006 4226 1195 4286 sectio
1247 4227 1458 4285 fortem
1519 4223 1861 4302 praestabit
1925 4224 2359 4300 incensionem,
2428 4225 2643 4286 debilis
2711 4225 2985 4285 debilem.

271 4312 364 4374 At
410 4313 470 4374 in
522 4310 854 4390 longissimi
902 4313 1034 4374 coni
1084 4313 1310 4374 vertice
1359 4313 1733 4374 debilissima
1780 4313 1897 4374 erit
1942 4313 2154 4374 sectio,

455 4399 660 4462 CVII.
752 4400 1197 4480 Propositi0.
1293 4401 1461 4463 Cava
1508 4404 1668 4464 lente
1732 4403 2002 4480 proxime
2050 4403 2283 4463 oculum
2340 4402 2573 4481 posita,
2644 4420 2794 4481 quae
2842 4400 2992 4461 soli-

271 4490 439 4554 taria
484 4489 738 4550 confusa
796 4498 1140 4567 praestaret
1204 4491 1486 4565 visibilia,
1556 4510 1939 4571 quaecunque
1987 4492 2115 4551 lens
2179 4493 2387 4570 majori
2456 4491 2677 4551 circulo
2726 4509 2994 4550 convexa

271 4579 332 4640 in
383 4599 503 4640 nna
549 4584 719 4640 certa
764 4579 1094 4640 remotione
1144 4602 1179 4641 a
1226 4600 1378 4641 cava
1425 4579 1743 4659 distinguit
1789 4580 2053 4640 visibilia
2099 4588 2161 4639 et
2209 4589 2410 4659 auget.

453 4669 612 4730 Nam
661 4684 769 4745 per
817 4668 890 4729 U.
941 4688 1125 4729 cavae
1183 4669 1377 4729 lentes
1429 4669 1502 4729 de
1551 4668 1767 4730 circulo
1816 4668 1993 4730 nimis
2040 4676 2298 4747 angusto
2347 4671 2397 4729 si
2446 4668 2711 4748 proxime
2760 4667 2993 4728 oculum

273 4757 683 4842 applicentur,
742 4757 994 4817 confusa
1040 4757 1297 4818 reddunt
1341 4766 1589 4838 propter
1649 4757 1889 4819 nimiam
1952 4758 2253 4819 radiorum
2313 4756 2773 4837 dix-ergentiam.
2868 4755 2990 4816 Sed

271 4865 383 4926 per
427 4844 666 4909 LXXI.
716 4844 1085 4906 radiationes
1135 4845 1308 4908 unius
1363 4846 1566 4925 puncti
1613 4864 1723 4925 per
1769 4866 2099 4909 convexam
2162 4847 2382 4908 lentem
2441 4845 2774 4908 solitariam
2820 4845 2992 4905 oculo

271 4935 476 5014 posito
524 4936 688 4996 intra
734 4941 1001 4995 centrum
1059 4953 1415 5010 concursus,
1480 4942 1798 5017 praestant
1855 4938 2164 4997 confusam
2213 4937 2501 4998 visionem
2546 4941 2794 5013 propter
2840 4951 2989 4994 con-

271 5023 672 5103 vergentiam.
