3692 5842
343 468 407 536 112
756 469 856 526 literae
875 471 979 539 Kapleri
997 469 1149 539 aliorumque
1167 477 1270 525 mutuae

342 668 399 711 nou
424 657 487 709 tarn
512 667 549 707 ex
573 647 648 708 meis
672 647 933 710 observationibus
957 635 1034 710 raris
1058 657 1090 709 et
1112 649 1337 723 crassiusculis,
1366 667 1425 709 non
1453 645 1546 708 etiarn
1576 659 1616 704 ex
1639 639 1705 702 tuis

343 736 542 799 exactissimis
566 736 652 815 (quia
675 737 851 815 quandoque
876 737 967 798 etiam
992 737 1086 798 bouus
1110 738 1254 799 dormitat
1277 738 1458 810 Homerus),
1487 752 1546 795 uon
1571 730 1705 809 deniqne

343 844 380 887 ex
403 834 591 904 posterorum
607 825 672 904 (qui
688 844 776 904 quarn
796 824 895 885 idonei
919 824 1011 887 loturi
1030 826 1091 887 sint
1114 826 1258 887 incertum
1273 829 1345 898 est),
1369 844 1458 906 quarn
1479 842 1516 885 ex
1530 817 1706 882 Brabeauis

342 922 414 975 ante
438 912 660 974 restitutionem
692 913 799 974 calculi
823 933 876 992 per
899 910 943 974 20
966 933 1060 974 anuos
1093 915 1228 993 exceptis
1270 913 1424 975 aestimari
1460 910 1566 982 velim,
1606 923 1706 986 eoque

343 1002 559 1081 Eplremerides
582 1001 712 1062 meditor
736 1002 774 1061 ad
798 1020 892 1062 anuos
912 998 956 1064 30
980 1010 1114 1074 exactos,
1138 1002 1267 1065 meditor
1285 1008 1317 1062 et
1335 1002 1482 1063 calculum
1506 995 1706 1060 observatio-

344 1110 413 1152 num
428 1091 654 1151 Braheanarum
678 1090 815 1163 omnium,
842 1108 917 1168 quae
941 1108 1033 1170 opera
1056 1100 1090 1152 ut
1112 1100 1143 1150 et
1157 1090 1289 1151 Tabulas
1308 1091 1392 1169 ipsas
1415 1089 1487 1170 quid
1511 1093 1707 1167 promoveat,

344 1179 416 1259 quid
439 1178 594 1257 impediat,
618 1179 648 1239 id
672 1196 709 1238 ex
733 1178 922 1239 dedicatione
952 1178 1039 1255 hujus
1061 1178 1271 1257 Ephemeridis
1294 1197 1389 1258 exque
1418 1175 1611 1258 praefatione
1636 1191 1711 1235 mea

344 1286 434 1347 super
456 1266 682 1346 prognosticum
708 1264 920 1327 Germanicum
946 1267 1034 1328 facile
1058 1268 1157 1345 colligi
1181 1267 1302 1345 poterit.

433 1355 556 1417 Interim
580 1354 605 1415 si
629 1362 710 1415 recte
735 1373 846 1427 mones,
873 1354 1065 1416 diffidendum
1089 1355 1188 1416 vitae:
1221 1355 1324 1416 demus
1348 1354 1441 1433 igitur
1469 1371 1594 1433 operam
1618 1358 1709 1412 nter·

344 1465 411 1526 que‚
436 1451 469 1505 ut
499 1443 537 1504 de
561 1443 685 1504 Tabulis
717 1443 771 1503 illa
804 1443 963 1522 quaejam
996 1450 1065 1504 sunt
1094 1444 1123 1503 in
1156 1452 1264 1522 parato
1292 1443 1387 1521 primo
1419 1460 1535 1522 quoque
1566 1450 1710 1519 tempore

344 1532 569 1596 exscribamus:
604 1530 696 1591 editio
727 1549 798 1592 vero
832 1533 937 1610 cuique
967 1551 1022 1592 sua
1050 1531 1127 1592 citra
1159 1532 1283 1592 alterius
1315 1531 1474 1610 praeventi
1507 1528 1712 1591 offensionem

345 1622 441 1684 libera
456 1628 540 1682 esto:
565 1619 773 1681 tantummodo
797 1628 830 1680 ut
852 1627 969 1680 maturo
989 1619 1111 1680 consilio
1131 1619 1408 1698 circumspiciantur
1431 1618 1532 1680 omnia
1556 1615 1708 1678 editionis

345 1710 501 1774 commoda
524 1717 556 1769 et
579 1707 775 1779 incommoda,
800 1706 828 1768 in
854 1716 949 1769 artem
974 1707 1061 1787 inque
1086 1708 1150 1786 ejus
1175 1709 1307 1769 cultores
1331 1707 1541 1769 redundantia.

436 1796 521 1867 Quae
546 1796 740 1875 sequentibus
755 1795 960 1874 Prognosticis
982 1796 1018 1857 de
1038 1796 1163 1856 Lunae
1187 1804 1283 1857 motu
1308 1796 1447 1874 tetigisti,
1473 1795 1511 1856 de
1530 1793 1569 1856 iis
1590 1790 1714 1872 aliquid

347 1887 460 1949 dictum
484 1886 512 1945 in
539 1884 797 1946 fundamentorum
821 1884 983 1945 Lunariurn
1007 1884 1207 1962 explicatione
1232 1883 1410 1963 praemissa.
1457 1884 1547 1945 Nunc
1570 1899 1610 1942 ex
1635 1898 1714 1961 pro·

347 1977 428 2037 sesso
452 1972 640 2034 examinabo.

436 2063 603 2123 Theorema
626 2061 699 2122 illud
723 2068 825 2121 tuum:
851 2072 987 2140 Tempora
1001 2071 1153 2124 durationis
1168 2070 1348 2141 deliquiorum
1361 2070 1514 2124 Lunarium
1527 2083 1632 2123 revers
1648 2085 1716 2122 esse

347 2152 483 2215 breviora,
504 2151 667 2205 diametrum
686 2150 825 2204 Lunarem
850 2150 980 2204 minorem
1001 2167 1082 2219 quarn
1103 2151 1237 2204 hactenus
1258 2157 1303 2204 est
1330 2157 1474 2220 putatum:
1504 2150 1601 2220 itaque
1622 2149 1717 2203 rideri

346 2235 453 2289 Lunam
478 2231 603 2294 deficere,
626 2232 734 2301 quando
755 2230 800 2282 rel
826 2232 944 2283 nondum
974 2229 1077 2298 incepit
1101 2230 1145 2282 rel
1169 2230 1228 2299 Jam
1255 2246 1354 2283 revera
1374 2230 1468 2293 desiit,
1497 2230 1537 2283 sic
1559 2237 1592 2284 ut
1613 2230 1718 2284 eode-

347 2322 471 2382 tempore
486 2317 515 2363 et
529 2310 680 2363 habeamus
701 2308 816 2378 eclipsin
830 2317 860 2362 et
873 2327 927 2362 uon
948 2310 1109 2372 habeamus,
1132 2313 1201 2379 quod
1216 2326 1266 2378 pro
1281 2325 1353 2364 nora
1367 2316 1398 2362 et
1417 2310 1560 2363 veteribus
1581 2309 1717 2362 omnibus

348 2392 492 2462 incognita
512 2389 705 2443 observatione
720 2388 856 2442 celebras.
884 2390 965 2442 Hanc
988 2390 1167 2443 assertionem
1182 2389 1222 2443 ais
1238 2396 1267 2442 te
1280 2389 1367 2459 primo
1382 2389 1490 2443 levibus
1505 2388 1718 2458 suspicionibus

348 2472 438 2527 ammo
460 2469 627 2539 concepisse,
652 2468 769 2538 deniquo
790 2485 841 2537 per
861 2468 977 2538 eclipsin
997 2470 1142 2532 Lunarem,
1166 2485 1237 2539 quae
1253 2469 1371 2540 contigit
1390 2486 1485 2522 mense
1501 2467 1617 2524 Octobri
1639 2484 1719 2523 anno

351 2550 436 2616 1613,
459 2550 542 2619 plene
563 2550 774 2601 demonstrasse.

438 2634 518 2683 Anno
533 2628 604 2682 enirn
623 2629 706 2682 loon.
730 2628 757 2682 4.
780 2626 874 2681 Martii
894 2633 921 2679 to
943 2626 984 2679 ais
1006 2628 1170 2680 observasse
1191 2626 1406 2696 applicationem
1419 2628 1518 2681 Lunae
1536 2628 1718 2698 corporalem

350 2714 386 2766 ad
407 2710 515 2763 oculum
536 2707 620 2761 Tauri
642 2716 671 2761 et
692 2707 792 2761 vidisse
820 2707 932 2759 stellam
959 2707 1049 2759 adhuc
1069 2709 1188 2759 nondunr
1209 2714 1328 2770 tectam,
1356 2709 1465 2778 quando
1487 2708 1562 2762 inter
1582 2708 1665 2763 illm
1685 2714 1720 2764 et

350 2799 459 2862 partem
480 2790 577 2842 Lunae
607 2787 725 2841 lucidam
753 2787 841 2840 minus
862 2786 925 2855 ipsa
952 2792 1032 2855 parte
1059 2786 1150 2839 lucida
1176 2787 1310 2840 interesse
1336 2788 1498 2850 videbatur3
1526 2789 1606 2859 atqui
1632 2789 1720 2844 Luna

352 2872 471 2925 nondum
492 2867 583 2936 plenis
605 2866 791 2936 engrannus
812 2882 830 2919 a
843 2865 907 2919 Sole
929 2866 1060 2928 distabat,
1084 2866 1177 2934 itaque
1192 2882 1257 2935 pars
1278 2866 1370 2920 lucida
1390 2883 1490 2921 revera
1510 2868 1603 2922 adbuc
1625 2868 1720 2923 minor

350 2967 412 3004 asse
433 2946 529 3002 debuit
542 2954 623 3015 parta
645 2947 771 2999 obscura.
799 2946 870 2998 Hinc
884 2944 1002 3015 colligis,
1023 2945 1151 2998 amictum
1172 2963 1233 2998 esse
1247 2947 1362 3016 globum
1375 2948 1472 3002 Lunae
1487 2948 1614 3017 sphaera
1627 2954 1720 3004 aem

352 3028 470 3089 laxiore,
493 3041 564 3094 quae
586 3024 646 3077 luce
667 3025 739 3079 Solis
761 3026 910 3077 combibita
931 3042 960 3077 se
982 3024 1060 3077 nobis
1081 3041 1130 3093 pro
1155 3026 1213 3093 ipso
1234 3043 1300 3079 rero
1321 3027 1417 3081 Lunae
1439 3043 1555 3097 corpore
1577 3035 1719 3092 ostentet.

352 3113 434 3178 parte
456 3122 521 3158 rero
543 3104 593 3157 illa
614 3121 685 3175 quac
706 3115 750 3157 est
776 3111 859 3157 extra
878 3104 950 3158 Solis
976 3104 1067 3156 radios
1089 3122 1143 3157 non
1168 3106 1291 3158 incurrat
1311 3107 1339 3160 in
1360 3107 1466 3170 oculos,
1496 3109 1545 3161 sed
1571 3108 1720 3178 pellucido

354 3188 391 3241 sit
412 3201 462 3238 nec
483 3184 626 3238 stellarum
648 3191 823 3253 conspectum
844 3184 922 3237 nobis
944 3183 1052 3251 eripiat,
1075 3183 1140 3238 licet
1161 3184 1215 3237 illis
1236 3186 1427 3240 subtendntur.
1471 3187 1546 3241 ldom
1567 3189 1720 3244 confirmas

355 3263 588 3333 contemplatione
608 3263 703 3317 Lunae
726 3263 865 3324 falcatam
887 3263 1017 3315 circulum
1037 3262 1107 3315 cuim
1130 3263 1247 3318 lucentis
1269 3281 1353 3318 cornu
1378 3265 1549 3321 sensibiliter
1574 3284 1719 3339 apparere

355 3346 485 3415 majorem
507 3359 587 3414 quam
617 3343 746 3397 circulum
774 3342 895 3412 corporis
917 3359 971 3396 non
998 3342 1144 3396 illuminati
1174 3344 1255 3397 simul
1281 3354 1373 3400 tamen
1399 3347 1575 3416 apparentis.
1630 3347 1719 3410 Haec

357 3441 407 3496 est
431 3432 515 3509 origo
540 3431 687 3509 opinionis
712 3441 792 3493 tuae.
840 3430 918 3500 Quid
945 3430 982 3489 ad
1007 3430 1080 3489 haec
1105 3449 1174 3491 vero
1199 3433 1463 3510 respondendum?

447 3518 695 3581 Commendauda
709 3520 846 3581 nimirum
866 3528 914 3579 est
929 3518 1086 3595 diligentia
1105 3527 1176 3590 tua;
1200 3529 1332 3582 ceterum
1352 3523 1426 3584 nihil
1445 3522 1515 3584 novi
1530 3521 1718 3598 observasti,

357 3608 534 3689 saepissime
559 3608 664 3668 eadem
689 3609 726 3669 de
750 3628 781 3669 rc
805 3615 937 3669 testatus
961 3615 1009 3666 est
1033 3606 1104 3666 mihi
1132 3608 1201 3668 olim
1225 3609 1408 3672 Maestlinus
1432 3620 1465 3672 et
1486 3610 1580 3673 retuli
1604 3630 1664 3691 ego
1687 3611 1720 3674 in

357 3700 491 3761 Astron:
516 3705 603 3775 parte
628 3696 729 3775 optica
753 3693 829 3775 Cap.
854 3696 895 3763 V,
921 3695 952 3756 5.
977 3694 1214 3756 observationem
1239 3716 1276 3756 ex
1308 3718 1385 3759 anno
1414 3696 1498 3762 1600
1522 3699 1563 3761 ad
1587 3717 1720 3778 unguem

358 3787 495 3857 similem,
521 3803 585 3845 cum
610 3784 696 3845 Luna
719 3783 811 3845 bifida
835 3783 963 3843 texisset
986 3781 1113 3842 obscura
1137 3795 1223 3861 parte
1246 3804 1296 3846 cor
1316 3785 1443 3866 Scorpii.
1483 3787 1601 3849 Addidi
1625 3788 1722 3850 etism

359 3871 586 3935 observationes
619 3872 740 3932 easdem
772 3871 884 3950 primae
918 3880 949 3930 et
973 3870 1095 3930 ultimae
1126 3872 1231 3948 phasis
1262 3883 1294 3935 ot
1326 3876 1469 3955 ampliavi
1504 3877 1724 3939 observatione

363 3960 470 4022 similis
494 3960 689 4037 apparentiae
713 3960 742 4020 iu
767 3958 928 4037 eclipsibus
953 3957 1055 4017 Lunae
1079 3957 1268 4036 partialibus.

450 4046 512 4110 Sed
536 4066 589 4108 uec
622 4049 721 4127 opinio
754 4048 828 4107 haec
852 4054 905 4107 tua
937 4062 1014 4105 nova
1038 4053 1087 4105 est
1119 4059 1265 4127 concepta
1297 4068 1387 4128 super
1411 4051 1468 4113 hoc
1500 4052 1723 4133 phaenomena.

360 4137 441 4202 Nam
459 4136 563 4197 eodem
583 4135 657 4197 libro
673 4154 738 4196 meo
759 4133 835 4212 Cap.
856 4134 943 4206 Tlll,
960 4130 990 4193 3.
1016 4141 1111 4194 extat.
1149 4135 1213 4197 Nec
1232 4138 1309 4198 enirn
1330 4139 1419 4216 plane
1434 4140 1508 4203 nihil
1528 4142 1724 4205 tribuendum

361 4234 409 4288 est
432 4223 495 4286 aeri
519 4223 641 4296 Lunari,
665 4231 700 4284 ut
723 4240 814 4301 supra
837 4221 866 4282 iu
891 4220 1093 4281 fundamentis
1117 4232 1248 4286 motuum
1272 4228 1376 4288 Lunae
1400 4230 1550 4306 praedixi.

450 4314 500 4373 An
524 4329 595 4373 vero
619 4329 744 4371 necesse
768 4318 825 4381 est,
851 4309 917 4369 ideo
937 4308 1027 4368 etiarn
1053 4311 1127 4371 haec
1150 4312 1358 4390 phaenomena
1376 4335 1429 4396 per
1451 4324 1553 4381 aerem
1569 4319 1725 4382 Lunum

362 4400 593 4463 demonstrare?
627 4399 746 4459 iniuirne
779 4397 921 4475 gentium.
970 4395 1003 4457 Si
1027 4399 1105 4460 enim
1133 4402 1233 4462 omnia
1257 4422 1333 4481 quae
1367 4405 1462 4466 oculis
1495 4408 1643 4470 accidunt
1665 4407 1726 4487 ipsi

361 4490 446 4550 coelo
470 4487 646 4561 tribuamus,
672 4505 747 4565 quae
771 4493 905 4545 monstra
930 4483 959 4544 in
988 4503 1084 4547 rerum
1113 4497 1250 4550 naturam
1275 4491 1475 4555 inuehemus?
1506 4505 1593 4558 verte
1618 4495 1726 4560 folium

363 4578 529 4655 allegatum
553 4585 585 4637 et
607 4574 742 4637 iuvenies
767 4574 852 4652 plura
871 4570 946 4632 talia
967 4572 1014 4632 uel
1033 4594 1090 4635 uon
1114 4577 1237 4638 multum
1261 4579 1412 4642 absimilia
1431 4584 1514 4646 visus
1538 4583 1724 4660 meldensis,

363 4683 439 4744 quae
464 4663 543 4724 nullo
567 4681 696 4743 unquam
720 4667 789 4722 atre
813 4660 926 4720 Lunari
950 4661 1146 4726 demonstrari
1169 4676 1320 4743 poterunt.
1359 4669 1462 4751 Atque
1486 4691 1544 4753 ego
1568 4672 1601 4736 id
1624 4674 1727 4753 ipsum

365 4753 412 4831 egi
436 4750 531 4811 citato
555 4753 640 4813 Astr.
667 4748 793 4829 Optices
818 4748 894 4819 loco,
917 4757 950 4808 ot
974 4749 1046 4811 baec
1070 4754 1185 4813 etalio
1209 4755 1318 4817 similia
1341 4759 1554 4839 phaenomena
1577 4781 1618 4823 ex
1642 4763 1727 4824 risus

365 4837 585 4900 conditionibus
609 4839 797 4910 deducerem,
822 4857 840 4896 a
863 4837 946 4897 coelo
970 4839 1114 4919 rebusque
1139 4841 1307 4905 visibilibus
1331 4847 1561 4911 abstraherem:
1588 4851 1618 4913 iu
1648 4851 1727 4914 hunc

366 4925 454 4990 linem
476 4936 635 5006 susceptus
651 4935 698 4987 cst
718 4925 788 4987 milri
813 4925 896 4987 labor
915 4925 1023 5006 capitis
1038 4928 1142 5008 quinti,
1167 4931 1204 4991 de
1225 4932 1312 4994 inodo
1338 4936 1470 5012 ridendi,
1495 4957 1586 5020 quem
1600 4940 1728 5003 tandem
