3692 5842
878 494 961 560 capue
977 493 1020 544 x1.
1565 492 1629 560 363

268 685 372 728 omnes
396 668 472 730 radii
505 667 698 732 circumcirca
721 689 775 750 per
804 670 895 733 horas
918 666 962 734 24
985 670 1014 730 in
1042 669 1246 750 pavimentum
1278 669 1428 744 incidunt,
1462 671 1558 733 sectio
1582 680 1630 734 est

270 756 384 837 ellipsis
409 759 450 833 (I,
478 751 543 832 13).
589 758 658 821 Nisi
682 760 737 821 sub
761 761 830 841 polo
854 760 931 840 ipso,
956 759 1007 821 ubi
1031 759 1105 821 haec
1129 759 1224 820 sectio
1248 767 1296 821 est
1319 760 1448 821 circulus
1471 760 1510 834 (Ι,
1536 756 1583 830 d).

355 846 418 909 Ubi
440 864 513 908 vero
528 843 583 908 Sol
607 848 726 925 occidit,
750 850 872 928 planum
896 849 1060 910 horizontis
1079 867 1138 910 non
1162 867 1265 909 omnes
1289 849 1383 910 totins
1401 847 1504 910 circuli
1527 850 1628 911 radios

269 933 381 1016 excipit
405 941 479 1011 (non
502 935 581 997 enim
604 937 689 1005 illos,
719 938 768 1017 qni
792 945 863 1000 sunt
885 938 966 999 infra
996 937 1198 1011 horizontem)
1222 944 1254 998 et
1278 945 1326 999 est
1348 937 1515 1016 parallelon
1539 938 1628 1000 alieni

268 1024 376 1104 plano,
411 1025 491 1106 qnod
513 1043 567 1105 per
589 1026 734 1088 verticem
757 1027 823 1089 coui
854 1027 976 1089 ductum
1006 1026 1094 1088 basin
1119 1026 1184 1105 ejus
1208 1034 1312 1096 secat,
1348 1026 1489 1088 circulum
1522 1046 1627 1107 nempe

270 1112 326 1176 diei
361 1114 518 1177 naturalis.
565 1113 647 1195 Ergo
672 1116 710 1189 (I,
739 1113 793 1190 12)
819 1117 915 1178 sectio
949 1117 1024 1177 haec
1056 1123 1104 1177 est
1135 1116 1318 1196 hyperbole,
1351 1125 1382 1177 et
1405 1115 1443 1176 ad
1471 1115 1627 1178 vitandam

269 1203 473 1264 confusionem
505 1203 653 1282 ingemino
687 1204 761 1279 tibi,
797 1206 874 1284 qnod
908 1205 1094 1266 continuatio
1128 1204 1278 1282 ellipsium
1312 1205 1341 1266 iu
1375 1204 1547 1286 pavimento
1574 1224 1628 1285 per

270 1300 365 1352 totum
389 1292 468 1354 diem
493 1299 578 1353 creet
601 1293 724 1372 figuram
748 1294 937 1375 hyperboles.

355 1381 440 1442 Idem
464 1400 567 1441 verum
591 1388 640 1442 est
663 1382 700 1443 de
725 1383 968 1444 extremitatibus
987 1400 1041 1442 seu
1060 1380 1146 1442 nodis
1171 1398 1371 1459 gnomonum:
1395 1381 1538 1462 quisunt
1561 1384 1627 1444 loco

271 1468 429 1531 fenestrae.
476 1470 518 1531 Et
540 1477 574 1531 ut
597 1470 625 1531 in
651 1479 755 1532 nostra
785 1490 905 1533 camera
930 1472 987 1532 duo
1012 1469 1078 1530 coni
1107 1469 1269 1531 luminares
1300 1470 1464 1533 verticibus
1493 1472 1625 1548 coibant,

270 1557 310 1618 ita
333 1559 363 1619 in
389 1557 557 1620 sciotericis
579 1577 672 1621 conns
695 1559 849 1622 luminaris
867 1578 942 1622 cono
966 1558 1118 1620 umbratili
1139 1559 1177 1619 ad
1202 1578 1355 1620 commune
1380 1561 1536 1639 gnomonis
1559 1561 1625 1641 sig-

270 1665 333 1707 num
353 1648 499 1726 jungitur.
538 1644 626 1717 Quod
646 1648 747 1709 nescio
767 1669 805 1710 an
821 1651 862 1712 sit
881 1649 1123 1711 animadversum
1139 1668 1157 1708 a
1172 1649 1369 1728 scriptoribus
1389 1649 1625 1711 sciotericomm.

356 1734 492 1816 Cumque
522 1736 552 1797 in
583 1745 686 1798 nostro
718 1737 837 1801 climate
871 1757 974 1800 omnes
1012 1737 1182 1817 hujusmodi
1220 1738 1317 1799 lineae
1348 1733 1413 1800 'sint
1443 1738 1626 1820 hyperbolae

270 1824 410 1905 (excepto
435 1844 500 1886 cum
524 1823 578 1887 Sol
603 1827 823 1907 aequinoctium
846 1827 979 1895 conficit,
1012 1836 1083 1888 tnnc
1107 1825 1186 1887 enim
1209 1826 1268 1888 iter
1300 1826 1450 1907 ellipsium
1474 1836 1523 1889 est
1546 1828 1626 1889 linea

268 1924 368 1987 recta,
405 1914 537 1975 omnium
574 1914 802 1996 hyperbolarnm
841 1917 1070 1989 obtusissima),
1108 1915 1243 1977 notanda
1273 1925 1323 1978 est
1352 1916 1445 1977 etiam
1482 1916 1626 1978 habitudo

265 2001 419 2083 ellipsinm
449 2003 636 2065 radiosarum
660 2004 697 2065 ad
722 2005 917 2085 hyperbolem
947 2024 1042 2067 suam.
1088 2004 1201 2066 Notum
1225 2013 1334 2066 estex
1367 2006 1626 2080 antecedentibus,

261 2090 284 2150 si
310 2111 355 2153 ex
380 2099 485 2154 centro
510 2091 661 2154 fenestrae
686 2093 862 2155 demittatur
884 2093 1152 2174 perpendicularis,
1178 2093 1255 2172 qnod
1275 2113 1349 2155 axes
1369 2096 1437 2166 (seu
1459 2095 1627 2173 vulgariter

257 2174 418 2261 longiores
453 2181 608 2254 diametri)
640 2182 768 2243 omnium
802 2183 946 2264 ellipseon
975 2182 1133 2261 porrigant
1155 2201 1223 2243 sese
1247 2183 1285 2243 ad
1310 2183 1339 2244 id
1372 2190 1515 2263 punctum
1537 2183 1625 2263 pavi-

251 2270 367 2345 menti,
395 2269 423 2331 in
448 2270 527 2351 quod
560 2270 815 2350 perpendicularis
840 2291 877 2333 ex
901 2270 1063 2332 fenestella
1094 2270 1208 2334 incidit.
1254 2270 1518 2351 Perpendienlaris
1547 2273 1623 2333 enim

249 2370 286 2422 et
312 2359 424 2421 radius
449 2365 480 2420 et
503 2358 569 2420 axis
594 2360 736 2440 ellipseos
759 2360 789 2421 in
814 2361 919 2421 eodem
934 2368 1005 2421 sunt
1026 2360 1117 2439 plano
1142 2361 1296 2422 verticalis
1320 2360 1433 2423 circuli.
1472 2360 1522 2422 Ad
1545 2360 1624 2422 idem

246 2460 330 2512 vero
358 2455 501 2527 puuctum
526 2447 625 2509 tendit
648 2449 739 2510 etiam
763 2450 829 2510 axis
853 2449 1047 2532 hyperboles,
1079 2468 1167 2528 quam
1192 2458 1297 2512 creant
1319 2451 1442 2529 ellipses
1466 2451 1530 2531 ejus
1553 2449 1623 2512 diei.

242 2531 343 2617 Ergo
379 2537 454 2597 data
484 2536 668 2618 hyperbolae
700 2539 800 2617 specie
825 2548 857 2600 et
891 2558 964 2611 axe,
994 2537 1136 2599 daturin
1161 2557 1196 2600 eo
1220 2547 1372 2619 punctum,
1396 2558 1497 2620 aquo
1521 2557 1623 2600 omnes

243 2626 415 2706 ellipsinm
440 2644 513 2687 axes
537 2627 748 2700 extenduntur,
772 2635 912 2690 secantes
934 2626 1140 2708 hyperbolem.

350 2713 555 2776 Problema
577 2715 695 2778 XXlII.
743 2718 900 2797 Tempus
933 2716 1101 2796 phasium
1131 2735 1174 2776 ex
1201 2716 1483 2779 continuatione
1514 2717 1622 2796 ellip-

245 2805 350 2867 sinm
377 2804 526 2866 elicere.
575 2802 691 2866 Charta
720 2806 846 2867 immota
868 2806 897 2866 in
921 2806 1126 2884 pavimentum
1160 2813 1260 2867 strata
1290 2806 1394 2887 excipe
1422 2806 1485 2867 sive
1511 2813 1624 2868 annota

240 2891 492 2977 hyperbolicum
515 2893 574 2953 iter
597 2894 772 2956 alterutrius
787 2897 835 2957 vel
855 2895 1009 2975 utriusque
1033 2894 1155 2957 verticis
1178 2895 1329 2974 ellipseos,
1354 2895 1440 2957 simul
1456 2902 1488 2957 et
1501 2895 1623 2957 ductum

243 2985 327 3047 axis
354 2981 472 3063 aliquot
496 2981 652 3061 ellipseon.
698 2984 777 3045 Nam
802 2985 877 3045 hora
907 2983 1075 3045 meridiana
1104 2985 1171 3045 axis
1201 2984 1344 3063 ellipseos
1367 2985 1395 3046 in
1425 2983 1484 3047 iter
1510 2985 1622 3066 hyper-

241 3073 392 3136 bolicum
415 3077 516 3132 rectus
539 3069 653 3146 incidit,
678 3092 764 3133 mane
790 3081 821 3135 et
842 3072 962 3151 vesperi
986 3072 1200 3152 obliquissime.
1250 3073 1351 3135 Ducta
1373 3075 1475 3153 itaque
1499 3074 1619 3136 contin-

242 3169 351 3243 gente
385 3159 588 3240 hyperboleu,
620 3162 726 3222 metire
757 3162 898 3242 angulum
923 3162 990 3222 axis
1024 3162 1148 3241 elliptici
1178 3182 1243 3223 cum
1268 3182 1305 3223 ea
1335 3163 1457 3225 lactum.
1503 3162 1620 3224 Deinde

243 3272 307 3314 seu
337 3249 450 3311 circino
474 3268 528 3310 seu
551 3249 667 3311 calculo
691 3252 842 3314 constitue
865 3269 970 3312 conum
996 3250 1060 3330 ejus
1084 3249 1143 3312 diei
1171 3252 1393 3332 sectionemque
1417 3252 1482 3331 ejus
1506 3252 1620 3334 hyper-

243 3340 400 3412 bolicam,
427 3344 460 3398 et
482 3347 624 3416 punctum
647 3339 754 3400 vertici
779 3341 845 3401 coni
868 3340 1157 3419 perpendiculariter
1189 3343 1370 3421 subjectum,
1405 3341 1484 3420 quod
1508 3341 1567 3402 erit
1589 3341 1619 3402 in

244 3450 314 3493 axe
341 3427 545 3508 hyperboles:
579 3438 720 3507 punctum
745 3429 818 3491 item
842 3428 1040 3510 hyperboles,
1075 3430 1155 3509 apud
1180 3432 1258 3510 qnod
1282 3432 1409 3510 angulus
1440 3431 1619 3490 observatus

244 3518 475 3582 constituitur:
500 3516 626 3597 denique
651 3525 791 3597 punctum
815 3518 845 3579 in
870 3517 937 3578 basi
961 3518 1043 3591 coni,
1080 3517 1108 3579 in
1134 3519 1211 3599 qnod
1237 3519 1391 3580 avertice
1421 3519 1512 3580 dueta
1535 3527 1621 3579 recta

245 3608 280 3670 in
307 3615 456 3687 punctum
480 3605 658 3688 hyperboles
682 3605 833 3668 inventum
858 3606 974 3669 incidit.
1021 3606 1121 3668 Arcus
1145 3608 1222 3669 enim
1246 3608 1324 3669 inter
1343 3608 1400 3669 hoc
1424 3616 1564 3687 puuctum
1589 3616 1621 3668 et

247 3696 458 3768 altissimum,
493 3714 546 3755 seu
571 3695 600 3755 id
629 3713 683 3774 per
713 3697 790 3775 quod
822 3696 976 3757 verticalis
1006 3715 1061 3775 per
1090 3706 1225 3761 centrum
1258 3696 1341 3759 basis
1373 3697 1465 3758 ducta
1497 3696 1618 3771 transit,

247 3785 386 3848 metitur
408 3783 553 3862 temporis
577 3784 770 3846 intervallum
792 3785 872 3847 inter
894 3785 1049 3847 meridiem
1073 3795 1104 3847 et
1126 3787 1244 3865 phasin.

349 3872 548 3934 Durationem
584 3873 676 3935 etiam
709 3874 853 3954 temporis
878 3883 909 3935 et
937 3875 1052 3936 minuta
1075 3875 1123 3937 vel
1154 3876 1218 3937 sine
1250 3874 1403 3955 horologio
1433 3874 1566 3937 metieris
1589 3875 1619 3936 in

249 3964 336 4026 bunc
361 3962 503 4023 modum:
529 3963 555 4022 si
579 3962 741 4042 marginem
767 3965 905 4025 dextrum
929 3964 1087 4025 lateralem
1120 3965 1262 4046 ellipseos
1289 3965 1354 4044 jam
1377 3964 1516 4044 signatae
1540 3966 1620 4046 stylo

250 4049 517 4133 comprehendas,
552 4052 759 4132 tantisperque
783 4061 905 4129 teneas,
937 4054 1005 4114 dum
1029 4054 1177 4116 luminosa
1207 4054 1322 4134 ellipsis
1346 4055 1459 4134 stylum
1482 4061 1621 4115 transeat

252 4150 290 4204 et
312 4140 440 4204 sinistro
464 4139 599 4219 margine
630 4141 741 4222 stylum
764 4148 892 4222 tangat,
923 4161 959 4202 eo
983 4151 1134 4205 momento
1166 4143 1337 4206 memineris
1367 4161 1455 4204 axem
1478 4142 1619 4222 ellipseos

253 4238 375 4308 notare,
400 4239 433 4290 et
456 4231 536 4311 stylo
560 4230 770 4292 transitionem
795 4232 833 4293 ad
862 4232 1001 4294 dextrum
1029 4232 1110 4293 latus
1135 4234 1244 4308 facere,
1278 4239 1309 4292 et
1333 4231 1376 4293 sio
1400 4250 1525 4312 semper.
1572 4231 1620 4293 Ex

259 4337 382 4383 numero
417 4319 658 4381 continuatarum
691 4320 838 4399 ellipsinm
873 4320 999 4382 habebis
1031 4329 1161 4403 tempus.
1220 4323 1301 4384 Nam
1334 4338 1441 4399 corpus
1475 4319 1555 4382 Solis
1588 4320 1617 4381 in

255 4426 393 4490 apogaeo
417 4407 554 4488 praecise
578 4409 690 4487 gradus
723 4410 877 4472 dimidium
914 4419 1056 4490 occupat,
1091 4413 1140 4491 qui
1170 4411 1294 4473 metitur
1321 4412 1436 4470 minuta
1460 4409 1522 4470 fere
1548 4409 1616 4470 duo.

258 4498 369 4578 Figura
391 4515 463 4558 vero
487 4497 630 4576 ellipseos
653 4498 683 4558 in
706 4498 796 4578 plano
820 4500 909 4579 paulo
935 4507 983 4561 est
1007 4501 1133 4581 amplior
1162 4505 1299 4581 (propter
1328 4498 1482 4560 foraminis
1505 4499 1616 4578 ampli-

257 4588 406 4661 tudinem)
430 4604 468 4646 ea
491 4587 597 4666 figura,
622 4605 698 4665 quae
723 4606 775 4667 per
800 4589 931 4650 foramen
957 4591 1058 4669 puncti
1081 4589 1287 4671 magnitudine
1312 4594 1476 4650 crearetur.

343 4675 485 4754 Exempli
517 4694 610 4736 causa
644 4697 720 4737 anno
759 4673 852 4740 1598.
887 4675 939 4740 25.
969 4679 1057 4739 Febr.
1094 4682 1140 4742 vel
1175 4680 1204 4743 7.
1235 4678 1358 4751 Martii,
1400 4696 1466 4739 cum
1498 4674 1616 4737 idoneis

258 4764 463 4828 inatmmentis
498 4765 680 4826 destituerer
705 4774 736 4826 et
759 4767 874 4826 coelum
904 4766 1036 4828 nubilum
1060 4788 1106 4828 me
1130 4770 1167 4830 de
1192 4767 1379 4828 observando
1402 4784 1479 4846 pene
1503 4766 1614 4844 despe-

258 4872 320 4916 tare
340 4854 498 4935 jussisset,
522 4853 577 4915 sub
601 4862 684 4916 tecto
707 4863 808 4915 tamen
833 4854 875 4915 fui
899 4864 931 4915 et
955 4855 1061 4918 rimam
1084 4858 1216 4919 incertae
1241 4856 1354 4916 formae
1379 4864 1411 4917 et
1433 4854 1615 4934 quantitatis

259 4960 445 5024 aperueram,
478 4941 687 5005 occasionibus
721 4944 977 5024 qualibuscunque
1005 4945 1150 5009 intentus.
1197 4943 1273 5007 Cum
1297 4945 1362 5024 jam
1387 4944 1520 5005 notabile
1544 4944 1615 5025 quid

259 5030 407 5109 deficeret,
431 5032 538 5094 umbra
561 5032 666 5094 stabat
696 5033 833 5114 praecise
858 5033 897 5095 ad
921 5034 1082 5098 dextram:
1114 5042 1181 5099 erat
1203 5053 1278 5097 nnus
1301 5041 1356 5096 aut
1379 5035 1459 5096 alter
1481 5034 1613 5114 digitus:
