3692 5842
857 494 940 559 capue
956 494 977 545 1·
1533 494 1598 565 619

324 666 441 729 Eodem
465 663 550 745 2ll2.
576 669 644 731 Oct.
670 670 796 730 eandem
819 671 947 748 primum
971 679 1019 728 est
1043 669 1234 749 conspicatus
1258 679 1290 733 et
1311 672 1474 734 Helisaeus
1493 675 1596 736 Roes-

233 752 317 815 linus
339 754 372 816 in
392 756 518 818 Alsatia
540 757 619 819 inter
642 758 849 838 equitandum;
874 758 1089 837 comprimam
1113 758 1197 819 illam
1220 778 1357 821 serenam
1380 769 1488 822 nactus
1512 771 1595 823 esset

234 860 397 922 vesperam
426 853 498 924 post
526 845 682 907 diuturnas
710 847 839 925 pluvias.
885 848 944 908 Die
968 840 1052 927 3)13.
1079 847 1145 908 Oct.
1171 849 1286 927 passim
1310 858 1358 908 est
1380 850 1595 911 animadversa
1650 847 1659 856 ’

235 929 267 992 in
289 931 529 1012 Wirtenbergia.
575 936 690 996 Eodem
722 929 806 1014 3l13.
841 936 909 997 Oct.
945 936 1045 996 David
1077 936 1234 996 Fabricius
1266 937 1297 997 in
1328 937 1429 997 Frisia
1456 945 1488 997 et
1519 939 1596 999 vidit

233 1018 320 1080 illam
343 1029 375 1081 et
397 1024 521 1099 agnovit
545 1030 576 1084 et
599 1024 772 1085 observarit
794 1024 852 1084 hoc
875 1032 907 1084 11
922 1024 1058 1103 sequenti
1076 1024 1123 1083 die
1140 1023 1348 1085 instrumentis
1366 1026 1428 1084 suis
1445 1027 1596 1088 accuratis

234 1108 274 1168 ad
290 1109 376 1185 leges
393 1110 582 1189 Tychonieas
605 1112 810 1173 conformatis.
857 1112 915 1173 Die
946 1108 1031 1193 illd.
1057 1111 1126 1173 Oct.
1151 1130 1204 1190 per
1233 1114 1327 1174 nubes
1358 1113 1504 1190 fulgorem
1528 1123 1595 1175 tra-

229 1195 347 1276 jectum
361 1200 601 1277 repraesentavit
616 1202 790 1274 Maestlino,
805 1202 857 1261 sed
875 1200 1020 1261 novitatis
1036 1200 1225 1261 illinendum
1241 1202 1405 1262 manifesta
1422 1202 1459 1262 ob
1475 1202 1596 1264 nubium

234 1284 437 1347 crebritatem.

324 1376 459 1436 Tandem
483 1376 532 1436 hic
555 1378 674 1455 Pragae
697 1378 745 1437 die
764 1372 847 1443 6116.
865 1377 932 1439 011.
952 1377 1078 1456 depulsa
1099 1379 1182 1436 fuere
1198 1377 1312 1451 nubila,
1336 1379 1390 1439 sed
1406 1378 1458 1438 111
1473 1397 1594 1459 parum3

234 1480 304 1524 cum
326 1474 450 1542 praesto
474 1465 556 1525 fuere
580 1466 795 1527 Brunowskius
819 1475 851 1526 et
873 1467 1038 1528 Schnlerus
1069 1484 1170 1539 mene,
1202 1466 1253 1526 ille
1278 1468 1498 1528 confirmandae
1522 1487 1595 1529 suae

232 1552 386 1626 relationi,
410 1553 459 1613 hic
483 1554 509 1614 si
533 1555 721 1633 contingeret
743 1555 921 1616 refutandae
945 1556 1088 1615 intentus.
1129 1556 1265 1616 Monitus
1289 1556 1382 1633 igitur
1405 1577 1425 1615 a
1448 1557 1594 1618 Schnlero

232 1639 306 1702 dum
332 1642 430 1702 locum
454 1644 623 1703 conscendo
649 1644 797 1716 idoneum,
819 1645 882 1722 jam
907 1644 960 1703 illa
977 1642 1052 1703 coeli
1075 1661 1147 1721 pars
1172 1662 1209 1702 ex
1232 1644 1298 1704 visu
1316 1645 1440 1705 abierat.
1479 1647 1596 1706 Eodem

234 1721 322 1811 6116.
349 1729 417 1791 Oct.
444 1731 524 1791 clare
547 1732 615 1792 visa
638 1741 686 1792 est
704 1754 723 1792 a
745 1733 910 1793 Maestlino
934 1732 1100 1809 Tubingae.

324 1817 471 1899 Sequenti
495 1820 544 1880 die
569 1815 653 1897 7117.
679 1821 747 1883 Oct.
773 1822 857 1882 coelo
888 1821 1057 1882 clarissimo
1090 1819 1250 1880 observari
1280 1819 1365 1880 illam
1394 1840 1448 1899 pro
1482 1820 1539 1882 loci
1564 1829 1595 1882 et

231 1904 504 1969 instrumentorum
528 1910 761 1989 opportunitate.
808 1911 856 1971 Ex
881 1930 915 1969 eo
941 1911 1036 1971 literis
1060 1909 1175 1988 passim
1199 1909 1344 1968 admoniti
1369 1909 1516 1970 universi:
1543 1929 1593 1970 re-

231 1993 353 2076 fertque
383 1997 637 2059 Bartholomaeus
671 1999 847 2073 CrestinuS,
879 1999 1051 2059 Sabaudiae
1083 1998 1234 2076 Principis
1263 1997 1512 2071 mathematicus,
1546 1998 1593 2058 die

231 2079 317 2164 7117.
343 2086 421 2147 Nov.
442 2086 507 2164 jam
530 2087 664 2147 adfuisse
697 2088 804 2148 literas
837 2108 874 2147 ex
898 2087 1055 2165 llispaniis
1084 2088 1122 2146 ad
1148 2106 1233 2146 suum
1256 2087 1427 2164 Principem
1451 2088 1592 2165 scriptas,

230 2171 342 2254 quibus
366 2174 436 2235 novi
461 2173 570 2235 sideris
595 2185 717 2237 exortus
741 2176 954 2237 celebraretur.
1002 2176 1060 2236 Die
1094 2171 1197 2255 11121.
1224 2175 1292 2236 Oct.
1319 2176 1480 2235 observata
1504 2185 1552 2235 est
1574 2196 1593 2234 a

229 2262 324 2326 Justo
349 2263 462 2343 Byrgio
485 2282 540 2342 per
571 2264 800 2326 instrumentum
833 2285 908 2325 ase
938 2272 1088 2344 paratum,
1122 2264 1228 2323 eodem
1261 2264 1464 2325 1111111111
1488 2266 1592 2342 Teng-

227 2351 335 2430 naglio
360 2360 392 2412 et
413 2371 460 2412 me
483 2372 537 2431 per
560 2353 762 2433 Tychonicum
787 2363 959 2415 sextantem
983 2353 1013 2413 in
1036 2352 1179 2414 viridario
1205 2351 1400 2414 Caesariano.

321 2441 443 2502 Interea
466 2441 535 2501 duur
559 2442 666 2519 vulgus
689 2442 803 2521 passim
828 2444 866 2503 ad
890 2461 986 2503 novae
1011 2442 1121 2502 stellae
1146 2443 1256 2500 famam
1287 2440 1452 2514 excitatur,
1483 2461 1515 2502 re
1538 2439 1593 2521 pei
1699 2450 1704 2455 '

228 2526 356 2589 crebras
380 2528 487 2590 literas
510 2531 744 2591 communicata:
770 2533 958 2592 commodum
975 2531 1107 2591 accessit
1120 2529 1251 2589 Veneris
1268 2538 1391 2590 exortus
1407 2532 1591 2606 matutinus;

227 2635 309 2697 quae
334 2636 401 2678 cnm
425 2626 508 2678 esset
531 2620 634 2679 Terris
657 2620 809 2698 proxima,
839 2621 957 2680 distans
982 2619 1018 2679 ab
1043 2639 1079 2680 ea
1102 2618 1153 2678 vix
1176 2627 1284 2697 quarta
1310 2626 1396 2696 parte
1422 2619 1487 2697 ejus
1511 2621 1589 2699 quod

229 2705 288 2768 Sol
312 2705 425 2780 distat,
457 2715 545 2767 sexta
568 2715 641 2768 vero
663 2709 710 2768 vel
736 2709 863 2788 septima
887 2710 953 2787 ejus
977 2708 1151 2781 distantiae,
1176 2726 1265 2786 quam
1288 2707 1406 2767 obtinet
1428 2708 1458 2768 in
1483 2717 1590 2769 exortu

225 2793 423 2873 vespertino:
457 2791 656 2856 conveniebat
679 2798 786 2870 etiam,
819 2805 853 2856 ut
880 2798 997 2876 totuplo
1022 2807 1105 2857 esset
1128 2795 1237 2856 clarior
1260 2804 1292 2856 et
1314 2796 1459 2874 adspectu
1482 2796 1587 2874 major.

225 2882 337 2963 ltaque
361 2889 393 2943 et
416 2883 551 2945 umbram
574 2884 810 2965 circumscripsit
833 2887 1008 2965 corporibus
1033 2894 1064 2945 et
1087 2884 1126 2945 ad
1142 2884 1266 2945 multam
1283 2885 1362 2945 diem
1379 2885 1464 2944 coelo
1482 2904 1589 2945 sereno

225 2971 365 3052 conspici
388 2972 498 3051 potuit,
521 2994 540 3033 a
562 2993 609 3034 me
634 2976 724 3035 etiam
749 2976 797 3055 qni
821 2976 959 3036 debiliori
982 2985 1051 3034 utor
1072 2975 1149 3035 visu.

319 3061 400 3121 Dum
424 3061 515 3140 igitur
538 3064 704 3125 astronomi
728 3084 884 3144 rerumque
907 3063 1114 3142 intelligentes
1139 3063 1257 3141 vesperi
1281 3061 1319 3120 ad
1337 3080 1475 3122 occasum
1492 3058 1591 3141 respi-

225 3148 331 3223 ciunt,
351 3147 463 3229 ¹vulgus
488 3151 641 3213 hominum
665 3162 697 3213 et
720 3154 816 3231 ipsum
840 3154 1029 3231 negotiosum
1053 3162 1084 3213 et
1107 3152 1205 3231 ipsum
1229 3150 1406 3212 coelestium
1430 3150 1590 3224 curiosum,

226 3236 361 3318 denique
391 3239 528 3318 sapiens,
560 3241 637 3301 alter
668 3242 796 3303 alterum
824 3242 999 3313 trahentes,
1030 3241 1187 3302 matutinis
1215 3239 1300 3300 horis
1324 3239 1352 3299 in
1377 3241 1444 3299 fora
1466 3240 1591 3319 passim,

225 3326 371 3389 Viennae
394 3328 564 3407 praecipue,
589 3330 758 3404 convolant,
784 3331 904 3391 stellam
927 3339 997 3390 ante
1021 3330 1125 3392 Solem
1149 3329 1179 3388 in
1203 3348 1317 3388 summo
1341 3328 1464 3388 aethere
1488 3329 1592 3407 digitis

228 3413 397 3494 designant
420 3419 540 3478 attoniti
565 3419 708 3499 stultique
732 3419 761 3479 in
786 3420 881 3480 stulta
896 3421 1015 3479 Venere
1039 3419 1172 3479 animum
1189 3418 1350 3496 oculosque
1373 3424 1478 3477 tenent
1499 3437 1591 3477 occu-

226 3510 333 3586 patos.
382 3504 468 3576 Quae
498 3507 574 3567 adeo
605 3527 654 3568 res
685 3509 714 3568 in
744 3508 874 3568 tabellas
905 3526 1050 3567 novorum
1074 3506 1243 3567 ordinarias
1267 3507 1362 3565 multa
1384 3505 1525 3585 irrepsit;
1560 3513 1592 3565 et

228 3609 301 3655 cnm
323 3593 409 3672 vulgi
432 3594 594 3656 sedulitate
618 3596 794 3675 quandoque
818 3597 980 3669 evenisset,
1007 3605 1039 3657 ut
1061 3597 1136 3657 haec
1160 3594 1331 3654 clarissima
1348 3593 1476 3654 Veneris
1501 3593 1591 3653 stella

227 3682 331 3761 magis
355 3683 511 3762 magisque
536 3684 649 3745 eSolis
673 3685 767 3745 radiis
784 3686 888 3746 exiens
911 3693 1084 3746 cerneretur
1107 3683 1236 3762 aprime
1253 3684 1336 3744 Solis
1358 3691 1473 3756 exortu,
1497 3701 1590 3764 usque

227 3769 303 3832 dum
326 3770 394 3850 ipsa
417 3772 522 3850 paucis
546 3783 616 3835 ante
634 3774 736 3835 Solem
759 3773 843 3835 horis
868 3775 1020 3835 occideret
1043 3775 1088 3847 (in
1113 3774 1199 3851 signo
1216 3772 1294 3833 enim
1310 3772 1445 3833 brevium
1462 3772 1590 3833 descen-

227 3857 351 3920 sionum
375 3860 584 3937 occidebant),
614 3863 645 3923 id
668 3873 826 3941 exceptum
850 3865 1011 3943 diligenter
1034 3874 1066 3925 et
1086 3861 1241 3944 praecipui
1264 3860 1394 3941 prodigii
1418 3862 1484 3924 loco
1508 3862 1590 3923 cele-

225 3945 351 4009 bratum
374 3948 439 4009 fuit
448 3948 482 4025 ²⁸)

321 4036 465 4101 Cetemm
496 4059 533 4101 ex
564 4041 747 4102 astronomis
778 4041 827 4121 qni
858 4042 942 4102 sidus
971 4041 1028 4101 hoc
1051 4061 1161 4102 novum
1191 4038 1321 4102 vidisset
1343 4041 1490 4116 interdiu,
1522 4041 1591 4102 nori

225 4128 399 4202 neminem
430 4147 526 4208 neqne
557 4131 635 4190 enim
666 4130 817 4190 Venerem
847 4130 999 4211 aequabat
1027 4131 1242 4209 magnitudine.
1290 4132 1461 4193 Narramnt
1489 4138 1590 4191 tamen

225 4218 304 4284 mihi
327 4218 450 4299 quidam
474 4219 531 4279 viri
555 4238 681 4298 graves,
712 4218 850 4279 mirabile
874 4221 976 4281 nescio
1000 4221 1071 4301 quid
1095 4222 1191 4283 instar
1213 4219 1327 4293 trabis,
1360 4219 1396 4280 de
1420 4221 1468 4281 die
1491 4220 1590 4282 visum

224 4307 258 4371 in
282 4307 421 4383 aethere,
445 4308 524 4388 quod
546 4316 619 4387 post
641 4309 731 4369 horas
755 4308 872 4389 aliquot
894 4310 1031 4370 diurnum
1053 4319 1167 4372 motum
1198 4318 1355 4390 sequutum
1377 4318 1449 4387 post
1471 4316 1589 4370 montes

226 4396 434 4460 descenderit.

316 4487 366 4549 De
391 4485 492 4566 specie
516 4487 624 4547 stellae
648 4485 788 4547 convenit
813 4485 964 4561 omnibus,
994 4487 1042 4568 qni
1066 4488 1162 4566 primo
1187 4488 1252 4565 ejus
1278 4486 1395 4548 exortui
1419 4485 1588 4564 advigilar-

224 4583 298 4652 tmt3
324 4575 421 4636 fnisse
446 4583 552 4636 exacte
575 4575 744 4649 rotundam,
768 4574 850 4635 nullo
876 4576 967 4650 crine,
991 4577 1073 4637 nulla
1095 4575 1190 4637 barba
1213 4577 1260 4636 vel
1286 4583 1418 4657 syrmate
1443 4573 1471 4634 in
1495 4574 1588 4636 ullam

224 4669 348 4748 partem
363 4663 511 4744 projecto,
536 4685 628 4745 quare
645 4665 719 4725 nulli
736 4661 910 4724 crinitamm
928 4666 1049 4744 speciei,
1074 4684 1169 4746 neque
1184 4665 1334 4745 pogoniae
1350 4683 1446 4747 neque
1463 4664 1588 4727 cometis

225 4753 460 4829 accensendam,
484 4754 538 4815 sed
562 4753 661 4815 stellis
675 4754 742 4814 fixis
759 4751 953 4829 simillimam,
977 4755 1071 4816 radiis
1094 4755 1283 4836 undiquaque
1307 4764 1341 4816 ut
1362 4757 1488 4818 fixarum
1512 4754 1587 4815 emi·

315 4949 343 5020 *)
364 4953 439 5009 Idem
461 4951 561 5008 accidit
580 4954 632 5006 hoc
653 4966 725 5004 anno
749 4950 833 5006 1606.
854 4953 945 5024 Aprili
967 4969 1059 5008 mense
1080 4969 1140 5007 cum
1161 4952 1289 5017 Venere;
1310 4953 1392 5008 Junio
1415 4969 1475 5007 cum
1495 4951 1587 5007 Marte

225 5035 406 5107 monychia
429 5050 489 5087 curn
510 5033 601 5088 Stella
621 5033 702 5087 Nora
717 5030 778 5102 jam
799 5032 903 5102 pridem
924 5034 1115 5104 disparuisset,
