3692 5842
735 505 770 534 ,·;-.=
786 515 788 520 .
803 481 899 547 scapua
915 481 1016 534 mon
1075 513 1079 520 ι
1521 481 1585 551 831

228 657 368 714 tudinis
387 659 606 730 puellaris.
626 659 760 729 duplici
790 661 982 732 marginali
1010 662 1180 733 ingressu
1209 664 1424 732 excerpitur
1442 664 1478 717 in
1502 665 1589 730 hunc

226 740 380 810 nodum..
395 739 587 816 Princeps-r
606 740 1076 814 altitudincmnenagesimi
1096 742 1292 812 ingredere
1306 744 1507 813 emargine,
1529 762 1590 814 per

225 817 845 900 000010000010010000100000110010
865 838 884 874 a
905 821 1032 887 trente,
1063 838 1148 877 aree
1176 823 1326 878 exhibet
1356 824 1588 894 longitudinis

223 895 436 970 parallaxin
463 899 658 962 maximam:
680 900 807 966 ,deinde
828 918 889 971 per
909 902 997 956 hanc
1023 919 1155 957 rursum
1177 919 1194 956 a
1215 905 1343 966 fronte,
1370 905 1588 972 000010100-

222 977 305 1034 tiam
333 996 415 1035 rere
445 979 622 1035 risibilem
649 979 778 1034 sideris
799 996 817 1034 a
836 984 949 1060 gradu
978 982 1209 1055 nonagesimo
1240 983 1432 1056 ingredere
1458 1000 1475 1036 a
1504 1000 1588 1039 mar·

222 1057 321 1130 gine,
351 1075 440 1114 area
465 1059 621 1116 exbibet
647 1057 806 1134 debitam
833 1061 1080 1133 longitudinis
1111 1063 1320 1133 parallaxiu
1342 1064 1393 1116 tui
1422 1064 1587 1117 momenti.

223 1139 272 1194 lta
285 1137 364 1193 vider
378 1139 463 1212 hujus
476 1137 556 1195 meae
570 1135 686 1197 tabulae
700 1155 780 1194 usum
800 1140 971 1210 potissimum
986 1159 1055 1207 esse,
1078 1159 1138 1196 cum
1152 1142 1227 1196 risus
1240 1145 1338 1197 Lunae
1353 1143 1429 1197 loc'us
1445 1163 1481 1198 ex
1496 1145 1588 1198 obser·

222 1215 338 1274 ratione
359 1219 555 1294 cognoscitur:
576 1218 752 1294 Tychcnicae
765 1237 832 1274 rere
846 1225 919 1285 tunc,
942 1223 1010 1276 cum'
1022 1239 1105 1276 verus
1123 1221 1219 1276 Lunae
1241 1224 1317 1277 locos
1338 1223 1460 1278 habetur
1474 1241 1511 1278 ex
1532 1225 1588 1277 cal-

222 1299 294 1354 culo.
324 1299 532 1357 Potesttamen
546 1319 584 1356 ex
598 1301 690 1356 altero
704 1299 779 1354 alter
792 1302 890 1354 baberi
905 1317 986 1372 quam
1000 1301 1139 1372 proxime,
1155 1303 1251 1357 addita
1264 1304 1310 1356 rel
1325 1303 1424 1357 ablata
1437 1304 1588 1374 parallaxi,

222 1377 340 1450 primm
354 1382 476 1436 00000100
491 1389 627 1453 excerpta
639 1381 674 1435 ad
689 1379 924 1451 propinquitatem
939 1383 1040 1438 dimidii
1050 1383 1180 1452 scrupuli,
1197 1384 1312 1454 indeque
1328 1401 1377 1452 per
1393 1385 1481 1437 locum
1495 1391 1586 1437 trans·

223 1459 374 1518 metum
403 1462 518 1532 excerpi
544 1461 701 1533 justissima
728 1462 887 1530 parallaxis
924 1481 961 1517 ex
982 1463 1119 1518 umeiibet
1149 1465 1255 1517 tabula.
1298 1465 1387 1525 Quom
1418 1481 1516 1533 parum
1538 1466 1589 1517 boc

223 1548 380 1611 praecepto
397 1549 552 1613 00000100,
584 1540 695 1599 etiamsi
715 1541 799 1595 Luna
826 1542 1003 1598 latitudinem
1033 1544 1174 1608 obtineat,
1206 1551 1235 1598 et
1256 1547 1388 1614 quomodo
1419 1546 1588 1606 medendum,

223 1622 415 1694 quomodoque
435 1623 506 1678 idern
520 1625 556 1678 ad
575 1627 756 1697 nequatorem
768 1628 799 1675 et
813 1620 929 1677 circulos
950 1624 1173 1687 declinationum,
1194 1632 1225 1680 et
1238 1624 1277 1678 sic
1292 1626 1325 1678 nd
1348 1631 1450 1678 motum
1471 1625 1586 1694 primurn

223 1704 492 1768 roeommodeudum,
513 1702 630 1776 indeque
651 1717 723 1772 quac
744 1709 895 1756 mutantur
915 1705 1093 1774 problemata
1114 1706 1288 1773 quaerendae
1311 1705 1465 1758 altitudinis
1481 1706 1584 1758 coeles·

223 1779 289 1836 tinnr
311 1798 332 1838 a
352 1781 449 1848 remo,
480 1782 559 1840 nimis
587 1783 632 1840 hic
659 1780 799 1851 prolixum
824 1788 899 1836 esset
931 1787 1055 1848 tradere,
1085 1784 1192 1855 cogitet
1216 1785 1276 1854 ipse
1307 1785 1402 1839 lector.
1444 1784 1586 1854 Expedire

223 1867 316 1916 antem
338 1869 408 1934 puto
429 1862 529 1918 Asturis
549 1863 661 1932 naritus,
684 1867 717 1916 ut
737 1862 877 1927 column,
900 1880 971 1934 quae
992 1865 1081 1919 habet
1101 1864 1129 1918 in
1150 1863 1240 1918 fronte
1269 1864 1471 1918 horizontalem
1491 1865 1587 1933 peral-

224 1939 301 1996 luin
324 1942 365 1998 60
385 1941 562 2010 minutorum,
584 1944 666 1999 minio
688 1947 811 1997 notetur.

265 2070 300 2136 5.
339 2073 396 2136 Dc
417 2076 610 2154 parallaxi
633 2078 677 2140 ob
705 2080 934 2144 dictantium
958 2077 1059 2141 Solis
1083 2084 1119 2137 et
1142 2075 1295 2148 Terrae,
1327 2093 1390 2135 seu
1418 2093 1544 2135 annua.

312 2196 362 2260 At
383 2216 422 2259 ne
446 2198 490 2260 010
520 2198 640 2279 quidem
674 2202 766 2266 desiit
798 2202 1041 2285 sapientissimos
1074 2198 1174 2264 muudi
1198 2197 1394 2259 Architectus
1425 2198 1588 2260 humanum

225 2285 473 2369 00000οω0100.
520 2285 780 2359 Quemadmodum
814 2293 911 2366 enim,
945 2310 1011 2352 cum
1039 2309 1098 2351 uon
1123 2287 1276 2350 sufficeret
1306 2286 1416 2347 nomini
1441 2287 1590 2350 distantia

226 2375 380 2440 oculorum
405 2375 444 2436 ad
467 2382 708 2456 cognoscendam
733 2400 835 2444 veram
859 2380 1037 2443 distantiam
1055 2378 1160 2440 Lunae
1185 2397 1203 2437 a
1225 2375 1320 2438 Terra
1343 2377 1435 2455 (quae
1459 2376 1589 2438 infimum

226 2463 309 2528 sidus
335 2466 419 2539 est),
450 2482 623 2529 succurrere
647 2469 752 2532 debuit
775 2470 903 2532 exilitati
927 2470 1011 2531 visus
1034 2467 1115 2529 orbis
1139 2465 1300 2526 'l'errarnm
1324 2465 1509 2543 amplitudo,
1533 2465 1587 2542 ita,

227 2573 295 2618 cnm
320 2553 415 2617 etiam
438 2552 487 2615 hic
510 2554 669 2619 abscessus
695 2559 864 2638 superficiei
883 2559 1014 2620 Telluris
1038 2578 1058 2617 a
1080 2574 1134 2618 suo
1158 2561 1261 2616 centro
1286 2562 1481 2615 evanesceret
1504 2574 1587 2616 oom-

224 2650 352 2724 paratus
379 2642 420 2705 ad
442 2641 647 2707 incredibilem
676 2646 861 2727 superiorum
895 2648 1084 2727 planetarum
1118 2642 1324 2718 altitudinem,
1359 2661 1395 2703 ne
1420 2643 1448 2704 hi
1475 2662 1590 2725 quoquc

225 2732 341 2796 lrootra
358 2740 392 2794 et
413 2730 601 2794 inobservati
619 2752 674 2815 per
697 2735 842 2800 ambitum
865 2738 1015 2797 coelorum
1039 2732 1263 2815 spatiarentur,
1289 2732 1358 2814 quin
1376 2732 1478 2811 potius
1497 2732 1590 2793 etiam

224 2819 261 2883 nd
288 2819 349 2883 hos
368 2839 454 2882 mene
474 2821 603 2883 humana
626 2825 826 2904 pervaderet:
851 2825 933 2887 aliud
953 2824 1105 2904 multoque
1129 2822 1257 2901 amplius
1277 2822 1472 2900 parallareon
1496 2841 1591 2901 genus

224 2907 313 2972 nous
348 2916 397 2971 eet
430 2910 669 2986 architectatus;
702 2913 728 2975 01
761 2914 838 2976 forte
872 2914 991 2976 iuturus
1024 2919 1107 2973 esset
1139 2910 1218 2972 iuter
1250 2909 1405 2985 homiues,
1436 2911 1486 2990 qui
1514 2911 1590 2972 hanc

224 2998 387 3074 rationem,
412 2998 561 3063 inoffensa
574 3001 690 3081 pietate
711 3003 881 3082 omissaque
896 3020 1018 3084 operum
1038 3017 1158 3063 suornm
1173 2999 1332 3070 calumnia,
1352 2999 1437 3079 sequi
1456 3006 1588 3078 cuperet.

224 3085 298 3150 iiam
324 3084 511 3168 Oopcrnicus
545 3097 577 3150 et
608 3088 798 3153 Reinholdus
830 3091 860 3153 iu
891 3090 1063 3153 Prutenicis
1095 3088 1314 3170 parallaxin
1343 3089 1446 3150 orbis
1479 3088 1590 3151 annui

227 3176 405 3259 appellant3
436 3178 571 3257 quamvis
601 3198 667 3241 enm
698 3180 846 3241 rationem
870 3180 973 3262 Tycho
1004 3178 1141 3241 Braheus
1166 3197 1185 3238 a
1207 3177 1376 3240 mobilitate
1399 3177 1528 3240 Telluris
1552 3177 1591 3239 ad

225 3264 303 3329 Solis
335 3264 536 3328 mobilitatem
565 3266 612 3328 ita
643 3268 831 3345 traduxerit,
862 3279 897 3331 ut
930 3268 1004 3329 nihil
1033 3268 1147 3329 babeat
1180 3267 1314 3346 opticus,
1348 3284 1406 3348 qno
1433 3267 1482 3327 rel
1512 3267 1591 3328 bauo

225 3353 270 3417 rel
302 3352 390 3416 illam
425 3356 571 3417 rationem
609 3357 710 3440 eligat
771 3358 940 3438 Utramque
974 3355 1154 3429 declarabo,
1193 3375 1212 3415 a
1244 3352 1454 3434 Gopernieana
1491 3375 1589 3419 orsos.

225 3441 272 3508 sit
309 3461 385 3524 ergo
413 3441 445 3505 A
467 3449 535 3519 (rig.
558 3449 620 3513 1⁰²)
644 3465 753 3527 corpus
784 3445 885 3517 Solis,
924 3453 1059 3509 centrum
1096 3461 1251 3505 commune
1284 3441 1338 3505 BC
1373 3443 1452 3504 orbis
1489 3445 1589 3518 annui,

225 3531 271 3615 qni
294 3531 424 3594 Terram
455 3533 553 3608 vehit,
584 3540 616 3594 et
639 3534 695 3597 DF
725 3535 873 3616 sphaerae
905 3537 1046 3607 lixarum,
1079 3541 1111 3595 et
1137 3533 1180 3593 sit
1207 3532 1360 3610 proportio
1385 3531 1444 3594 ΒΑ
1467 3533 1506 3594 ad
1529 3532 1588 3595 AD

225 3620 419 3685 msensibilis.
476 3619 569 3683 Sidus
600 3640 673 3685 voro
707 3623 748 3686 sit
778 3626 808 3687 in
833 3624 877 3700 G,
912 3633 944 3687 ct
977 3624 1132 3706 proportio
1162 3621 1220 3683 BA
1254 3621 1292 3681 ad
1324 3618 1385 3682 AG
1426 3622 1587 3685 sensibilis.

225 3710 323 3774 Terra
346 3728 418 3789 ergo
441 3709 471 3772 in
496 3708 522 3773 G
546 3712 728 3788 constituta,
758 3714 856 3775 medio
883 3714 948 3775 loco
971 3714 1052 3775 inter
1074 3716 1103 3775 A
1127 3710 1229 3775 Solem
1254 3717 1286 3771 et
1310 3706 1339 3771 G
1368 3710 1467 3786 sidus,
1502 3711 1589 3771 coin-

225 3799 305 3862 cidet
330 3798 411 3861 linea
433 3796 497 3862 AG
520 3807 553 3862 et
576 3798 643 3875 CG,
670 3810 701 3863 et
723 3803 902 3866 continuata
931 3812 1073 3882 utraque,
1102 3799 1258 3880 perveniet
1280 3800 1310 3861 in
1335 3818 1424 3878 unum
1447 3809 1590 3880 punctum

225 3885 358 3950 Finter
380 3887 468 3950 lixas.
516 3887 589 3950 Sive
613 3909 685 3971 ergo
709 3892 793 3954 inA
817 3890 904 3966 Sole,
929 3890 1047 3953 sivein
1073 3887 1097 3951 (l
1123 3889 1218 3950 Terra
1246 3888 1448 3951 constituatur
1475 3890 1588 3964 oculus,

225 3976 308 4040 sidus
334 3976 440 4039 eodem
466 3977 522 4039 sub
544 3977 612 4040 lixis
636 3979 702 4041 loco
726 3979 887 4042 videbitur.
926 3980 984 4041 Hic
1003 3997 1085 4059 ergo,
1109 3977 1227 4038 scilicet
1244 3975 1274 4037 in
1299 3978 1488 4057 oppositione
1508 3976 1589 4040 Solis

225 4066 389 4129 stridoris
412 4066 499 4129 nulla
522 4074 570 4128 est
593 4066 701 4129 sideris
733 4068 900 4149 parallcxis
924 4087 963 4130 ex
993 4068 1064 4129 orbe
1095 4084 1204 4128 annno.
1251 4065 1445 4128 Manentibus
1469 4066 1589 4140 ceteris,

225 4153 319 4218 Terra
343 4154 385 4217 sit
407 4154 436 4216 in
459 4153 502 4231 B,
527 4164 616 4217 extra
645 4157 755 4219 lincam
780 4156 851 4221 GA.
899 4156 1015 4219 Sideris
1043 4173 1115 4236 ergo
1144 4155 1227 4217 locus
1251 4173 1289 4216 ex
1312 4155 1407 4217 Terra
1430 4155 1591 4237 apparebit

226 4243 253 4306 in
277 4245 303 4307 F
327 4243 383 4306 sub
406 4244 484 4319 lixis,
508 4262 547 4306 ex
569 4242 641 4306 Sole
665 4264 737 4307 vero
762 4246 791 4307 A
814 4247 843 4307 in
862 4244 906 4321 Ε;
931 4244 1000 4327 quia
1022 4245 1081 4306 BA
1105 4244 1145 4305 ad
1167 4241 1231 4306 AG
1253 4244 1415 4319 sensibilis,
1441 4263 1533 4324 quare
1558 4253 1590 4305 et

226 4332 381 4396 inclinatio
405 4331 551 4395 linearum
574 4331 644 4408 BG,
663 4332 726 4396 AG
750 4334 911 4397 sensibilis.
959 4332 1036 4397 (lum
1061 4351 1132 4413 ergo
1151 4332 1178 4395 B
1202 4350 1297 4412 aeque
1321 4331 1362 4393 sit
1385 4340 1519 4394 centrum
1535 4332 1590 4394 DF

226 4422 263 4484 sd
286 4441 424 4498 sensnm,
449 4442 487 4485 ac
511 4423 540 4483 A
563 4422 594 4486 in
617 4421 763 4495 veritate,
797 4424 855 4485 erit
878 4443 996 4485 rursum
1019 4423 1072 4483 EF
1095 4439 1183 4483 arcus
1215 4439 1355 4482 mensura
1379 4420 1480 4500 auguli
1503 4419 1590 4482 EGF

226 4510 272 4574 rel
293 4508 402 4584 BGA,
434 4518 553 4573 ettam
578 4511 625 4574 bic
650 4530 738 4595 quam
762 4511 813 4576 ille
846 4511 1012 4592 parallaxis
1044 4510 1134 4573 annui
1159 4509 1257 4585 orbis,
1290 4510 1386 4572 Terra
1411 4509 1439 4571 in
1464 4509 1490 4569 B
1514 4529 1589 4570 coo-

227 4599 346 4665 rtitnta.
394 4597 525 4681 Cognito
549 4600 651 4682 itaque
675 4600 702 4663 E
726 4601 793 4664 loco
816 4602 939 4676 sideris,
973 4619 1061 4682 quem
1085 4620 1122 4662 ex
1146 4598 1218 4661 Sole
1251 4599 1348 4678 ejecta
1371 4599 1452 4661 linea
1483 4598 1588 4659 deter-

226 4688 319 4752 minat
342 4688 399 4752 snb
423 4689 507 4767 fixis,
531 4707 587 4771 per
610 4692 813 4754 astronomica
836 4698 1002 4772 praecepta
1031 4690 1110 4762 alia,
1140 4687 1167 4750 F
1197 4707 1269 4752 vero
1302 4688 1367 4749 loco
1398 4706 1434 4749 00
1468 4686 1586 4762 sideris,

226 4795 312 4860 quem
345 4778 429 4841 ricus
458 4798 496 4840 ex
526 4779 622 4841 Terra
650 4780 775 4843 veniens
808 4781 866 4843 sub
895 4780 964 4843 fixis
996 4778 1194 4849 determinat,
1228 4785 1260 4839 et
1283 4777 1327 4839 010
1350 4776 1404 4840 EF
1426 4777 1474 4838 vel
1498 4774 1588 4838 BGA
1679 4823 1683 4832 .

226 4867 385 4947 parallaxi,
410 4887 470 4930 non
484 4869 598 4949 poterit
612 4869 743 4949 ignorari
764 4868 918 4951 proportio
934 4866 996 4931 AG
1013 4868 1177 4931 distantiae
1197 4866 1304 4928 sideris
1320 4890 1339 4928 a
1354 4865 1425 4929 Sole
1448 4872 1588 4947 respectu

227 4953 365 5020 diametri
388 4956 502 5035 mundi,
526 4956 566 5019 ad
589 4957 646 5019 AB
677 4958 855 5020 distantiam
879 4956 961 5020 Solis
985 4977 1004 5019 0
1027 4958 1138 5030 Το000;
1170 4956 1361 5034 quantumvis
1384 4975 1422 5017 ea
1449 4952 1588 5016 immanis

228 5044 268 5107 sit
290 5044 465 5109 admodum.
510 5044 561 5109 Ita
584 5055 722 5128 apparet,
746 5063 808 5110 nen
832 5044 988 5122 decuisse,
1021 5053 1056 5108 ut
1077 5044 1166 5107 home
1189 5042 1291 5106 mnndi
1323 5043 1412 5125 hujus
1434 5044 1535 5106 incola
1558 5048 1589 5105 et
