3692 5842
596 266 647 364 D.
681 265 944 389 Rudolpho
977 266 1039 363 11.

279 451 572 546 uoullouun
605 453 895 547 liruuuluom
927 453 1109 545 summ
1141 452 1363 548 luousuo

718 603 750 663 P.
776 604 810 662 F.
836 603 870 662 P.
896 602 931 663 P.

141 742 423 815 GERMANIAE‚
455 738 726 814 HUNGARmE,
756 739 978 803 BOIIEMIAE
1013 743 1065 803 &a
1105 741 1219 804 REGI.
1266 740 1502 805 ARCHIDUCI

674 864 887 926 Ausrmxu
917 867 969 927 &a

235 1023 296 1087 Cur
319 1027 397 1087 hunc
421 1043 535 1104 quoque
559 1024 700 1098 libellum,
726 1022 841 1086 Caesar
864 1027 1097 1105 Angustissime‚
1124 1046 1209 1107 quem
1233 1028 1269 1088 dc
1292 1028 1382 1089 Nova
1405 1025 1504 1087 Stella

143 1115 269 1193 scripsi,
303 1113 509 1176 sacratissimo
540 1114 663 1191 Majcst.
689 1114 757 1171 vrso
795 1115 914 1175 Nomini
944 1117 1132 1195 potissimum
1166 1116 1345 1178 dicaverim:
1372 1116 1437 1195 ejus
1460 1114 1504 1175 rei

145 1223 269 1265 eausam
292 1223 348 1263 non
374 1202 480 1281 opinor
502 1203 658 1280 Majestati
684 1202 752 1260 Vrae
790 1205 924 1281 pluribus
950 1206 1168 1284 explicandam.

235 1294 450 1371 Praeterquam
475 1291 565 1364 enim,
592 1292 669 1368 quod
694 1291 726 1352 S.
753 1291 842 1354 Caes.
866 1294 1025 1372 Majestati
1051 1295 1118 1355 ΨΜ
1153 1317 1172 1354 a
1199 1293 1307 1354 studiis
1333 1293 1504 1354 mathema-

145 1381 214 1443 ticis
239 1381 369 1456 inservio
403 1390 434 1441 et
464 1380 519 1439 lroc
553 1381 668 1439 nomine
693 1382 803 1442 salario
829 1383 909 1444 fruor
934 1383 1064 1444 liberali:
1100 1383 1230 1444 accessit
1258 1382 1350 1443 etiam
1374 1382 1506 1442 elemen-

146 1469 295 1532 tissimum
320 1468 495 1547 Majestatis
520 1468 576 1527 ΨΘ
610 1471 797 1545 mandatum,
826 1482 858 1532 ut
882 1473 909 1532 in
936 1472 1132 1533 observandis
1156 1480 1188 1532 et
1211 1470 1414 1532 describendis
1438 1479 1505 1530 stu·

145 1559 236 1639 pendi
276 1559 362 1636 liujus
400 1557 534 1619 miraculi
572 1557 806 1621 circumstantiis
843 1580 957 1621 omnem
998 1580 1131 1639 operam,
1166 1579 1281 1633 curam,
1319 1558 1508 1639 diligentiam

146 1647 362 1726 impenderem.

239 1733 319 1805 Quid
345 1736 436 1814 igitur
459 1735 558 1813 potius
584 1735 639 1795 fuit
663 1736 733 1795 mihi
759 1736 942 1806 iaciendum,
975 1756 1061 1817 quam
1096 1745 1128 1797 ut
1157 1737 1288 1798 libellum
1321 1737 1416 1810 hunc,
1451 1733 1509 1796 etsi

147 1825 339 1904 pudibundus
363 1834 394 1884 et
418 1824 576 1884 tenuit-atis
601 1825 785 1884 conscientia
810 1826 959 1904 trepidus,
992 1833 1110 1899 tamen,
1143 1835 1176 1885 ut
1199 1827 1287 1894 fidum
1321 1835 1352 1885 et
1383 1824 1509 1903 probum

148 1915 318 1975 ministrum
343 1915 439 1986 decet,
464 1912 493 1972 in
514 1910 583 1971 Sac.
608 1909 697 1974 Caes
714 1913 888 1992 Majestatis
912 1916 969 1974 V³⁰
992 1924 1184 1993 conspectum
1208 1916 1396 1986 adducerem,
1422 1911 1510 1973 audi-

148 2013 234 2064 turus
259 2023 297 2062 an
322 2003 398 2081 quod
422 2001 571 2079 Majestas
596 2001 639 2060 Ψ
668 2003 813 2081 jussisset
836 2013 916 2064 recte
942 2004 1079 2065 effectum
1105 2024 1172 2064 esse
1202 2012 1348 2065 censeret.
1551 2065 1559 2078 ,

239 2092 317 2152 Illud
354 2091 454 2170 potius
487 2089 710 2170 explicandum,
744 2113 817 2170 quae
842 2112 934 2153 cansa
963 2093 1032 2153 milri
1058 2113 1158 2154 morae
1183 2103 1245 2154 tam
1270 2094 1445 2166 diuturnae,
1479 2097 1512 2149 ut

149 2200 216 2242 cum
242 2181 324 2241 sidus
354 2181 409 2240 hoc
438 2199 538 2239 menso
564 2177 689 2239 Octobri
723 2180 791 2240 anni
819 2178 902 2242 1604
936 2183 1095 2255 effulserit,
1132 2183 1293 2261 descriptio
1325 2183 1399 2242 haec
1433 2198 1510 2241 nunc

150 2271 270 2332 demum
304 2281 410 2330 exacto
444 2270 656 2348 propemodum
690 2269 805 2346 integro
838 2269 957 2330 biennio
992 2270 1020 2330 in
1051 2271 1201 2349 publicum
1235 2270 1386 2350 prodeat?
1432 2269 1513 2330 Nam

149 2358 245 2420 rideri
270 2367 373 2438 potest
395 2358 483 2437 liujus
507 2359 550 2418 rei
575 2358 736 2437 explicatio
761 2376 867 2417 novum
892 2370 1097 2436 argumentum
1123 2359 1289 2433 continere,
1318 2378 1370 2419 cur
1394 2356 1512 2417 libellus
1615 2347 1619 2362 '

149 2449 209 2510 iste
226 2446 259 2509 S.
279 2446 315 2509 Ο.
331 2448 490 2527 lllajestati
507 2447 583 2521 vus,
610 2448 659 2506 uni
674 2446 842 2507 mortalium
857 2456 1073 2525 praetereaque
1089 2448 1199 2507 nemini
1221 2448 1310 2508 fuerit
1333 2444 1511 2506 offerendus.

240 2536 329 2597 Potui
354 2537 432 2616 quod
456 2556 504 2596 res
529 2546 577 2597 est
600 2555 765 2607 recensere,
790 2535 896 2595 stellae
921 2535 1008 2595 finem
1033 2556 1089 2595 uon
1115 2545 1185 2596 ante
1207 2536 1402 2597 Februarium
1425 2532 1512 2610 hujus

148 2627 220 2689 anui
244 2635 358 2686 certum
384 2626 492 2687 fuisse:
517 2645 650 2705 quaeque
675 2625 770 2704 prima
793 2625 878 2703 lmjus
903 2625 995 2686 libelli
1015 2635 1101 2705 parte
1122 2626 1158 2685 de
1175 2646 1211 2685 ea
1226 2625 1342 2702 scripta
1361 2634 1392 2684 et
1406 2621 1512 2697 dispu-

149 2724 220 2776 tata
243 2723 313 2775 sunt
336 2714 554 2788 astronomice,
584 2714 724 2794 physico,
759 2715 981 2794 metaphysice‚
1015 2736 1052 2777 ea
1076 2715 1118 2776 sic
1143 2715 1172 2775 in
1202 2722 1310 2794 parato
1339 2712 1446 2784 fuisse,
1480 2714 1514 2768 ut

148 2804 325 2883 praeteritis
350 2804 521 2864 vernalibus
545 2803 684 2864 nundinis
708 2804 1008 2865 Francofurtensibus
1031 2804 1150 2884 prodire
1174 2802 1342 2881 potuerint,
1377 2799 1434 2863 uisi
1467 2817 1514 2858 rue

149 2912 223 2972 spes
248 2893 405 2953 adventuri
429 2892 609 2972 typographi
635 2892 801 2953 fefellisset.
847 2892 894 2952 Dc
919 2892 1186 2971 significationibus
1210 2912 1291 2963 vero,
1317 2911 1392 2973 quas
1416 2893 1514 2954 altera

150 2990 241 3062 parte
266 2983 437 3061 complexus
461 2981 517 3042 lmc
542 3001 634 3061 usque
659 2981 752 3056 traxi,
778 2982 924 3056 scribere,
950 3002 1013 3044 rem
1038 3001 1105 3043 esse
1130 2981 1314 3057 taediosam,
1339 2982 1514 3061 perplexam

149 3071 311 3150 multisque
345 3071 423 3131 curis
457 3080 488 3132 et
521 3069 723 3132 anxietatibus
765 3071 944 3145 exercitam;
982 3080 1015 3134 ut
1053 3072 1168 3134 animus
1207 3070 1514 3133 demonstrationibus

149 3160 343 3240 geometricis
367 3168 518 3231 assuetus,
542 3160 734 3222 considerata
758 3161 1016 3222 fundamentorum
1031 3161 1208 3234 vitiositate,
1234 3159 1400 3222 diutissime
1417 3159 1515 3218 instar

133 3249 278 3329 q'urnenti
302 3249 466 3330 pertinacis
491 3250 628 3310 restitut:
655 3249 748 3310 donec
772 3249 868 3329 plagis
893 3259 924 3310 et
948 3253 1104 3314 verborum
1127 3251 1244 3329 probris
1265 3249 1392 3308 adactus
1407 3246 1514 3324 pedem

150 3338 181 3399 iu
207 3339 264 3400 hac
288 3338 396 3400 lacuna
420 3347 523 3418 ponat.
571 3339 685 3398 Verum
709 3358 765 3399 non
790 3339 846 3399 hoe
866 3339 932 3418 jam
965 3341 1139 3414 obtendam,
1168 3338 1230 3398 sint
1260 3337 1313 3397 illa
1344 3353 1398 3396 suo
1431 3334 1513 3395 loco:

152 3429 193 3488 ad
212 3428 347 3507 jucunda
369 3430 467 3506 magis
490 3435 600 3488 vertar.

243 3515 377 3597 Eloquar
402 3525 502 3577 autem
526 3536 563 3577 an
588 3516 712 3578 sileam?
759 3519 903 3594 Ignoscat
927 3534 1038 3595 quaeso
1063 3512 1095 3574 S.
1114 3511 1147 3575 C.
1166 3512 1289 3592 Majest.
1306 3513 1373 3587 V⁵,
1398 3511 1424 3572 si
1448 3529 1515 3572 cum

153 3604 232 3684 Ejus
255 3605 385 3683 negotiis
409 3603 595 3683 gravissimis
621 3614 652 3664 et
675 3606 804 3665 maximo
828 3603 914 3664 seriis
947 3623 1002 3681 ogo
1034 3602 1149 3663 minuta
1182 3602 1330 3683 quaedam
1362 3619 1514 3680 comparo.

152 3693 277 3755 Nullum
302 3712 431 3773 unquam
456 3694 586 3754 coeleste
612 3694 714 3754 thoma
736 3692 957 3771 genctlrliacum
981 3700 1043 3752 tam
1066 3691 1188 3769 pulchre
1214 3691 1391 3751 adumbrare
1415 3687 1515 3749 credi-

152 3791 219 3845 tum
242 3790 291 3844 est
313 3783 488 3863 cujusquam
513 3781 639 3843 hominis
664 3783 824 3854 fortunam,
849 3800 939 3860 quam
963 3780 1002 3841 ad
1025 3779 1057 3840 S.
1083 3777 1118 3840 Ο.
1135 3779 1259 3856 Majest.
1281 3779 1339 3838 V⁸⁶
1367 3776 1515 3857 gravissi-

153 3890 272 3933 marum
296 3871 523 3949 occupationum
547 3891 715 3945 successus,
736 3870 901 3932 studiorum
926 3867 1194 3932 astronomicorurn
1218 3886 1321 3929 cursus
1346 3875 1376 3927 et
1396 3867 1517 3927 fortuna

156 3979 226 4022 sose
251 3959 491 4022 accommodavit
514 3960 671 4021 hacteuus.
718 3960 806 4032 Nam,
834 3959 911 4039 quod
936 3966 985 4020 est
1008 3957 1040 4020 S.
1059 3954 1148 4019 Caes.
1168 3957 1290 4036 Majest.
1307 3955 1377 4015 V¹⁸⁰
1404 3955 1516 4016 bellurn

156 4049 264 4129 ingens
297 4057 330 4111 et
358 4049 527 4111 diuturnum
561 4067 626 4109 cum
651 4047 880 4110 Othomauuiuis
905 4049 1069 4110 Turearnru
1093 4046 1345 4125 Imperatoribus:
1381 4044 1436 4104 hoc
1468 4052 1517 4104 est
