3692 5842
340 490 402 560 134
807 492 999 558 Pnaltpomsna
1016 495 1042 545 in
1060 492 1228 544 Vitellionem.
1272 557 1287 566 ο

339 688 554 749 rumcunque
587 688 784 749 corporum.
833 669 918 741 Quae
944 672 1020 732 enim
1045 671 1099 733 sub
1133 672 1236 733 eodem
1267 687 1376 750 genere
1405 675 1495 740 sunt,
1527 674 1602 749 apta
1625 676 1695 730 sunt

339 761 378 822 ad
401 779 434 822 se
467 766 569 820 mutuo
603 759 760 820 allicienda
770 779 779 833 ;
812 761 861 820 lux
891 762 959 840 (per
983 761 1030 831 7.)
1063 780 1129 821 cum
1160 759 1333 840 corporibus
1368 766 1491 837 propter
1521 756 1695 837 superficies

340 848 446 932 quibus
470 848 669 909 terminantur
692 849 747 909 sub
771 849 874 909 eodem
899 868 1008 928 genere
1033 861 1099 923 est;
1124 869 1214 930 quare
1239 857 1312 930 apta
1335 848 1374 908 ad
1397 846 1597 908 afficiendum.
1632 844 1695 907 Sed

339 947 372 1000 et
394 936 525 998 afficitur
549 955 663 997 revera.
710 937 874 998 Termiuari
903 938 982 1000 enim
1011 948 1058 1000 est
1088 937 1186 999 affici:
1218 939 1297 998 linea
1320 958 1339 997 a
1366 955 1420 997 suo
1447 943 1559 1014 puncto
1588 935 1694 996 terrui-

339 1034 447 1099 natur;
472 1043 564 1104 quare
588 1025 626 1084 ab
651 1044 686 1085 eo
711 1027 849 1089 allicitur.
887 1028 990 1088 Motus
1010 1036 1058 1089 est
1080 1037 1174 1101 recta,
1198 1027 1282 1106 cujus
1306 1025 1449 1087 terminus
1473 1024 1695 1104 quadamtenus

340 1124 389 1175 est
410 1125 555 1193 punctum
579 1113 607 1173 in
632 1115 787 1191 superficie
812 1125 1007 1189 occurrente;
1037 1125 1069 1176 et
1095 1116 1275 1177 Infinitorum
1299 1114 1373 1177 lucis
1401 1112 1552 1174 radiorum
1576 1109 1697 1174 termini

342 1211 412 1265 sunt
436 1201 552 1263 infinita
575 1211 696 1281 puncta,
724 1203 751 1264 id
776 1214 825 1264 est
848 1204 1031 1284 superficies,
1055 1225 1132 1286 quae
1156 1224 1192 1266 ex
1216 1204 1274 1265 illis
1299 1203 1384 1283 quasi
1408 1210 1540 1263 constat.

430 1291 520 1370 Prop.
545 1290 632 1352 XIII.
680 1291 879 1353 Densorum
911 1312 1099 1372 corporum
1124 1314 1185 1354 seu
1219 1311 1365 1373 quorum
1397 1292 1532 1352 multae
1562 1298 1700 1370 partes

343 1380 527 1442 materiae
572 1389 765 1458 angustam
812 1381 964 1461 implent
1016 1382 1262 1454 soliditatem,
1312 1379 1535 1459 superficies
1583 1380 1699 1441 etiam

342 1470 479 1532 densae
502 1476 592 1530 sunt
616 1469 890 1546 quodammodo,
923 1480 1096 1549 respectu
1126 1471 1276 1533 scilicet
1300 1488 1354 1543 eo,
1384 1488 1451 1549 quo
1476 1470 1536 1529 lux
1560 1475 1597 1528 et
1620 1486 1699 1530 cor·

343 1577 434 1639 pora
466 1576 503 1618 se
535 1565 656 1617 mutuo
690 1558 878 1619 alliciunt.
926 1560 1005 1621 Nam
1035 1560 1093 1622 etsi
1123 1559 1353 1639 superficiebus,
1387 1565 1421 1617 nt
1443 1556 1584 1638 quantis,
1617 1556 1701 1618 nulla

344 1645 456 1709 accidit
478 1645 649 1717 crassities,
684 1657 832 1726 quaeest
859 1667 1031 1728 corporum,
1063 1658 1163 1711 tamen
1187 1657 1220 1710 ut
1248 1655 1320 1709 sunt
1351 1647 1511 1707 densomm
1538 1664 1698 1726 corporum

344 1743 467 1816 propter
491 1736 567 1796 hanc
592 1734 778 1797 materialem
803 1737 1017 1816 geometricam
1050 1737 1256 1802 differentiam,
1281 1746 1310 1796 et
1337 1736 1421 1815 ipsae
1444 1735 1558 1796 densse
1582 1733 1701 1795 intelli-

346 1834 472 1905 guntur,
506 1842 572 1884 cum
605 1824 668 1884 sint
699 1824 877 1886 materiatae
911 1826 1094 1905 superficies.
1150 1824 1285 1889 Clarius:
1326 1823 1460 1885 densitas
1494 1830 1543 1885 est
1576 1824 1705 1885 alIectus

348 1912 503 1988 materiae,
529 1931 604 1991 quae
628 1913 755 1993 suscipit
778 1924 843 1976 tres
866 1914 1076 1988 dimensiones,
1102 1915 1202 1977 deliis
1226 1913 1392 1992 superficiei
1416 1913 1494 1975 duae
1517 1920 1704 1992 competunt.

348 2001 431 2081 Ergo
463 2000 649 2082 partieIpant
681 2002 717 2062 de
751 2022 906 2084 eorpomm
940 2004 1090 2065 densitate
1122 2023 1175 2065 suo
1214 2002 1343 2065 modulo.
1401 2000 1476 2062 Luci
1510 2017 1582 2062 rero
1615 2018 1706 2080 supra

349 2090 455 2152 eodem
478 2098 618 2170 respectu
642 2092 839 2169 superficialis
865 2093 1011 2171 quaedam
1035 2093 1171 2155 densitas
1196 2091 1413 2153 ascribebatur.

439 2178 529 2259 Prop.
554 2177 641 2239 xlv.
690 2180 769 2241 Lux
793 2201 856 2260 per
879 2183 1074 2244 densorum
1103 2180 1321 2261 superficies
1350 2177 1569 2258 impeditius
1599 2185 1705 2240 tran·

347 2266 417 2342 sit,
443 2276 624 2347 quatenus
648 2268 795 2330 densae.
843 2269 918 2332 Cum
944 2271 1022 2333 enim
1046 2271 1102 2333 luci
1132 2277 1285 2349 competat
1308 2276 1407 2330 motus
1430 2286 1485 2347 per
1510 2266 1544 2338 1,
1566 2267 1707 2347 proprie-

351 2364 434 2418 tates
459 2375 575 2436 quoque
599 2364 698 2419 motus
722 2358 797 2419 recti
821 2360 847 2419 ei
872 2368 1053 2440 competent.
1093 2357 1193 2429 Quare
1218 2368 1249 2419 et
1273 2356 1515 2438 Impedimcntnm
1535 2376 1555 2415 a
1574 2354 1707 2417 densiori

347 2443 456 2507 medio.
494 2444 562 2506 Non
587 2463 659 2506 rero
684 2456 832 2526 qnatenus
856 2448 984 2510 solidum
1007 2467 1062 2528 per
1089 2447 1137 2523 10,
1163 2466 1234 2527 ergo
1258 2456 1405 2527 quatenus
1430 2444 1587 2524 superficie
1611 2445 1709 2506 densa

347 2534 534 2597 termInatur.
574 2531 713 2596 Clarius:
738 2535 812 2597 lucis
837 2549 936 2599 motus
960 2538 994 2598 fit
1017 2536 1194 2598 naturaliter
1217 2555 1283 2598 cum
1309 2534 1483 2596 extensione
1507 2551 1561 2612 per
1579 2529 1612 2608 6,
1637 2530 1708 2613 qnia

349 2640 469 2702 semper
492 2622 530 2683 ab
556 2642 613 2684 uno
638 2623 720 2685 sonte
745 2624 773 2684 in
798 2644 901 2687 omnes
926 2626 1074 2705 regiones.
1122 2623 1207 2687 Sicut
1231 2643 1302 2703 ergo
1331 2621 1503 2703 superficies
1527 2621 1567 2683 ob
1590 2621 1709 2684 infinita

347 2720 461 2791 puncta
485 2710 603 2773 resistit
625 2713 728 2781 motui,
753 2715 801 2792 qui
827 2724 875 2775 est
899 2715 926 2775 in
953 2716 1055 2783 lineis,
1079 2716 1122 2777 sic
1146 2715 1319 2793 superficies
1349 2714 1443 2773 densa
1471 2709 1590 2773 resistit
1614 2711 1707 2774 motui

348 2800 536 2873 extenuanti,
561 2818 627 2862 oum
651 2801 787 2863 densitas
811 2812 843 2864 et
866 2804 1040 2865 extenuatio
1064 2806 1124 2865 sint
1149 2804 1204 2863 sub
1228 2803 1332 2863 eodem
1357 2819 1476 2881 genere.

437 2889 528 2967 Prop.
553 2888 626 2950 XV.
674 2888 787 2953 Color
810 2901 869 2953 est
892 2894 954 2954 lux
978 2893 1011 2953 iu
1035 2893 1220 2973 potentia,
1253 2893 1311 2952 lux
1344 2891 1501 2971 sepulta
1522 2888 1558 2951 in
1583 2889 1706 2968 pellu-

350 2977 428 3040 eidi
452 2977 625 3050 materia,
656 2980 686 3040 si
716 2980 792 3060 jam
826 2990 935 3043 extra
966 2982 1147 3044 visionem
1179 2978 1454 3052 consideretur;
1488 2988 1525 3039 et
1558 2976 1708 3039 diversi

347 3066 491 3146 gradus
515 3066 548 3128 in
573 3066 828 3146 dispositione
853 3071 1046 3146 materiae,
1075 3091 1187 3132 causa
1215 3069 1391 3130 raritatis
1416 3077 1451 3129 et
1479 3066 1706 3136 densitatis,

348 3175 409 3216 seu
433 3154 620 3234 pellucidi
645 3166 681 3217 et
704 3159 962 3235 tenebrarum,
987 3160 1128 3221 diversi
1153 3160 1242 3221 item
1267 3158 1404 3236 gradus
1428 3155 1591 3228 Incolae,
1617 3173 1708 3235 quae

348 3244 534 3306 materiae
572 3256 632 3307 est
662 3256 849 3321 concreta,
889 3249 1061 3311 efficiunt
1102 3247 1318 3310 discrimina
1351 3242 1573 3312 celerrim.*)
1632 3241 1708 3306 Cum

349 3332 427 3395 enim
451 3334 578 3408 colores,
604 3334 651 3414 qui
676 3344 838 3397 cernuntur
863 3338 889 3397 in
915 3338 998 3412 iride,
1024 3338 1085 3399 sint
1109 3357 1146 3398 ex
1169 3337 1273 3397 eodem
1299 3354 1407 3415 genere
1433 3334 1509 3395 uude
1535 3341 1568 3394 et
1589 3333 1709 3394 colores

348 3421 378 3484 ln
402 3422 500 3495 rebus,
525 3424 631 3484 eadem
657 3424 714 3485 erit
738 3434 927 3505 utrommque
952 3427 1046 3506 origo.
1094 3426 1155 3489 Sed
1179 3427 1222 3487 illi
1252 3434 1369 3486 tantum
1393 3442 1430 3484 ex
1455 3422 1502 3482 liis
1525 3421 1706 3500 jamdictis

349 3511 450 3573 causis
474 3511 620 3574 oriuntur.
668 3510 764 3574 Oculo
797 3515 874 3576 enim
907 3516 1056 3577 translato
1080 3537 1098 3575 a
1126 3516 1186 3577 situ
1218 3514 1351 3575 variatur
1382 3513 1472 3572 color.
1519 3509 1561 3572 Et
1585 3510 1706 3592 quidem

349 3600 379 3661 iu
404 3600 531 3660 confinio
558 3601 630 3661 lucis
655 3611 687 3661 et
710 3603 832 3664 umbrae
856 3623 960 3666 omnes
984 3605 1142 3690 resultanq,
1167 3614 1200 3664 ut
1223 3611 1336 3664 certum
1357 3601 1406 3674 sit,
1433 3620 1469 3661 ex
1493 3600 1706 3661 attenuatione

350 3689 424 3751 lucis
457 3699 489 3749 et
521 3691 772 3768 superinjeetinne
806 3693 950 3754 materiae
984 3712 1096 3773 aqueae
1131 3693 1272 3755 existere.
1320 3689 1421 3761 Quare
1453 3696 1485 3749 et
1515 3688 1544 3750 hi
1573 3688 1706 3751 indidem

348 3778 490 3839 orientur.
547 3777 670 3857 Eritque
703 3780 757 3842 hoc
790 3782 985 3856 discriminis,
1019 3783 1097 3860 qnod
1129 3783 1158 3842 iu
1189 3781 1263 3842 iride
1295 3781 1344 3841 luu
1377 3777 1546 3840 adventitia
1577 3787 1642 3854 est,
1675 3777 1705 3840 in

349 3865 499 3927 coloribus
524 3884 594 3928 uero
620 3868 723 3942 insita,
759 3872 923 3943 eomodo,
958 3890 1015 3950 quo
1039 3873 1197 3932 multorum
1230 3869 1402 3931 animalium
1434 3867 1572 3948 partibus
1603 3866 1704 3929 Insunt

349 3953 468 4033 aliquae
494 3956 574 4015 luces
598 3966 687 4031 actu;
713 3960 847 4039 adeoque
872 3960 949 4040 quod
974 3960 1114 4021 differunt
1136 3957 1274 4038 potentia
1297 3958 1405 4019 caloris
1432 3959 1460 4018 iu
1489 3956 1644 4035 aiugibere
1667 3955 1707 4016 ab

350 4051 418 4104 actu
443 4045 552 4107 caloris
575 4045 604 4106 in
630 4046 717 4124 igne,
751 4047 807 4108 linc
841 4050 959 4110 videtur
991 4049 1110 4110 differre
1136 4049 1184 4108 lux
1214 4048 1241 4109 iu
1276 4047 1404 4109 urateria
1435 4047 1574 4109 colorata
1597 4065 1616 4106 a
1640 4045 1707 4108 lnce

348 4131 377 4192 In
403 4131 484 4195 Sole.
533 4134 566 4194 ld
592 4134 669 4195 enim
695 4136 723 4197 in
747 4139 883 4217 potentia
907 4148 971 4212 est,
997 4138 1073 4217 quod
1098 4157 1131 4197 se
1156 4157 1212 4199 non
1238 4136 1450 4209 communicat,
1476 4134 1530 4195 sed
1553 4133 1636 4196 intra
1659 4132 1705 4196 sui

348 4255 580 4267 -00--11-
635 4261 666 4268 -

437 4313 465 4378 ‘l
487 4317 553 4369 Cum
575 4317 645 4369 haec
666 4316 788 4370 detinitio
809 4325 950 4385 competat
971 4316 1107 4369 coloribus
1130 4317 1277 4369 secundum
1299 4314 1388 4383 magis
1403 4321 1432 4366 et
1447 4313 1544 4373 minus,
1567 4311 1706 4368 minimum

349 4395 435 4470 igitur
455 4396 588 4465 competit
608 4397 764 4468 nigerrimo.
808 4399 877 4451 Nam
900 4397 922 4449 is
949 4406 991 4450 est
1018 4397 1138 4449 colorum
1166 4396 1282 4449 omnium
1305 4394 1435 4447 terminus
1460 4401 1489 4446 et
1510 4392 1598 4446 habet
1619 4411 1651 4447 se
1671 4395 1708 4446 sd

348 4477 453 4531 soleres
475 4485 507 4531 ut
527 4486 657 4546 punctum
678 4495 708 4530 se
731 4478 817 4531 liubet
838 4480 872 4531 ad
895 4477 1008 4540 lineam,
1032 4480 1066 4531 ad
1089 4477 1262 4547 quantitates
1289 4474 1443 4543 pertinens,
1473 4473 1597 4543 quamtis
1619 4490 1706 4544 quan·

349 4557 417 4612 titas
439 4556 558 4611 nonsit.
602 4558 645 4611 lta
674 4571 701 4611 et
734 4559 897 4629 nigerrimus
919 4558 994 4611 color
1015 4560 1076 4611 luce
1107 4556 1253 4627 potentiali
1280 4555 1352 4608 omni
1382 4554 1543 4607 destituitur
1570 4554 1707 4625 mensque

349 4637 470 4692 tenebris
492 4637 645 4692 materiatis
668 4648 787 4693 constat.
830 4640 868 4692 Et
889 4638 999 4692 radians
1015 4639 1042 4692 in
1064 4641 1206 4691 obscurem
1229 4652 1365 4690 canteram
1380 4652 1434 4687 uon
1456 4633 1547 4704 pingit
1569 4635 1707 4704 parietem

349 4716 429 4791 nigro
451 4720 498 4772 sed
520 4718 636 4779 cinereo.
660 4736 710 4772 uec
731 4726 939 4789 agnosceretur,
962 4717 1013 4770 nisi
1036 4719 1249 4771 circumdaretur
1270 4716 1415 4785 speciebus
1437 4715 1553 4768 aliorum
1574 4715 1707 4774 colorum,

349 4797 443 4870 itaque
464 4816 535 4869 pene
557 4807 662 4853 tantum
678 4802 730 4853 sub
752 4799 868 4861 ratione,
884 4798 1035 4850 deficientis
1050 4816 1119 4867 pene
1138 4797 1223 4851 omnis
1238 4795 1409 4857 radiationis,
1425 4794 1452 4847 in
1467 4796 1576 4864 pictura
1590 4795 1707 4865 parietis

349 4879 519 4952 agnoscitur.
560 4879 697 4949 Superest
715 4888 820 4938 tamen.
851 4879 921 4949 quod
950 4877 1069 4940 mireris,
1099 4887 1205 4931 tuntum
1226 4895 1308 4946 posse
1336 4875 1493 4936 materiam,
1520 4883 1553 4927 ut
1572 4892 1624 4945 per
1644 4890 1706 4929 eam

349 4960 398 5014 lux
421 4960 527 5013 hostem
549 4975 640 5020 suum.
671 4961 778 5030 nigrum
800 4959 930 5020 colorem,
954 4958 1005 5011 hoc
1026 4967 1070 5010 ost
1096 4975 1186 5012 meras
1212 4958 1342 5011 tenebras
1369 4955 1495 5010 radiosas
1523 4971 1609 5026 seque
1629 4955 1706 5027 ipsas

350 5038 472 5093 nonnihil
494 5039 520 5092 in
542 5039 685 5110 superficie
707 5039 820 5107 objecta
842 5038 990 5109 pingentes
1012 5038 1172 5091 constituat.
