3692 5842
832 489 915 555 cepa
932 490 966 540 v.
990 486 1016 541 a
1538 493 1604 562 tab

243 675 379 748 unaque.
428 662 545 737 Quodsi
570 685 643 747 ergo
666 663 809 727 conoides
831 665 925 727 etiarn
951 667 1079 728 alterurn
1103 666 1131 727 iu
1155 668 1241 730 oculo
1265 679 1322 743 est,
1348 672 1421 735 illud
1442 674 1471 735 iu
1492 694 1603 737 cornea

242 774 311 819 asse
332 772 461 817 necesse
484 764 548 818 sat:
572 754 742 836 crystallini
765 772 836 815 vero
856 755 1043 833 superficiem
1057 757 1191 835 perfecte
1206 759 1374 833 rotundam,
1400 770 1433 824 ut
1447 764 1603 827 venientes

241 845 343 908 radios
367 851 586 925 convergeutee
611 844 649 904 ad
676 843 754 905 idern
777 850 921 925 punctum
946 844 1060 906 directe
1084 845 1231 926 excipiat:
1256 856 1288 909 et
1301 852 1520 914 rotunditatem
1534 852 1602 934 qui·

239 935 307 997 dem
334 933 415 995 naun
442 949 580 1013 pressam
611 934 771 995 admodum
801 940 923 1013 oportet
951 953 1034 1004 esse,
1067 944 1102 1018 ut
1134 935 1219 1014 cujus
1247 944 1381 1000 centrum
1411 940 1499 1021 longe
1531 950 1604 1022 post

238 1023 357 1086 oculum
380 1030 429 1084 est
451 1022 591 1084 intumus.
811 1026 814 1032 '

327 1110 543 1191 Propositio
572 1109 692 1172 XXVI.
740 1109 869 1171 Pollex
897 1110 993 1171 oculi
1021 1128 1204 1172 cameram
1229 1113 1457 1195 contingens
1481 1118 1603 1197 major

234 1202 343 1281 Jnsso
367 1207 407 1261 et
430 1200 611 1261 confusus
634 1208 804 1277 apparet.
851 1197 931 1260 Nam
956 1200 1025 1277 quia
1048 1199 1124 1260 visio
1148 1200 1181 1261 fit
1204 1219 1260 1279 per
1281 1202 1446 1280 picturam,
1479 1210 1602 1268 turbata

238 1291 358 1371 pictura
379 1288 519 1350 turbatur
541 1287 628 1349 visio.
663 1285 724 1347 Sed
747 1305 803 1367 per
825 1287 1015 1349 corollarium
1039 1285 1070 1349 2.
1095 1289 1282 1368 praemissae
1309 1286 1358 1355 16.
1384 1295 1602 1377 propinquante

237 1387 349 1459 puncto
372 1377 523 1452 radiante,
542 1387 578 1439 ut
599 1376 649 1438 bic
671 1374 799 1454 pollice,
824 1373 941 1439 recedit
962 1376 1138 1438 intersectio
1162 1377 1228 1457 ejus
1257 1380 1468 1445 radiatinuum.
1518 1384 1600 1465 Ergo

237 1468 348 1548 pollice
372 1466 413 1528 ad
435 1466 553 1528 oculum
577 1465 759 1537 accedente,
784 1463 960 1527 intersectio
984 1466 1076 1545 (quae
1100 1473 1149 1526 est
1170 1466 1259 1546 bojus
1280 1469 1418 1549 picturae
1441 1473 1599 1552 penicillus

235 1573 291 1636 per
313 1552 367 1619 20.
390 1554 606 1634 praemissam)
630 1554 738 1633 recipit
760 1572 794 1615 se
817 1555 896 1614 intro
919 1554 949 1615 iu
974 1562 1067 1634 caput
1090 1556 1188 1634 ipsum
1212 1564 1244 1617 et
1266 1557 1365 1620 retica
1389 1570 1475 1622 secat
1494 1581 1599 1624 conum

236 1646 317 1707 iutra
340 1643 495 1705 verticem.
541 1642 705 1704 Peuicillus
730 1642 820 1722 igitur
843 1661 964 1704 crassus
989 1662 1046 1703 nou
1071 1644 1155 1705 clara
1177 1652 1210 1705 et
1232 1645 1364 1710 dilucida
1387 1649 1470 1711 ducit
1500 1651 1598 1713 linea·

236 1741 341 1795 ments
365 1741 398 1793 et
419 1731 564 1793 terminos
588 1732 707 1805 dilatat,
732 1749 787 1810 pro
811 1731 892 1793 Iiuea
915 1732 1101 1810 superficiem
1126 1732 1272 1797 scribens.
1320 1802 1324 1810 ,

324 1818 540 1901 Propositio
576 1820 713 1882 xxvn.
778 1818 862 1882 Cum
909 1839 967 1881 res
1014 1822 1264 1899 aspectabilis
1310 1825 1499 1888 collocata
1536 1838 1599 1890 est

235 1911 337 1973 ultra
360 1918 534 1990 puuctum
558 1909 713 1971 cuilibet
736 1910 842 1972 oculo
865 1918 998 1971 natura
1017 1911 1212 1983 tributum,
1237 1930 1279 1973 ex
1303 1931 1369 1994 quo
1394 1916 1428 1977 in
1452 1917 1597 1980 retinae

234 2007 407 2079 punctum
444 2017 572 2059 omnes
610 1997 843 2060 radiatIones
881 1998 1166 2077 colligerentur,
1208 2018 1273 2062 res
1311 2002 1388 2063 illa
1425 2005 1598 2067 confusa

235 2096 405 2168 apparet.
452 2088 545 2149 Patet
567 2088 720 2148 contraria
741 2088 868 2149 ratione.
915 2085 1037 2148 Etenim
1060 2106 1114 2167 per
1137 2085 1169 2152 2.
1199 2090 1300 2151 coroll.
1330 2089 1378 2153 td.
1409 2093 1597 2171 praemissae

236 2196 295 2238 nou
319 2183 370 2238 est
393 2177 472 2238 idem
495 2184 653 2257 punctum,
688 2176 726 2236 ad
751 2176 828 2256 quod
853 2183 986 2238 remotae
1011 2185 1042 2237 et
1066 2178 1103 2237 ad
1133 2178 1210 2256 quod
1234 2179 1418 2260 propinquae
1441 2182 1486 2243 rei
1508 2183 1596 2246 colli-

235 2273 349 2347 gantur
372 2265 574 2327 radiatioues:
599 2273 772 2326 esttamen
795 2266 826 2326 iu
851 2282 907 2325 uuo
933 2265 1050 2326 homine
1073 2284 1149 2326 unus
1173 2273 1205 2326 et
1227 2267 1304 2327 idem
1320 2278 1465 2349 perpetuo
1480 2271 1596 2334 retiuae

234 2355 313 2417 situs
338 2355 377 2416 ad
402 2354 550 2417 humores.
583 2357 629 2416 Αι
651 2373 709 2415 uon
733 2353 913 2434 expediebat
937 2354 1204 2415 remotissimarum
1219 2373 1317 2418 rerum
1337 2358 1595 2423 distinctissimam

233 2444 381 2505 visionem
405 2443 566 2505 conciliare
589 2443 709 2516 homini,
736 2461 793 2523 quo
816 2451 907 2521 pacto
931 2443 1105 2521 praeseutia
1128 2443 1226 2522 ipsum
1251 2445 1408 2524 fugissent.
1452 2446 1515 2510 Sed
1540 2470 1594 2511 uec

233 2532 374 2612 proxima
395 2534 494 2594 solum
508 2531 651 2593 distiucte
667 2532 770 2593 debuit
784 2532 895 2600 videre,
919 2541 954 2592 ut
977 2543 1093 2592 remota
1116 2531 1174 2612 ipsi
1189 2532 1310 2595 nlmium
1329 2537 1593 2602 confunderentur.

232 2623 341 2702 ltaque
366 2621 547 2683 libramento
570 2640 645 2701 opus
670 2620 736 2683 fult.
770 2621 803 2682 Id
829 2631 930 2681 autern
954 2639 1020 2681 cum
1043 2621 1155 2681 babeat
1170 2622 1358 2685 latitudinem
1375 2643 1470 2700 suam,
1496 2628 1596 2689 variat

232 2729 287 2794 per
310 2710 488 2791 singularia.
523 2711 569 2771 Ac
585 2710 726 2771 fortassis
750 2709 828 2770 idem
852 2718 901 2769 est
914 2709 945 2770 in
960 2709 1097 2771 omuibus
1111 2711 1279 2791 crystallini
1300 2712 1377 2774 situs
1401 2714 1440 2775 ad
1456 2715 1592 2788 retinam,

234 2818 291 2862 non
316 2801 426 2861 eadem
454 2816 526 2860 vero
556 2798 709 2860 humorum
738 2797 885 2859 densitas.
932 2797 1015 2878 Ergo
1042 2817 1109 2860 cum
1139 2807 1280 2877 puuctum
1311 2801 1353 2864 rei
1387 2801 1517 2866 visibilis
1545 2817 1595 2867 est

232 2890 322 2951 nimis
347 2896 510 2963 remotum,
547 2905 640 2949 conus
668 2888 732 2967 ejus
764 2887 886 2949 radians
918 2886 1096 2949 terminatur
1123 2896 1284 2970 autequam
1308 2891 1346 2953 ad
1370 2892 1498 2955 retinam
1520 2914 1593 2975 per-

232 2980 344 3059 tingat,
368 2997 423 3060 per
446 2976 635 3039 corollarium
659 2976 805 3056 superius.
853 2977 950 3037 Facta
972 2977 1074 3056 itaque
1106 2977 1240 3040 sectione
1264 2979 1330 3058 jam
1360 2980 1492 3043 dilatans
1526 3003 1594 3045 sese

231 3068 338 3129 iterum
364 3068 391 3128 iu
415 3065 544 3128 retinam
566 3066 747 3146 iuupingitnr.
780 3064 855 3127 Inde
878 3071 936 3138 est,
960 3074 995 3127 ut
1016 3084 1070 3144 pru
1089 3086 1148 3127 una
1172 3085 1203 3127 re
1223 3067 1293 3129 exili
1318 3078 1349 3129 et
1364 3069 1452 3149 longe
1467 3072 1594 3134 distanti

231 3155 367 3238 genuinas
391 3162 445 3217 aut
467 3156 653 3235 tergeminae
667 3154 800 3223 videant,
825 3154 874 3234 qui
897 3154 955 3215 boc
974 3154 1048 3215 vitio
1073 3155 1221 3217 laborant.
1255 3156 1334 3219 Hinc
1357 3178 1411 3238 pro
1433 3180 1491 3221 uua
1506 3162 1593 3223 Luna

232 3247 336 3308 decem
361 3252 414 3306 aut
439 3243 569 3324 amplius
592 3243 663 3307 mihi
688 3242 874 3323 objiciuntur.
913 3241 957 3304 Et
979 3243 1096 3324 quidem
1121 3253 1154 3306 ut
1176 3245 1313 3307 conlusio
1338 3248 1430 3309 etiarn
1450 3259 1594 3330 sequatur

232 3335 309 3397 banc
333 3333 401 3396 coni
426 3333 608 3408 sectionem,
642 3341 762 3413 oportet
784 3332 1017 3395 teneritudinem
1045 3333 1127 3395 visus
1151 3334 1313 3412 accedere,
1348 3336 1397 3416 qui
1422 3358 1440 3398 a
1463 3340 1592 3402 fortibus

232 3422 453 3486 radiationibus
476 3431 635 3484 moveatur
657 3421 756 3483 valide
780 3429 843 3483 tam
869 3421 897 3482 iu
922 3431 1032 3502 puncto
1047 3422 1173 3498 retinas,
1197 3424 1247 3485 ubi
1271 3423 1419 3486 distincta
1442 3428 1592 3501 estvisic,

232 3531 320 3595 qnam
345 3511 456 3573 circum
479 3529 534 3591 per
556 3511 624 3573 ccui
648 3510 760 3573 radiosi
779 3510 873 3587 (vitio
898 3510 1051 3585 obortam)
1076 3511 1277 3574 latitudinem.
1310 3514 1478 3592 Propterea
1492 3515 1590 3576 omui-

231 3601 285 3664 bns
309 3600 432 3683 quidem
457 3600 524 3663 coni
546 3599 725 3662 radiationis
749 3598 892 3662 coelestis
916 3599 1099 3673 dilatantur,
1135 3608 1168 3661 at
1195 3619 1253 3661 nou
1283 3619 1386 3663 omues
1417 3604 1484 3663 idon
1514 3622 1589 3665 ccu-

231 3693 295 3753 iuse
318 3689 435 3752 vident.

317 3777 539 3858 Propositio
566 3776 720 3839 XXVIII.
767 3774 837 3847 Qui
870 3784 1016 3838 remota
1048 3775 1231 3841 distincte
1262 3778 1402 3853 vident,
1435 3781 1588 3861 propiu-

229 3889 296 3951 qaa
319 3867 492 3939 contuse,
517 3865 564 3927 iis
588 3865 810 3946 perspicilla
833 3884 997 3928 convexa
1019 3875 1184 3945 prosunt
1230 3864 1299 3937 Qui
1324 3887 1408 3930 vero
1437 3870 1590 3931 contuse

226 3958 363 4021 rident
386 3963 544 4029 seurota,
574 3953 756 4016 distiucte
779 3954 1004 4035 propinqua,
1025 3955 1212 4033 juvantur
1235 3959 1413 4020 concavis
1436 3961 1590 4039 perspi-

226 4046 348 4111 ciIIis.
395 4042 521 4115 Quanta
544 4043 713 4113 admiratio,
737 4042 780 4105 rei
805 4051 911 4104 tantae
936 4053 999 4105 tarn
1022 4045 1083 4105 late
1098 4056 1300 4125 propagatum
1315 4066 1409 4122 usum,
1435 4059 1464 4110 et
1490 4057 1588 4112 tamen

224 4153 353 4201 cauum
376 4133 507 4211 ignorari
531 4134 693 4206 hacteuus,
719 4140 752 4193 ut
775 4132 943 4195 titubanter
964 4134 1165 4213 pronunciem,
1190 4135 1367 4197 clarissimis
1396 4136 1588 4199 demonstra-

224 4225 362 4291 mnibus
386 4221 529 4285 inventis.
575 4221 661 4283 Unus
684 4221 828 4301 Baptista
851 4222 945 4284 Porta
967 4222 1122 4301 protessus
1147 4233 1210 4294 eet,
1244 4224 1392 4286 rationem
1416 4226 1444 4285 iu
1469 4223 1589 4306 Opticis

224 4315 376 4379 reddere:
411 4329 489 4394 quae
520 4331 540 4372 a
568 4308 697 4372 librariis
731 4310 844 4372 lmstra
874 4310 1022 4372 hacteuus
1054 4309 1266 4391 requisivi.⁸¹)
1311 4312 1379 4374 Non
1417 4314 1509 4375 semel
1541 4334 1589 4376 me

224 4400 421 4475 d‘mcruciavi,
446 4408 481 4461 ut
503 4418 625 4462 causam
648 4398 850 4480 inquirerem
875 4400 1002 4475 frustra,
1027 4418 1093 4461 cnm
1116 4420 1164 4461 me
1188 4402 1313 4463 visionis
1337 4402 1442 4464 modus
1465 4403 1586 4466 lateret.

224 4491 270 4556 Et
294 4490 374 4553 facio
398 4489 589 4552 meritissIme
617 4488 863 4550 honestissimam
895 4488 1075 4551 mentionem
1099 4490 1138 4551 D.
1163 4490 1310 4552 Ludcvici
1332 4491 1369 4551 L.
1394 4491 1431 4553 Β.
1456 4512 1476 4553 a
1497 4492 1588 4554 Diet-

227 4579 386 4655 richsteiu,
412 4577 625 4640 Maecenatum
650 4596 781 4639 meorum
812 4577 983 4659 praecipui;
1007 4579 1055 4658 qui
1088 4597 1142 4658 per
1169 4578 1329 4641 triennium
1359 4580 1424 4659 jam
1454 4598 1501 4642 me
1529 4581 1587 4643 bac

227 4669 406 4754 quaestione
429 4667 575 4730 exercuit.
622 4666 737 4745 Achpe
759 4668 898 4740 taudem,
928 4667 974 4728 vir
998 4667 1166 4739 literarum,
1198 4667 1305 4729 artium
1330 4677 1362 4729 et
1383 4670 1588 4748 professorum

227 4769 321 4842 atque
345 4756 438 4821 etiam
461 4757 519 4820 mei
542 4756 622 4817 iuter
639 4762 810 4836 postremos
834 4755 1040 4817 amantissime
1060 4757 1208 4836 juxtaque
1232 4756 1443 4835 sagacissime,
1470 4762 1589 4832 (cetera

229 4849 356 4911 landent
387 4845 543 4908 Austriaci
579 4844 730 4923 principes
768 4852 801 4905 et
838 4844 1043 4923 amplissimae
1080 4842 1267 4925 provinciae)
1304 4846 1415 4925 accipe,
1455 4847 1586 4928 inquam,

230 4953 407 5019 responsum
430 4935 458 4997 si
482 4952 540 4996 uon
564 4934 641 4995 satis
664 4935 777 4995 clarum
801 4941 833 4994 et
855 4933 1023 5003 indubium,
1054 4933 1131 4997 satis
1154 4941 1237 4996 certe
1260 4930 1438 5010 tardum.“)
1485 4935 1588 5000 Causa

233 5043 288 5089 aon
306 5032 362 5089 est
383 5023 415 5087 iu
437 5021 495 5085 Iron
518 5023 598 5097 sita,
631 5022 710 5103 quod
741 5021 909 5103 propinqua
941 5022 1058 5101 majora
1080 5022 1244 5086 reddantur
1267 5023 1410 5087 convexis
1442 5027 1585 5108 specillis,
