3692 5842
826 470 908 537 caput
924 469 968 524 Xl.
1509 470 1574 540 383

306 644 467 710 Biseeetur
485 646 552 727 jam
576 644 619 711 CI
641 647 672 709 in
694 648 725 712 Κ
747 656 780 712 et
802 657 1020 713 connectantur
1042 652 1086 725 K,
1110 652 1144 727 F,
1169 651 1403 732 aestimeturqne
1428 653 1575 716 diameter

224 731 277 798 [Δ
299 742 469 815 utcunque,
503 755 609 817 nempe
633 734 781 813 200000,
806 738 863 801 erit
886 739 940 800 LF
962 758 1033 819 pars
1057 747 1159 813 sexta,
1191 742 1308 803 scilicet
1330 739 1456 815 33333.
1482 760 1573 821 quare

224 824 273 887 uA
300 817 449 900 166667,
474 831 506 887 et
527 824 584 887 ΕΗ
605 826 653 887 val
676 824 734 889 ΚΟ
759 823 877 903 74528,
903 826 960 889 ΟΛ
983 848 1054 890 vero
1077 824 1228 904 400000,
1258 838 1290 891 et
1311 838 1379 893 tota
1401 830 1492 910 igitur
1514 830 1573 892 ΚΑ

224 908 363 976 174528.
410 913 454 976 Ut
474 932 547 975 nero
565 913 626 977 ΚΑ
650 915 689 976 ad
712 916 810 977 sinum
834 925 930 979 totum
953 918 997 978 sic
1012 916 1067 979 AF
1090 918 1130 979 ad
1152 926 1328 998 tangentem
1352 919 1454 999 anguli
1476 918 1573 981 FKA.

224 1000 299 1080 Ergo
324 1004 451 1081 angulus
473 1002 559 1065 FKA
583 1011 632 1065 est
657 998 715 1068 19⁰
737 1001 800 1078 21‘,
826 1006 953 1083 angulus
977 1025 1097 1085 nempe,
1128 1026 1214 1087 quern
1243 1008 1370 1069 visibilis
1394 1008 1444 1069 via
1471 1008 1575 1087 puncti

224 1090 255 1167 Κ,
270 1110 349 1172 quae
364 1101 414 1154 est
427 1092 492 1166 ΕΚ,
509 1091 584 1153 lacit
597 1111 664 1155 cum
682 1092 830 1173 ecliptica,
842 1094 889 1155 cui
904 1095 952 1155 bic
967 1096 1179 1173 propemodum
1191 1098 1354 1176 parallelos
1369 1106 1418 1159 est
1431 1097 1501 1158 KA.
1517 1091 1574 1170 ¹¹¹)

308 1179 367 1242 Hic
390 1180 481 1260 igitur
513 1179 573 1243 etsi
594 1181 682 1243 Luna
705 1201 763 1243 non
795 1182 840 1243 ita
871 1183 1028 1263 praecipiti
1061 1190 1143 1245 motu
1165 1185 1196 1246 in
1220 1186 1315 1247 latum
1347 1186 1459 1259 fertur,
1489 1185 1575 1247 utin

225 1268 293 1348 Ipsis
317 1269 423 1344 nodis,
448 1269 518 1349 quia
541 1277 642 1332 tamen
665 1270 754 1333 simul
776 1272 815 1332 ad
839 1272 948 1333 nodum
980 1272 1214 1335 descendentem
1242 1274 1356 1349 tendit,
1381 1275 1469 1336 simul
1493 1280 1523 1347 ,d
1545 1280 1578 1334 et

224 1361 253 1431 6
277 1366 310 1419 et
332 1375 381 1419 τ’..
404 1358 554 1433 oriuntur,
588 1378 642 1438 per
672 1379 748 1439 quae
781 1360 869 1438 sigua
901 1360 1051 1421 decrescit
1081 1363 1207 1439 angulus
1241 1363 1319 1425 inter
1352 1362 1522 1441 eclipticam
1546 1370 1578 1424 et
1621 1400 1627 1411 -

224 1446 422 1520 bonzontem,
454 1448 543 1526 inque
567 1449 663 1509 ricem
686 1450 796 1511 crescit
824 1449 993 1511 latitudinis
1023 1450 1207 1528 parallaxis,
1237 1452 1316 1512 unde
1340 1452 1426 1513 simul
1452 1460 1484 1513 et
1506 1470 1577 1511 vero

224 1543 305 1598 motu
328 1544 361 1598 et
382 1536 544 1616 phantasia
566 1538 650 1598 visus
673 1537 702 1598 iu
726 1545 860 1600 austrum
889 1538 1000 1599 fertur:
1030 1538 1097 1600 ideo
1121 1540 1183 1601 tale
1207 1540 1276 1619 quid
1301 1540 1394 1601 etiam
1418 1540 1577 1603 Walthero

224 1625 390 1688 exercitato
420 1633 592 1687 astronomo
624 1625 769 1706 contigit,
801 1628 879 1708 quod
911 1646 969 1688 non
999 1634 1119 1688 tantum
1146 1629 1253 1690 mirum
1278 1630 1304 1689 ei
1328 1629 1499 1703 videbatur,
1524 1628 1577 1690 sed

224 1713 314 1776 etiam
337 1714 425 1775 fidem
450 1715 602 1776 oculorum
625 1716 812 1796 propriorum
835 1716 864 1777 in
889 1715 1010 1777 dubium
1033 1716 1212 1778 adducebat.

310 1802 506 1865 Problema
523 1802 644 1866 XXXI.
668 1803 722 1865 An
747 1805 931 1883 possibile
954 1804 1017 1875 sit,
1042 1805 1266 1886 principium
1290 1805 1448 1884 alicujus
1472 1805 1577 1868 Sola·

224 1890 272 1954 ris
296 1891 469 1954 defectus
493 1892 529 1954 in
552 1901 672 1956 ortum
702 1912 870 1973 vergere,
904 1893 1066 1954 alterius
1100 1894 1207 1955 finem
1231 1895 1264 1956 in
1289 1913 1472 1969 occasum,
1504 1894 1578 1955 alio

224 1991 386 2059 :empore
410 1980 522 2042 finem
546 1981 579 2043 in
604 1989 734 2045 ortum.
781 1984 846 2044 Hoc
871 1991 919 2043 est
942 1981 1020 2043 inter
1043 1983 1198 2061 paradoxa
1221 2003 1240 2044 a
1263 1983 1360 2045 Plinio
1385 1983 1480 2056 (Hist.
1505 1983 1577 2044 Nat.

224 2070 264 2145 ll,
294 2066 351 2143 12)
374 2071 541 2151 proposita.
587 2071 667 2133 Nam
692 2068 795 2133 Solem
827 2070 980 2133 ordinaria
1002 2070 1052 2130 via
1076 2070 1113 2132 ab
1137 2091 1247 2133 occasu
1280 2072 1406 2133 deficere
1441 2070 1580 2133 convenit

224 2158 279 2222 sub
304 2158 501 2239 principium:
526 2159 644 2238 impleri
659 2160 697 2221 ab
717 2169 802 2222 ortu:
828 2162 944 2221 Lunam
968 2168 1073 2220 contra
1093 2159 1131 2221 ab
1154 2170 1222 2222 ortu
1246 2160 1386 2241 incipere,
1410 2160 1448 2221 ab
1472 2178 1580 2222 occasu

224 2247 371 2311 desinere.
408 2248 440 2309 A
462 2249 549 2310 Luna
571 2248 758 2328 incipiamus.
802 2246 916 2312 Centro
941 2249 971 2309 A
995 2247 1145 2310 scribatur
1168 2250 1297 2312 circulus
1320 2249 1444 2312 umbrae
1468 2249 1579 2311 Terrae

224 2333 345 2412 BODE,
368 2354 422 2415 per
440 2338 469 2399 A
485 2339 612 2399 dueatur
626 2348 711 2399 recta
732 2336 796 2406 FG,
815 2345 1046 2419 repraesentans

224 2426 418 2490 verticalem:
451 2446 505 2508 per
537 2428 616 2488 idern
648 2428 773 2490 ducatur
802 2438 834 2488 et
861 2428 924 2500 Ill,
957 2444 1044 2487 arcus

224 2515 382 2596 eclipticas
406 2517 525 2579 occasui
555 2517 726 2595 proximus,
759 2524 792 2578 ut
814 2516 900 2578 ΚΛΗ
923 2514 964 2576 sit
987 2534 1044 2575 an-

224 2604 310 2685 gulus
335 2604 414 2667 inter
442 2605 611 2685 eclipticam
636 2615 668 2667 et
691 2606 874 2668 verticalem.
920 2603 965 2665 Et
987 2602 1045 2682 ipsi

224 2694 268 2756 HI
297 2693 337 2755 ad
370 2700 470 2756 rectos
503 2702 612 2773 agatur
642 2694 708 2756 ΚΒ.
763 2693 879 2765 Quodsi
911 2700 1046 2754 centrum
1122 2744 1125 2768 ἱ

224 2783 329 2844 Lunae
362 2791 410 2843 est
442 2784 470 2844 iu
495 2784 524 2845 Κ
551 2783 601 2844 vel
628 2784 673 2859 L,
707 2804 796 2846 verae
829 2780 1046 2861 conjunctionis

224 2871 369 2935 articulus
406 2873 473 2935 erit.
533 2872 617 2933 Tunc
656 2872 747 2951 igitur
783 2881 894 2952 aequet
930 2890 1047 2932 summa

224 2959 513 3024 semidiametrurum
527 2962 633 3024 Lunae
657 2971 689 3023 et
712 2961 832 3025 umbrae
855 2960 1047 3022 latitudinem

224 3049 329 3113 Lunae
352 3069 472 3125 veram,
503 3051 532 3112 in
557 3051 586 3110 Κ
619 3053 780 3113 australem
812 3053 1045 3122 decrescentem,

224 3147 256 3201 ut
279 3139 322 3200 sit
345 3140 395 3200 via
419 3140 521 3201 Lunae
546 3140 609 3202 ΚΜ
633 3159 737 3203 versus
762 3139 948 3219 eclipticam3
973 3137 1047 3198 inL

224 3228 376 3291 borealem
400 3238 593 3302 crescentem,
618 3236 652 3290 ut
675 3230 716 3292 sit
739 3231 789 3292 via
804 3231 907 3291 Lunae
929 3226 984 3287 LN
1009 3225 1046 3285 ab

224 3318 374 3398 ecliptica.
439 3318 586 3399 Utrinque
629 3320 720 3399 igitur
760 3319 861 3398 aliqua
899 3314 1048 3395 particula

224 3407 330 3469 Lunae
354 3407 472 3468 deficiet
496 3409 579 3480 (uam
594 3410 650 3470 hac
672 3428 788 3490 quoque
812 3403 1049 3469 correctiuncula

224 3507 364 3558 auctores
388 3496 523 3577 indigent
542 3497 571 3558 in
586 3498 643 3560 hoc
661 3499 780 3579 quidem
800 3495 947 3576 negotio),
963 3494 1049 3554 Luna

224 3586 304 3650 enim
328 3586 417 3665 paulo
447 3587 570 3666 postK
603 3596 635 3649 et
664 3590 753 3669 paulo
786 3594 856 3649 ante
890 3584 916 3644 L
945 3590 1048 3643 centro

224 3674 307 3738 Afit
326 3675 457 3754 propior,
482 3684 604 3756 propter
627 3677 836 3756 obliquitatem
860 3673 926 3735 viae
946 3672 1050 3733 Lunae

224 3766 263 3827 ad
287 3764 479 3844 eclipticam:
515 3773 546 3826 et
568 3766 596 3826 in
622 3786 657 3827 eo
681 3767 749 3827 viae
774 3784 846 3827 suae
878 3769 1008 3842 puncto,
1039 3760 1069 3823 in
1102 3760 1179 3840 quod
1208 3776 1245 3819 ex
1269 3755 1298 3818 A
1326 3754 1581 3835 perpendicularis

224 3853 339 3927 incidit,
365 3854 502 3915 defectus
527 3863 576 3915 est
598 3856 756 3918 maximus.
804 3854 846 3915 Et
869 3870 1026 3914 mensurae
1057 3869 1166 3912 causa:
1203 3857 1235 3908 ut
1268 3865 1377 3908 secans
1400 3838 1439 3908 5⁰
1463 3844 1584 3917 (latitu-

224 3942 307 4007 dinis
340 3943 505 4016 maximae)
541 3940 668 4007 100382
701 3946 739 4005 nd
764 3942 890 4011 radium,
925 3940 971 4001 ita
999 3959 1115 4002 summa
1153 3936 1462 4008 semidiametrorum,
1497 3952 1584 4013 quam

224 4051 414 4096 assumemus
439 4028 503 4100 602
528 4033 567 4093 ad
592 4033 770 4095 distantiam
793 4041 961 4093 centrorum
986 4029 1016 4090 in
1041 4029 1160 4091 defectu
1185 4025 1314 4089 maximo
1339 4020 1392 4088 59‘
1416 4020 1493 4087 46⁰.
1537 4025 1587 4084 Ita

225 4116 291 4187 14”
318 4121 453 4183 incidunt
476 4122 505 4182 in
530 4122 700 4184 defectum:
726 4142 797 4203 pars
821 4121 940 4199 quidem
965 4119 1083 4197 exigua,
1107 4136 1165 4180 non
1189 4117 1277 4196 plane
1302 4113 1479 4175 centesima.
1522 4112 1586 4174 Nos

224 4223 329 4274 tamen
356 4211 404 4272 hio
429 4212 532 4291 apices
556 4231 686 4274 summos
711 4211 869 4291 sequimur.
908 4208 993 4270 Nihil
1015 4207 1163 4287 prohibet,
1188 4205 1267 4266 idem
1287 4202 1364 4282 quod
1389 4202 1435 4262 hic
1460 4202 1586 4261 demon-

224 4310 358 4364 stramus
383 4300 555 4378 contingere
580 4301 682 4374 etiarn,
708 4322 773 4362 eum
793 4300 879 4361 Luna
903 4299 931 4358 in
953 4298 981 4357 K
1005 4295 1138 4359 nonnihil
1163 4293 1297 4356 umbram
1322 4289 1476 4351 delibavit.
1520 4289 1588 4349 Erit

224 4398 327 4453 autem
353 4390 381 4451 in
405 4388 435 4451 K
458 4390 644 4469 principium,
669 4390 699 4451 in
720 4392 746 4450 L
769 4389 837 4450 finis
862 4388 1007 4459 defectus,
1035 4394 1066 4446 et
1091 4383 1115 4446 C
1140 4391 1297 4445 contaetus
1323 4380 1509 4450 circulorum,
1535 4397 1587 4440 seu

224 4489 299 4542 nota
324 4480 476 4554 delectus,
503 4487 608 4558 verget
632 4480 659 4540 in
685 4497 824 4540 occasum
848 4478 886 4537 ad
911 4477 1066 4547 dextram,
1093 4481 1126 4535 ut
1151 4470 1271 4533 et'tota
1295 4467 1430 4530 duratio:
1463 4468 1585 4528 Evero

224 4569 294 4633 linis
319 4577 426 4648 verget
449 4568 477 4629 in
503 4577 611 4631 ortum.
658 4569 824 4646 Utrumque
850 4566 941 4627 etiarn
966 4565 995 4626 in
1024 4562 1162 4624 orientali
1194 4580 1264 4622 arcu
1287 4558 1351 4621 fieri
1378 4564 1490 4637 potest.
1538 4555 1589 4618 Sit

225 4658 305 4721 enim
330 4656 385 4719 ΟΡ
408 4677 496 4719 arcus
527 4659 604 4719 ortui
635 4657 769 4731 vicinus,
803 4665 835 4717 et
858 4655 940 4719 FAP
964 4654 1110 4732 angulus,
1135 4649 1195 4721 QR
1218 4667 1287 4710 vero
1316 4645 1584 4727 perpendicularis,

225 4757 258 4810 et
273 4748 362 4809 Luna
380 4745 456 4818 inQ
479 4747 725 4829 septentrionalis
750 4745 945 4817 descendens,
972 4744 1021 4804 ria
1036 4739 1099 4814 SQ,
1125 4741 1155 4802 in
1170 4739 1200 4800 R
1219 4758 1288 4801 vero
1314 4735 1457 4797 australis
1482 4733 1585 4794 itidem

226 4838 416 4899 descendens
440 4856 493 4898 seu
518 4858 537 4897 a
560 4837 637 4899 nodo
668 4835 830 4907 recedens,
861 4833 911 4893 via
934 4832 1000 4895 RT.
1048 4831 1131 4892 Tunc
1156 4829 1215 4891 illic
1239 4828 1264 4888 B
1289 4826 1425 4888 defectus
1450 4824 1480 4884 iu
1503 4824 1588 4903 prin-

229 4927 309 5007 cipio
333 4934 440 5007 verget
464 4926 492 4987 in
517 4946 657 4988 occasum
682 4925 721 4985 ad
746 4924 903 4985 dextram:
929 4922 957 4984 D
980 4940 1051 4982 vero
1075 4920 1173 4983 finalis
1198 4918 1332 4981 delectus
1357 4914 1386 4975 in
1411 4920 1517 4975 ortum.
