3692 5842
332 497 400 567 226
828 500 1001 548 Asuonomiae
1018 496 1081 548 Para
1099 496 1197 560 Optica.

332 676 465 739 uicissim
490 695 545 738 ceu
574 674 814 753 saltu-,quodam
838 674 1047 736 commutabit.
1087 674 1191 755 Atque
1216 673 1272 734 hoc
1295 672 1397 734 dicent
1419 673 1522 755 optici,
1548 671 1693 736 astrouoss

332 765 565 831 norum'rerha
591 763 717 835 imitati,
743 763 1069 824 commutationem
1090 762 1205 837 risus,
1234 780 1287 824 sen
1313 759 1441 824 Graeca
1462 779 1539 824 voca
1567 759 1691 840 paral·

333 854 447 918 laxin.
494 851 721 917 Demonstratio
744 869 820 931 pene
843 853 950 913 eadem
974 861 1030 925 est,
1055 870 1145 931 quam
1168 867 1261 931 supra
1278 869 1349 931 cap.
1366 850 1407 915 V.
1430 847 1570 931 propi.
1595 849 1696 912 obiter

333 944 423 1008 attuli
445 952 536 1025 snper
559 942 746 1025 problemate
767 940 943 1002 Aristotelis
968 942 1004 1002 de
1028 940 1182 1020 geminata
1204 940 1316 1020 specie.
1362 939 1470 1006 Dicam
1492 939 1599 1021 itaque
1624 938 1695 1020 quid

333 1032 431 1114 simile
455 1032 542 1094 uobis
565 1032 596 1093 in
619 1029 873 1110 contemplatione
906 1031 1038 1092 siderum
1069 1031 1206 1105 accidat;
1236 1036 1271 1091 ιι
1293 1030 1398 1110 plene,
1432 1028 1503 1113 qnid
1525 1027 1694 1092 nunnoni

331 1121 503 1204 parallaxiu
521 1121 638 1190 dicant,
661 1128 813 1201 patescat.

339 1266 344 1276 '
447 1262 478 1328 3.
494 1239 570 1325 De
590 1261 779 1344 parallaxi
803 1259 1022 1342 quotidiana
1045 1259 1087 1321 ob
1111 1240 1332 1324 distantiam
1355 1260 1581 1344 superficiei

841 1351 980 1411 Terrae
1004 1370 1024 1410 a
1046 1357 1182 1412 centro.

344 1533 348 1542 .
420 1478 464 1540 Et
486 1476 600 1539 dictum
623 1482 670 1536 est
693 1473 784 1555 paulo
807 1482 890 1547 aute,
915 1474 1078 1536 diametros
1102 1474 1179 1536 oculi
1202 1473 1357 1555 utriusque
1370 1471 1537 1555 paralleloe
1562 1473 1602 1535 ad
1622 1491 1694 1535 seu·

333 1586 399 1630 eum
421 1565 578 1637 incedere,
606 1564 632 1626 si
655 1564 739 1625 visus
763 1564 803 1625 ad
827 1563 958 1625 siderum
981 1564 1101 1643 aliquod
1132 1562 1290 1643 dirigatur.
1336 1564 1443 1644 Itaque
1474 1563 1603 1625 sublata
1626 1560 1694 1624 dia-

334 1665 499 1719 metrorum
521 1653 713 1717 inclinatione
738 1653 854 1715 tollitnr
873 1652 1008 1731 dignotio
1033 1652 1198 1714 distantiae
1221 1652 1329 1714 sideris
1353 1652 1392 1714 ab
1415 1652 1513 1725 oculo,
1538 1671 1594 1716 seu
1618 1653 1695 1714 situs

332 1744 399 1825 ejus
422 1751 563 1825 respectu
586 1742 723 1806 diametri
747 1742 858 1804 mnndi.
904 1740 947 1802 Et
971 1742 997 1803 si
1021 1742 1078 1803 duo
1102 1742 1203 1803 sidera
1227 1742 1337 1803 inerint
1367 1741 1405 1803 ad
1429 1742 1529 1804 visum
1557 1750 1694 1805 nostrum

332 1834 362 1897 in
386 1835 493 1896 eadem
516 1832 605 1906 linea,
629 1832 712 1894 visus
735 1840 849 1903 noster,
873 1831 1009 1909 quamvis
1033 1831 1177 1892 ambobus
1200 1832 1295 1892 oculis
1319 1848 1409 1908 usus,
1433 1831 1513 1894 iuter
1538 1831 1695 1912 utriusque

333 1924 528 1986 remotionem
551 1922 702 1983 diversam
726 1942 784 1983 uon
809 1921 1008 1999 distinguens,
1032 1920 1151 2000 putabit
1173 1921 1226 1981 illa
1249 1921 1419 2000 conjuncta

421 2013 488 2075 Hoc
511 2019 601 2093 pacto
625 2010 742 2086 evenit,
776 2019 809 2071 nt
831 2008 950 2070 Lunam
973 2017 1006 2071 et
1029 2029 1132 2070 omnes
1160 2009 1300 2090 planetas
1330 2009 1386 2071 snb
1412 2009 1540 2072 fixarum
1563 2010 1696 2092 sphaera

335 2102 454 2165 locatos
477 2110 625 2181 putemus,
649 2100 723 2162 nihil
747 2100 910 2179 adjuvante
935 2118 990 2160 nos
1014 2099 1161 2160 distantia
1184 2099 1346 2161 oculorum.
1392 2100 1496 2181 Atque
1520 2100 1581 2162 huc
1604 2109 1695 2180 paeto

332 2191 417 2253 visus
440 2199 544 2253 noster
571 2189 600 2251 in
634 2189 823 2251 aestimando
856 2187 918 2250 situ
950 2189 1138 2268 planetarum
1170 2208 1264 2251 causa
1295 2188 1436 2250 diametri
1468 2189 1573 2250 mundi
1606 2188 1695 2269 plauc

332 2279 463 2343 aberret.

421 2369 509 2430 Hunc
541 2387 649 2430 sensus
682 2366 765 2428 visus
797 2365 948 2427 delectum
979 2371 1088 2428 natura
1117 2385 1232 2429 rursum
1264 2365 1434 2429 admirabili
1469 2366 1694 2431 machinatione

332 2459 481 2522 sublevat.
528 2458 613 2519 Haec
636 2454 715 2517 enim
738 2454 857 2517 omnino
882 2457 1022 2518 voluntas
1046 2456 1103 2518 tuit
1125 2456 1182 2518 Dei
1207 2453 1379 2530 creatoris,
1405 2461 1439 2517 nt
1461 2455 1570 2534 homo,
1595 2458 1694 2540 imago

332 2568 397 2625 sua,
423 2546 526 2610 oculos
551 2546 589 2607 ab
612 2545 660 2607 hia
684 2544 812 2607 terrenis
837 2544 876 2605 ad
909 2543 962 2605 illa
985 2544 1132 2607 coelestia
1161 2546 1317 2607 attolleret
1346 2555 1492 2626 tantaque
1523 2548 1695 2628 sapientiae

332 2657 406 2700 auae
430 2644 623 2698 monumenta
647 2633 806 2713 diligenter
830 2634 1093 2714 contemplaretur.
1130 2635 1196 2697 Huc
1221 2634 1317 2696 omnis
1341 2635 1499 2698 machinae
1523 2638 1694 2700 mundanae

332 2724 504 2789 distributio
534 2723 649 2797 tendit,
684 2731 718 2784 ιι
747 2722 832 2784 nobis
865 2723 942 2784 hanc
967 2722 1124 2786 Creatoris
1153 2724 1339 2786 voluntatem
1371 2724 1458 2804 quasi
1482 2743 1558 2788 voce
1582 2726 1695 2789 emissa

331 2823 479 2879 testatam
514 2813 616 2874 faciat.
663 2812 831 2892 Propterea
862 2813 1015 2874 sensibilis
1045 2820 1094 2874 est
1122 2814 1230 2875 effecta
1257 2812 1340 2893 globi
1363 2813 1487 2878 Terreni
1519 2815 1562 2878 ad
1590 2813 1693 2878 orbem

330 2905 437 2967 Lunae
460 2902 628 2984 proportio,
654 2908 687 2963 ut
710 2901 788 2980 quod
812 2900 997 2980 singulorum
1020 2901 1170 2963 homiuum
1199 2903 1294 2964 oculis
1326 2903 1501 2980 decederet,
1532 2904 1695 2988 diligentia

331 2994 536 3056 universorum
561 2991 589 3052 in
615 2997 682 3052 tota
705 2989 858 3069 superficie
874 2989 1004 3052 Telluris
1027 2991 1237 3065 habitantium,
1263 2992 1469 3069 magnitudine
1493 2991 1559 3072 ejus
1578 2994 1692 3075 adjuta

331 3082 505 3163 suppleret:
540 3088 630 3159 atque
658 3078 715 3140 hoc
744 3086 835 3157 pacto
863 3078 940 3139 situs
971 3079 1133 3141 errantium
1163 3079 1193 3140 in
1223 3081 1372 3143 diametro
1405 3081 1506 3143 muudi
1535 3102 1594 3163 per
1626 3083 1693 3146 illas

330 3172 448 3253 priores
473 3179 612 3249 respectu
636 3167 817 3247 superficiei,
848 3168 897 3228 rel
921 3169 1022 3247 anguli
1046 3169 1224 3245 distantias,
1255 3170 1436 3233 addisceret
1483 3172 1519 3232 In
1544 3171 1692 3254 superiori

333 3261 487 3324 schemate
512 3260 575 3321 sint
597 3258 637 3332 A,
661 3257 688 3318 B
713 3275 771 3318 non
791 3256 856 3334 jam
881 3257 938 3317 duo
963 3258 1040 3319 oculi
1070 3258 1205 3336 ejusdem
1233 3258 1374 3334 hominis,
1410 3259 1464 3320 sed
1488 3260 1547 3321 duo
1571 3263 1643 3324 loca
1664 3262 1692 3324 io

334 3350 491 3431 superficie
516 3348 654 3420 Telluris,
679 3346 708 3407 A
733 3345 761 3406 in
786 3344 924 3425 Europa,
951 3347 976 3407 B
1001 3347 1030 3408 in
1055 3348 1178 3409 Africae
1203 3355 1337 3409 extremo
1361 3351 1581 3428 promontorio,
1607 3351 1693 3415 Luna

333 3439 375 3502 sit
398 3440 428 3501 in
454 3437 488 3513 C,
514 3436 710 3515 videaturque
737 3435 841 3496 eodem
864 3444 1014 3496 momento
1038 3435 1076 3497 ab
1101 3436 1267 3499 hominibus
1291 3438 1445 3517 utriusque
1468 3438 1537 3500 loci.
1584 3437 1691 3504 Sensi·

331 3528 401 3592 bilis
426 3528 527 3609 itaque
562 3545 627 3587 cum
658 3524 699 3585 sit
727 3523 880 3604 proportio
912 3525 1076 3587 distantiae
1109 3525 1240 3587 locorum
1272 3527 1310 3587 ad
1342 3526 1521 3589 distantiam
1545 3527 1693 3592 Lunaea

331 3618 426 3681 Terra
448 3624 588 3697 respectu
613 3613 752 3675 diametri
776 3612 892 3684 muudi,
918 3614 995 3695 qnod
1015 3615 1080 3694 jam
1112 3615 1264 3693 ponimus,
1288 3616 1440 3678 sensibilis
1465 3617 1524 3679 erit
1548 3627 1580 3681 et
1604 3617 1692 3682 incli-

331 3708 415 3769 natio
444 3707 589 3769 linearum
613 3701 669 3766 Ac
695 3709 727 3763 et
748 3700 813 3764 BC.
860 3700 910 3764 Sit
938 3711 1039 3766 antem
1062 3702 1120 3765 ΝΟ
1149 3705 1279 3784 sphaera
1311 3705 1437 3767 lixarum
1468 3705 1505 3768 de
1529 3708 1692 3771 nectarei

331 3814 440 3875 eorpus
465 3794 547 3857 Sulis
571 3794 608 3854 de
632 3792 680 3854 die
710 3790 765 3853 suh
798 3801 979 3854 momentum
1011 3792 1164 3855 novilunii.
1213 3792 1288 3856 Cum
1312 3814 1398 3875 ergo,
1428 3794 1477 3875 qni
1502 3804 1575 3859 sunt
1599 3799 1629 3859 in
1653 3799 1691 3871 Δ,

332 3882 411 3946 inter
435 3882 613 3945 distantiam
636 3881 740 3943 Lunae
773 3888 806 3943 et
830 3881 1006 3943 distantiam
1030 3883 1111 3945 Solis
1142 3901 1195 3944 seu
1226 3885 1354 3945 fixamm
1382 3892 1524 3964 respectu
1553 3884 1692 3949 diametri

329 3972 432 4035 muudi
464 3978 618 4051 nequeant
646 3968 831 4044 discernere,
865 3969 1065 4032 videbiturC
1094 3972 1181 4033 Luna
1210 3972 1372 4051 conjuncta
1403 3971 1521 4035 cumO
1551 3974 1614 4039 ιιι
1642 3984 1693 4038 aut

329 4059 465 4140 margine
494 4059 587 4123 Solis.
633 4059 679 4120 At
707 4057 754 4127 iis,
785 4058 833 4139 qni
857 4058 887 4119 in
911 4059 948 4133 B,
974 4060 1078 4122 eodem
1109 4070 1243 4140 tempore
1269 4058 1294 4124 C
1319 4062 1407 4124 Luna
1434 4061 1588 4127 videbitur
1618 4084 1692 4128 con·

326 4149 435 4232 juncta
459 4169 524 4211 cum
547 4149 577 4210 N
600 4148 661 4209 fixa
684 4148 731 4208 vet
757 4146 889 4227 margine
914 4147 1005 4222 Solis,
1032 4150 1075 4210 sic
1099 4158 1133 4210 nt
1156 4149 1198 4210 illi
1223 4150 1392 4228 portionem
1411 4149 1470 4213 tto
1494 4151 1632 4217 habeant
1655 4153 1692 4215 ad

329 4240 455 4301 dextrae
479 4238 584 4300 Lunae
608 4246 722 4320 partes,
747 4237 777 4299 hi
800 4236 839 4297 ad
863 4237 1013 4298 sinistras.
1062 4235 1303 4301 commutabitur
1326 4259 1398 4320 ergo
1423 4239 1501 4302 situs
1524 4240 1632 4306 Lunae
1655 4243 1692 4305 ab

327 4327 494 4391 hominibus
521 4327 652 4389 locorum
676 4326 811 4387 hinorum
834 4324 1017 4405 imaginatus
1042 4346 1079 4388 ex
1102 4324 1130 4387 Ο
1155 4328 1183 4388 iu
1207 4327 1247 4402 N,
1272 4329 1360 4407 plane
1385 4334 1420 4391 ut
1442 4328 1524 4409 prius
1549 4331 1588 4394 de
1613 4331 1693 4396 utri·

327 4414 789 4496 usqueoculijunctarisione
814 4414 1008 4477 dictumest.
1055 4415 1157 4496 Atque
1182 4416 1238 4478 hoc
1261 4418 1350 4478 modo
1379 4418 1408 4478 iu
1441 4436 1553 4497 genere
1585 4421 1693 4502 paral·

327 4504 405 4568 laxis
429 4504 560 4568 siderum
585 4503 743 4582 accipitur,
767 4512 801 4563 ut
823 4501 882 4564 ΝΟ
907 4523 995 4565 arcus
1020 4505 1150 4566 extimae
1175 4506 1338 4584 sphaerae,
1362 4507 1411 4567 vel
1435 4507 1578 4585 angulus,
1606 4529 1693 4591 quem

327 4611 415 4656 arem
440 4595 498 4656 iste
523 4592 654 4665 metitur,
679 4591 720 4652 sit
744 4591 909 4669 parallanis
933 4594 1048 4656 Lunae.
1096 4590 1158 4654 Sed
1191 4594 1262 4672 quia
1289 4614 1348 4656 non
1379 4594 1498 4674 quoties
1527 4614 1606 4677 opus
1635 4609 1693 4669 est,

326 4682 462 4744 homiues
486 4683 516 4744 in
541 4680 696 4761 superficie
721 4680 850 4741 Telluris
875 4691 946 4742 sunt
970 4681 1121 4762 dispositi,
1147 4682 1195 4763 qui
1220 4684 1260 4744 ad
1284 4702 1373 4745 noum
1397 4691 1429 4745 et
1451 4682 1532 4746 idem
1554 4705 1693 4751 momen·

327 4780 391 4832 tum
415 4770 559 4852 temporis
584 4771 621 4830 ad
637 4770 753 4831 Lunam
778 4770 951 4849 respiciant,
977 4771 1140 4833 astronomi
1161 4771 1239 4833 viam
1254 4772 1462 4852 ingrediuntur
1481 4775 1575 4854 paulo
1590 4778 1691 4841 aliam.

328 4856 514 4938 Computant
538 4859 616 4919 enim
637 4859 697 4919 alia
718 4859 869 4933 methodo,
895 4861 931 4919 de
957 4881 1015 4941 qua
1039 4880 1096 4922 non
1121 4870 1170 4921 est
1192 4860 1281 4941 hujus
1307 4861 1363 4924 loci
1379 4861 1489 4937 dicere,
1515 4885 1593 4947 quaa
1613 4867 1692 4947 apud

326 4946 402 5007 ttxas
426 4968 479 5011 seu
503 4966 562 5027 qua
586 4948 640 5008 suh
665 4948 812 5009 distantia
835 4967 855 5007 a
878 4949 992 5009 vertice
1008 4949 1095 5011 Luna
1117 4950 1223 5030 quovis
1242 4959 1393 5013 momento
1413 4969 1562 5031 apparere
1582 4955 1692 5018 debeat

327 5034 428 5108 oculo,
463 5035 513 5117 qui
542 5035 571 5095 in
604 5043 706 5097 centro
732 5036 842 5098 Terrae
875 5037 1119 5101 constitueretur.
1166 5037 1284 5103 Eodem
1306 5050 1458 5103 momento
1482 5041 1692 5107 instrumentis
