3692 5842
1491 515 2108 572 Lxxxrv—-Lxxxvu
3026 519 3155 588 549

448 689 870 770 propinquiori.
949 688 1154 761 Quare
1185 693 1414 756 duobus
1455 694 1787 755 nominibus
1829 696 2009 756 ctiam
2060 696 2298 774 singula
2344 715 2684 758 eversorum
2736 697 2882 758 liunt
2928 697 3159 760 minora

448 777 492 838 si
541 779 674 840 lens
722 780 798 841 ab
845 781 1018 842 oculo
1067 783 1368 844 remotior.

621 867 948 930 LXXXV.
997 868 1428 932 Problema.
1497 871 1637 932 Una
1668 873 1826 932 lente
1858 890 2131 932 convexa
2178 872 2467 934 distincta
2510 881 2822 952 praestare
2872 873 3155 952 visibilia,

448 955 552 1016 red
601 975 816 1018 eversa
861 967 924 1018 et
971 956 1220 1018 minora.

623 1043 852 1108 Oenius
899 1047 1227 1108 collocetur
1271 1057 1412 1126 post
1458 1053 1740 1128 punctum
1790 1066 2113 1109 concursus
2159 1067 2266 1126 pro
2330 1050 2568 1111 modulo
2634 1069 2777 1110 suae
2845 1050 3157 1114 facultatis

448 1133 502 1194 in
551 1143 722 1195 certo
769 1134 968 1214 aliquo
1014 1145 1258 1213 puncto.
1353 1137 1510 1197 Nam
1575 1143 1713 1215 (per
1761 1136 2117 1211 LXXIIX.)
2164 1153 2352 1219 μυωψ
2394 1138 2623 1198 videbit
2682 1139 3002 1212 distincte,
3050 1141 3158 1201 sed

448 1223 582 1302 [per
631 1223 928 1298 LXXV.)
979 1243 1190 1284 everso
1239 1223 1359 1286 situ
1406 1235 1469 1287 et.
1516 1227 1652 1304 (per
1697 1225 2091 1295 LXXXIV.)
2158 1227 2386 1288 minora
2442 1228 2642 1304 justo:
2712 1237 2889 1307 prout
2952 1230 3157 1292 oculus

448 1321 740 1374 remotum
786 1312 1026 1392 aliquod
1075 1312 1480 1375 distinctionis
1526 1323 1810 1394 punctum
1857 1315 2200 1392 postularit.
2800 1335 2906 1401 Fig.
2949 1333 3033 1384 17.

531 1453 914 1548 Hactenus
963 1453 1052 1513 de
1099 1472 1238 1513 una
1287 1454 1480 1514 lente
1540 1474 1889 1517 convexa.
1974 1443 2133 1516 Ja'm
2180 1457 2263 1517 de
2304 1455 2587 1536 junctis
2730 1475 2757 1515 r
2805 1479 2881 1519 ι

1192 1541 1540 1603 convexis
1587 1544 1786 1604 inter
1831 1563 1927 1604 se.
2788 1567 2789 1574 ¹

623 1663 986 1728 LXXXVI.
1007 1665 1190 1725 Prob
1209 1665 1269 1725 le
1293 1686 1349 1725 m
1367 1685 1424 1726 a.
1455 1665 1704 1727 Duobus
1725 1667 2007 1728 convexis
2040 1668 2270 1747 majora
2300 1677 2362 1731 et
2391 1668 2680 1731 distincta

448 1763 762 1836 praestare
811 1753 1095 1827 visibilia,
1142 1754 1248 1814 sed
1297 1772 1510 1814 everso
1558 1754 1699 1816 situ.

621 1843 758 1904 Duo
813 1861 1086 1904 convexa
1131 1843 1254 1903 sint
1301 1841 1387 1904 sic
1453 1843 1753 1921 disposita
1800 1845 1877 1905 ad
1940 1845 2203 1918 oculum,
2274 1853 2339 1906 ut
2386 1847 2677 1908 remotius

448 1932 719 1996 solitarie
785 1932 862 1992 ad
928 1932 1158 1993 oculum
1225 1931 1434 1993 mittat
1507 1932 1828 2012 imaginem
1898 1953 2213 2010 eversam,
2292 1954 2406 1994 non
2477 1943 2677 1996 tamen
2769 1927 2781 1977 ÷·'

448 2021 826 2094 distinctam,
897 2020 1004 2082 sed
1055 2028 1120 2082 ut
1166 2022 1371 2081 oculus
1420 2021 1564 2081 lenti
1633 2021 1716 2083 sit
1773 2022 2019 2101 propior
2067 2043 2135 2082 eo
2186 2033 2405 2101 puncto
2458 2024 2513 2084 in
2563 2042 2677 2102 quo
2765 2023 2805 2102 Π,
2917 2055 2928 2092 ·,·

448 2109 738 2172 distincta
775 2116 1326 2188 repraesentantur,
1365 2127 1473 2189 per
1505 2109 1859 2172 LXXVlll.
1918 2111 2005 2172 Ut
2042 2111 2090 2170 si
2133 2111 2189 2172 in
2231 2112 2537 2174 schemate
2576 2111 2675 2174 17.
2761 2099 2793 2192 ¹,
2933 2090 2941 2116 ι

448 2199 821 2279 divergentia
869 2199 1170 2260 radiorum
1219 2198 1296 2258 ab
1347 2217 1458 2258 uno
1507 2207 1729 2277 puncto
1779 2198 1915 2273 DO,
1948 2200 2076 2268 DP,
2125 2201 2373 2279 ejusque
2422 2202 2677 2279 angulus

448 2285 616 2352 ODP
681 2285 891 2350 essent
957 2288 1130 2348 nimis
1179 2306 1401 2366 magna
1446 2305 1556 2365 pro
1616 2289 1804 2360 ocule),
1858 2289 2179 2367 oculusque
2238 2289 2296 2349 in
2346 2286 2455 2350 ΟΡ
2513 2297 2681 2350 esset

448 2384 620 2440 extra
664 2377 741 2452 D,
793 2377 844 2436 Ε
891 2385 1117 2456 puncta
1163 2395 1510 2436 concursus,
1607 2377 2033 2456 Interponatur
2090 2377 2306 2437 deinde
2356 2378 2484 2438 lens
2531 2395 2677 2456 pro-

448 2465 720 2546 pinquior
773 2466 932 2528 inter
996 2466 1214 2526 lentem
1279 2465 1442 2526 illam
1508 2463 1767 2543 priorem
1817 2473 1881 2526 et
1935 2466 2167 2526 oculum
2228 2465 2342 2526 hoc
2391 2466 2551 2540 situ,
2614 2473 2681 2526 ut-

448 2554 652 2616 oculns
700 2553 782 2616 sit
827 2555 986 2617 intra
1044 2554 1218 2633 hujus
1285 2561 1566 2634 punctum
1633 2572 1993 2628 concursus,
2043 2560 2110 2614 ut
2158 2554 2207 2614 si
2260 2555 2465 2615 oculus
2514 2562 2679 2615 esset
2794 2627 2797 2630 .

448 2643 500 2706 in
545 2639 666 2706 IG.
763 2641 896 2714 Quo
943 2652 1124 2722 pacto
1173 2644 1379 2705 oculus
1427 2661 1535 2722 per
1583 2642 1735 2703 hanc
1785 2643 2007 2702 lentem
2064 2641 2399 2703 solitariam
2450 2643 2682 2703 videbit
2737 2702 2739 2710 χ
2797 2675 2801 2679 -
2832 2648 2851 2676 ⁸

448 2739 654 2794 erecta
671 2732 925 2794 confusa
943 2731 1182 2794 itidem:
1225 2733 1332 2793 sed
1353 2732 1428 2792 ob
1459 2750 1704 2795 causam
1737 2731 2101 2792 contrariam
2120 2750 2227 2811 per
2243 2749 2411 2811 prop.
2439 2732 2676 2794 LXXI.

448 2821 610 2902 Ergo
657 2821 799 2904 quia
843 2842 882 2882 a
926 2821 1248 2883 remotiore
1299 2822 1460 2880 lente
1508 2820 1886 2900 dix-ergentia
1933 2819 2109 2881 nimis
2151 2828 2247 2880 est
2293 2839 2533 2900 magna,
2586 2818 2681 2881 hic
2817 2863 2821 2871 .
2856 2852 2877 2903 s¹
2969 2833 2972 2834 ’

448 2909 564 2987 iam
613 2930 650 2972 a
695 2909 972 2990 propiore
1021 2908 1450 2989 convergentia
1494 2911 1820 2982 contraria,
1871 2908 1958 2970 illi
1999 2908 2217 2970 nimiae
2267 2908 2681 2988 divergentiae
2773 2944 2812 2983 ‚2
2873 2971 2893 2994 ἢ,

448 2998 808 3074 medebitur,
869 3006 933 3060 ut
979 2999 1068 3060 ita
1121 2998 1458 3078 corrigatur
1505 3004 1569 3058 et
1624 2999 1948 3060 emendata
2014 2998 2271 3060 accedat
2318 2999 2394 3059 ad
2443 2997 2682 3058 oculum
2781 3036 2801 3091 ..¹
2877 2991 2881 3011 ¹

448 3089 520 3150 ad
569 3087 924 3150 distinctam
972 3088 1264 3149 visionem
1309 3087 1758 3168 praestandam.

621 3177 710 3238 Et
754 3177 894 3256 quia
939 3179 1140 3256 imago
1189 3177 1274 3239 rei
1325 3176 1579 3236 visibilis
1628 3183 1724 3235 est
1771 3194 1984 3236 eversa
2030 3195 2139 3253 per
2186 3193 2364 3235 unam
2417 3175 2681 3236 lentem:

448 3267 576 3330 lens
624 3285 768 3328 vero
815 3267 1056 3346 propior
1104 3285 1218 3327 non
1269 3264 1488 3326 evertit
1535 3265 1729 3324 denuo
1779 3264 1934 3341 quod
1999 3264 2222 3342 accipit
2268 3285 2304 3324 a
2352 3262 2681 3336 remotiori,

448 3355 553 3418 sed
597 3355 684 3416 sic
730 3363 798 3417 ut
842 3357 1064 3434 accipit
1111 3356 1188 3415 ad
1237 3355 1470 3415 oculum
1519 3351 1879 3413 transmittit
1929 3370 2002 3410 ex
2060 3353 2394 3431 supposito,
2460 3351 2688 3430 accipit
2865 3411 2869 3431 Ι

448 3451 648 3507 autem
699 3453 976 3526 respectu
1015 3443 1102 3506 rei
1149 3443 1401 3505 visibilis
1451 3441 1770 3520 imaginem
1813 3459 2121 3501 eversam:
2175 3459 2451 3500 eversam
2498 3440 2686 3518 igitur
2781 3455 2849 3487 -·

448 3541 726 3616 respectu
776 3534 860 3596 rei
909 3532 1162 3594 visibilis
1213 3533 1290 3592 ad
1338 3531 1572 3592 oculum
1624 3528 1825 3590 mittit.

625 3623 710 3684 Et
739 3622 878 3703 quia
925 3622 1121 3702 imago
1155 3621 1288 3700 ipsa
1327 3639 1540 3680 eversa
1569 3637 1753 3701 prope
1804 3623 2086 3696 punctum
2135 3634 2460 3676 concursus
2490 3614 2686 3693 major

448 3721 706 3794 apparet
752 3730 814 3773 re
865 3711 1028 3792 ipsa,
1087 3710 1376 3772 remotius
1423 3707 1724 3788 aequaliS‚
1776 3714 1840 3767 et
1888 3705 2082 3766 adhuc
2146 3703 2433 3765 remotius
2492 3705 2685 3765 minor

448 3819 552 3882 per
595 3799 962 3876 LXXXIV,
1013 3802 1208 3880 imago
1243 3799 1427 3878 igitur
1473 3799 1622 3858 haec
1671 3795 1758 3857 sic
1789 3815 2006 3856 eversa
2035 3792 2133 3854 ubi
2166 3793 2348 3854 fuerit
2396 3793 2685 3872 ampliata

448 3909 554 3972 per
603 3889 830 3952 lentem
889 3890 1254 3970 propiorem,
1323 3885 1554 3949 duobus
1620 3884 1830 3966 primis
1896 3883 2138 3944 casibus
2194 3883 2388 3962 major
2444 3880 2683 3942 omnino

448 3981 672 4042 evadet
717 3999 782 4042 re
829 3980 980 4059 ipsa,
1031 3978 1239 4040 ultimo
1288 3995 1432 4038 casn
1479 3977 1578 4036 vel
1625 3973 1819 4051 major
1866 3974 1960 4034 vel
2010 3971 2280 4052 aequalis
2327 3971 2421 4031 vel
2472 3969 2681 4045 minor,

448 4077 628 4152 prout
684 4068 866 4130 fuerit
930 4068 1175 4130 lentium
1241 4067 1398 4127 inter
1444 4084 1510 4125 se
1566 4062 1904 4144 proportio,
1972 4080 2123 4141 quae
2182 4069 2281 4120 est
2326 4061 2385 4120 in
2433 4059 2683 4120 arbitrio
2882 4132 2884 4140 y

448 4157 738 4222 artificis:
785 4167 948 4220 certe
989 4167 1190 4219 tamen
1221 4155 1428 4234 major,
1482 4173 1656 4232 quam
1699 4157 1985 4230 quantam
2034 4149 2163 4210 lens
2203 4149 2371 4209 oculo
2411 4148 2687 4227 proxima
2889 4182 2893 4231 i

448 4267 576 4312 eam
626 4256 952 4327 acceperat
997 4267 1036 4308 a
1081 4247 1242 4307 lente
1290 4241 1596 4306 remotiori
1644 4260 1751 4321 per
1796 4238 2065 4300 LXXX.
2098 4231 2183 4310 2⁶)

623 4335 1018 4400 LXXXVII.
1076 4333 1496 4396 Problema.
1570 4330 1820 4392 Duobus
1869 4326 2152 4388 convexis
2182 4322 2471 4386 distincta
2496 4343 2681 4405 prae-

448 4433 612 4490 stare
659 4424 929 4488 visibilia
975 4431 1040 4486 et
1086 4429 1307 4496 erecta,
1357 4421 1464 4482 sed
1514 4421 1764 4481 minora.

621 4515 794 4576 Haec
842 4514 980 4575 duo.
1019 4531 1289 4574 convexa
1353 4517 1595 4590 oportet
1642 4508 1699 4568 in
1755 4503 2076 4567 sufficienti
2143 4500 2481 4562 discrimine
2546 4520 2683 4562 esse

448 4603 918 4670 convexitatum.
997 4599 1346 4663 Collocetur
1391 4598 1576 4678 igitur
1622 4596 1829 4657 oculus
1881 4599 2055 4652 extra
2102 4590 2406 4667 utriusque
2455 4599 2683 4668 punc-ta

448 4709 879 4766 concursuum,
947 4689 1198 4752 alterius
1258 4696 1480 4768 puncto
1543 4681 1954 4746 distinctionis
2019 4679 2295 4760 propior,
2366 4700 2403 4739 a
2466 4677 2682 4757 reliqui

448 4788 668 4864 puncto
729 4779 1136 4842 distinctionis
1195 4776 1514 4850 remotior,
1583 4782 1652 4836 ut
1711 4773 1802 4834 ita
1859 4776 2069 4830 neutro
2126 4767 2397 4830 solitario
2463 4785 2683 4828 eversa

448 4871 736 4936 distincte
783 4875 1120 4932 cernantur.
1199 4865 1268 4928 Si
1307 4865 1464 4927 enim
1513 4863 1738 4925 fuerint
1781 4861 1981 4922 lentes
2022 4859 2133 4919 hoc
2172 4856 2293 4917 situ
2330 4874 2463 4917 cum
2509 4856 2683 4917 oculo

448 4959 506 5024 in
553 4961 812 5023 eandem
857 4957 1076 5020 lineam
1123 4954 1511 5036 compositae,
1561 4950 1869 5014 contraria
1914 4945 2065 5008 vitia
2102 4965 2169 5007 se
2215 4952 2421 5007 mutuo
2470 4945 2687 5007 tollent

448 5057 536 5112 et‘
553 5045 870 5112 distinctio
917 5053 1220 5129 sequetur.
