3692 5842
843 497 1001 565 ceperum
1536 486 1602 556 637

242 667 390 732 vindicari
412 668 500 749 igneo
524 671 653 751 trigono,
677 674 758 738 intra
781 676 859 760 quod
883 696 1063 757 congressus
1087 677 1271 759 superiorum
1299 670 1373 733 nulli
1395 668 1550 732 118111111θί
1573 668 1603 730 ἱῦ

244 757 352 840 igneis.
398 759 494 846 Atqui
525 761 581 823 hoc
612 763 670 824 etsi
698 785 776 827 anno
808 762 907 841 1603,
941 764 1035 832 1623.
1060 769 1103 830 sic
1127 767 1234 839 habet,
1267 781 1345 825 anno
1375 767 1476 822 tamen
1507 753 1603 821 1643.

243 846 358 908 variat.
413 847 496 910 Tunc
528 848 607 911 enim
639 855 738 915 media
770 855 940 934 conjunctio
972 856 1001 918 in
1026 856 1072 934 Υ,
1095 876 1169 920 uera
1200 861 1301 918 autem
1332 852 1361 913 in
1394 843 1460 910 26⁰
1478 853 1511 921 3(
1544 855 1604 920 est,

243 935 505 1015 retrogradatione
520 939 660 1018 planetas
669 942 698 1003 in
710 943 861 1005 anteriora

225 1025 401 1099 ,manente
429 1045 599 1107 quanquam
627 1049 680 1108 per
707 1051 740 1092 se
769 1032 861 1094 etiam

243 1113 285 1176 ob
308 1132 417 1176 causas
441 1124 573 1177 motuum
591 1117 732 1200 physicas
751 1128 784 1182 et
802 1140 860 1201 op-

243 1202 324 1266 tices
339 1203 429 1283 (quas
439 1203 552 1285 antiqui
563 1206 687 1269 vocibus
702 1210 860 1290 aequantis

243 1301 278 1353 et
300 1292 459 1356 ecceutrici
488 1301 716 1373 expresserunt)
744 1295 765 1375 l}
790 1305 860 1371 a?

244 1379 558 1454 inltstlassiult
581 1395 663 1447 motu
687 1386 766 1448 tardi
790 1396 861 1450 sunt

245 1478 278 1534 st
292 1469 488 1550 aequationes
503 1471 616 1533 habeut
631 1476 859 1537 subtractorias.

244 1559 353 1638 ltaque
373 1559 473 1620 omnia
491 1560 552 1622 ista
567 1562 629 1623 lato
644 1565 731 1625 modo
750 1565 861 1626 debent

244 1646 354 1725 accipi.
400 1647 478 1710 Nam
502 1649 528 1709 si
552 1658 683 1713 motuum
707 1661 862 1731 spectetur

242 1735 360 1797 ueritas
398 1754 562 1819 apparens,
605 1760 642 1801 ne
679 1741 860 1821 triangulum

243 1822 365 1906 quidem
402 1824 460 1886 erit
492 1827 569 1888 iuter
602 1829 688 1891 binos
725 1832 859 1910 proxime

242 1913 428 1996 praeteritos
442 1933 634 1993 congressus.
672 1920 762 1981 Anno
781 1919 860 1980 enim

247 1998 343 2066 1583.
378 2003 546 2081 conjunctio
584 2007 640 2067 tuit
671 2008 699 2068 in
729 2005 794 2069 21⁰
821 2016 860 2081 bt,

243 2110 323 2154 anno
351 2087 444 2154 ¹603.
471 2092 499 2152 iu
524 2090 564 2155 8⁰
582 2102 621 2167 ,Α
660 2097 859 2160 interstitium

243 2179 338 2259 igitur
352 2200 409 2241 non
428 2177 517 2254 120⁰,
533 2184 580 2262 qui
592 2184 743 2262 perfectus
760 2187 857 2266 trigo·

242 2287 301 2330 nns
325 2278 383 2343 est,
408 2288 462 2330 uec
488 2269 576 2344 117⁰,
600 2273 677 2353 quod
702 2282 750 2336 est
772 2276 856 2337 urdi-

243 2357 329 2419 narie
340 2358 542 2422 intermedias
554 2363 787 2441 conjunctiones,
804 2366 857 2427 sed

246 2440 856 2533 ¹02⁰‚qoadrat0propiusquamtrigono,

243 2548 279 2602 ut
303 2538 389 2602 vides
413 2537 441 2598 in
466 2538 631 2601 schemate.

832 2700 1017 2711 --—

791 2916 910 3014 Caput
937 2914 1039 2991 VIII.

245 3093 303 3157 De
324 3089 525 3174 triplicitatis
553 3093 665 3173 ipoeae
694 3095 814 3156 uiribus
842 3092 1064 3158 naturalibus:
1093 3100 1123 3155 ct
1145 3095 1253 3176 primo
1284 3093 1324 3155 de
1353 3077 1608 3178 conjunctionum

496 3180 650 3262 efficacia,
681 3191 789 3244 omnm
813 3182 909 3245 Joan.
935 3182 1054 3245 Picum
1076 3180 1356 3246 Mirandulauttm.

334 3338 405 3399 Dixi
428 3338 590 3413 hactenus,
621 3359 716 3420 neque
750 3340 917 3403 naturalem
949 3359 1016 3402 esse
1046 3339 1288 3402 distributionem
1315 3340 1429 3407 zodiaci
1459 3340 1488 3401 in
1518 3340 1606 3421 signa

248 3425 307 3503 12,
333 3444 428 3508 neque
452 3435 627 3507 perpetuam
651 3430 700 3490 vel
729 3438 900 3491 aceruatam
925 3430 1018 3499 hanc,
1046 3447 1123 3509 quae
1151 3429 1323 3489 amotibns
1351 3428 1535 3507 superiorum
1562 3430 1607 3503 fit,

245 3517 276 3578 in
301 3515 495 3596 triplicitates
520 3525 647 3598 quatuor
671 3519 892 3580 distinctionem
908 3517 1055 3598 triumque
1071 3516 1248 3577 distantium
1263 3516 1488 3578 connexionem.
1529 3517 1604 3579 Dic-

245 3615 309 3668 tum
333 3604 434 3679 etiam,
459 3624 554 3686 neque
578 3605 673 3685 signis
688 3608 892 3686 proprietates
909 3607 986 3669 ullas
1010 3624 1110 3667 eorum
1128 3604 1311 3679 animalium,
1339 3623 1434 3686 neque
1454 3604 1606 3685 signorum

243 3692 474 3774 tripIIcitatibus
498 3694 662 3774 qualitates
687 3715 789 3758 eorum
813 3693 1028 3757 elementorum
1051 3694 1166 3765 inesse,
1195 3716 1214 3754 a
1236 3694 1343 3775 quibus
1367 3693 1606 3755 denominantur.

244 3779 333 3854 Quae
357 3782 457 3844 omnia
480 3801 546 3844 curn
570 3793 689 3845 centum
714 3786 842 3865 amplius
867 3785 952 3846 annis
977 3791 1047 3845 aute
1071 3801 1117 3844 me
1138 3783 1421 3846 docueritJoannes
1440 3782 1489 3843 ille
1503 3781 1606 3855 Picus,

243 3870 437 3934 Mirandulae
461 3889 562 3931 corues
586 3873 658 3945 (Vl,
682 3870 812 3946 4.15.);
833 3875 900 3954 jure
924 3872 1020 3934 videri
1043 3872 1157 3952 possim
1180 3880 1264 3934 totus
1287 3872 1317 3935 in
1342 3872 1405 3952 ejus
1424 3872 1607 3933 senteutiam

244 3959 284 4023 de
307 3960 491 4039 astrologiae
516 3962 651 4022 uanitate
676 3964 851 4025 concedere.

278 4083 283 4094 ·
335 4049 382 4109 Ac
406 4067 443 4110 ne
474 4049 584 4110 multus
609 4050 679 4124 sim,
712 4052 818 4130 rejecit
847 4058 952 4112 auctor
981 4049 1031 4111 ille
1056 4050 1111 4123 (V,
1135 4046 1182 4123 5.)
1213 4051 1337 4111 effectus
1369 4047 1609 4128 conjunctionum

244 4155 423 4217 magnarum
446 4137 476 4198 in
501 4137 646 4212 solidum;
677 4141 785 4219 rejecit
816 4141 886 4214 (Vl,
910 4138 1026 4213 5-7.)
1051 4147 1193 4218 aspectus
1225 4157 1327 4199 nurnes
1357 4137 1386 4198 iu
1421 4138 1607 4211 uuiversum

242 4225 371 4305 negavit
393 4226 466 4301 (VI,
487 4223 553 4298 15.)
578 4227 637 4287 vim
658 4229 747 4288 ullam
763 4229 861 4290 inesse
878 4228 1015 4307 trigonis,
1040 4246 1180 4308 quorsum
1205 4227 1296 4289 etiarn
1312 4225 1413 4305 aliqua
1441 4244 1478 4286 ex
1502 4225 1558 4298 VI,
1574 4222 1606 4288 4.

243 4313 351 4378 referri
374 4324 512 4394 possunt.
560 4312 676 4384 Quibus
700 4317 779 4378 inter
802 4328 905 4398 cetera
938 4315 1105 4396 capitibus,
1139 4335 1206 4377 curu
1239 4315 1389 4375 diversum
1418 4313 1456 4373 ab
1486 4321 1606 4376 auctore

243 4402 386 4471 seutiam,
411 4403 544 4465 rationes
568 4404 633 4483 ejus
658 4406 835 4484 expendam,
860 4405 943 4486 prius
968 4415 1068 4466 tumen
1092 4403 1247 4484 explicata
1270 4422 1336 4463 mea
1352 4400 1515 4476 sententia,
1538 4422 1608 4465 uam

244 4491 340 4554 saciet
363 4492 401 4553 ad
425 4510 569 4571 praesens
594 4493 773 4556 institutum.

335 4577 463 4652 Quaerit
484 4580 575 4643 Picus
600 4582 655 4654 (V,
669 4580 717 4655 5.)
742 4601 833 4664 quare
857 4581 972 4655 credat,
998 4580 1114 4660 majora
1138 4580 1238 4641 lacere
1258 4577 1420 4641 Saturnum
1445 4586 1476 4641 et
1489 4579 1606 4654 Jovem,

243 4687 310 4733 eum
336 4676 407 4731 suut
439 4669 546 4745 simul,
580 4689 668 4750 quarn
692 4691 758 4732 curn
789 4677 860 4732 suut
887 4669 1041 4748 separati?
1087 4668 1290 4748 Respondebo
1318 4687 1356 4729 ex
1384 4687 1452 4728 mea
1479 4687 1536 4730 uon
1570 4687 1608 4730 ex

243 4758 468 4837 astrologorum
495 4758 662 4820 sententia:
692 4778 767 4839 opus
802 4758 880 4841 quod
911 4757 1114 4837 superioribus
1142 4757 1340 4820 adscribimus
1364 4756 1495 4835 junctis,
1528 4757 1608 4838 quod

243 4865 304 4910 nou
337 4847 483 4927 competit
515 4847 679 4927 separatis,
717 4849 746 4910 id
779 4867 967 4930 nequaqnam
998 4847 1188 4926 planetarum
1221 4846 1354 4924 ipsorum
1386 4852 1436 4906 est
1471 4846 1608 4924 (praeter

242 4936 355 4999 nudam
391 4935 640 4998 illuminationem
679 4945 711 4998 et
746 4937 1009 5012 calefactionem),
1047 4935 1101 4996 sed
1133 4933 1229 5017 ipsius
1264 4942 1390 4995 naturae
1423 4933 1605 5018 sqbluuaris.

243 5021 362 5097 Quodsi
384 5024 441 5088 hoe
464 5043 539 5105 opus
572 5025 647 5104 ipsis
670 5045 725 5107 per
747 5047 781 5091 ee
804 5024 935 5108 planetis
967 5024 1163 5096 tribueretur,
1195 5022 1377 5104 respondere
1406 5021 1473 5105 quis
1500 5031 1606 5103 posset
