3692 5842
835 511 998 562 Prooemium·
1531 516 1593 585 ror

235 686 480 762 circumvolutis,
505 706 594 768 quos,
619 686 727 748 nemini
751 686 780 747 in
801 687 878 750 hanc
902 708 995 769 usquc
1020 691 1097 751 diem
1122 692 1271 769 cognitos,
1297 694 1459 756 novissime
1490 705 1596 760 auctor

234 776 437 856 deprehendit
459 776 586 856 primus,
612 786 702 856 atque
726 777 893 838 Medicea
913 776 1052 839 Sidera
1076 783 1289 860 nuncupandos
1306 784 1449 846 decrevit.
1488 785 1594 847 Vene-

235 863 291 927 tiis
317 861 412 929 1610.
460 866 561 937 (Idem
585 884 659 945 opus
682 864 793 944 prodiit
817 868 921 927 eodem
947 887 1024 928 anno
1047 868 1241 930 Fraukofurti
1266 870 1315 944 „in
1343 872 1593 949 Paltheniano.“)

235 952 402 1016 Dedicavit
437 954 544 1015 librum
582 975 667 1015 suum
702 951 858 1016 Galilaeus
896 954 1030 1016 Cosmo
1063 958 1248 1032 Medicas,
1286 960 1398 1036 Magne
1432 962 1593 1026 Hetruriae

232 1041 315 1105 Duci
338 1042 394 1105 IV.
436 1042 576 1118 „Patavii
599 1038 630 1103 4.
669 1043 741 1103 Idus
765 1043 869 1104 Martii
901 1040 1012 1118 1610,“
1039 1065 1162 1125 eunrque
1186 1047 1281 1126 primo
1310 1067 1425 1127 quoque
1459 1056 1593 1130 tempore

232 1130 368 1210 Prugam
400 1131 570 1193 transmisit
602 1130 754 1192 Juliano
785 1132 962 1206 Mediees,
996 1134 1097 1211 magni
1125 1136 1284 1196 Hetruriae
1318 1137 1402 1197 ducis
1437 1141 1589 1210 „oratori“

234 1220 318 1300 apud
337 1221 551 1299 Imperatorem
566 1219 767 1299 Rndolphnm
793 1222 905 1281 additis
932 1222 1037 1296 literis,
1063 1223 1091 1283 in
1117 1223 1222 1303 quibus
1241 1224 1385 1303 judicium
1406 1226 1530 1305 Kepleri
1554 1231 1590 1291 de

233 1308 289 1370 illo
312 1308 370 1370 sibi
393 1308 529 1387 expetiit.

327 1396 477 1477 Keplerus
500 1397 636 1457 nuncium
661 1397 697 1456 de
723 1396 853 1457 Galilaei
878 1398 1100 1459 inventionibus
1124 1400 1248 1477 primum
1274 1401 1435 1480 accepite
1457 1403 1590 1467 Matthia

230 1485 427 1560 Wackberio,
451 1485 623 1547 consiliario
639 1484 798 1560 Caesaris3
823 1484 953 1548 nondum
978 1489 1056 1548 lecto
1085 1487 1164 1549 illius
1193 1489 1268 1550 libro
1293 1491 1487 1566 existimavit,
1513 1514 1589 1574 qua-

232 1581 305 1637 tuor
327 1594 421 1637 novos
445 1595 464 1636 a
488 1573 627 1636 Galilaeo
651 1575 788 1638 detectos
814 1576 993 1654 „planetas“
1019 1576 1145 1637 comites
1175 1597 1242 1638 esse
1273 1578 1456 1656 singulorum
1481 1583 1588 1661 plane-

230 1671 331 1724 tarum
358 1663 445 1724 trium
469 1664 653 1743 superiorum
678 1673 709 1724 et
732 1665 879 1737 Veneris,
915 1665 1012 1726 instar
1036 1665 1139 1724 Lunae
1164 1668 1287 1728 Terram
1311 1669 1492 1730 comitantis.
1539 1672 1587 1733 Re

227 1752 300 1832 ipsa
334 1771 404 1812 vero
438 1752 560 1831 cognita
588 1754 771 1831 (Imperator
799 1752 976 1833 Rndolphus
1010 1752 1066 1831 ipsi
1101 1756 1268 1834 exemplum
1302 1756 1368 1818 libri
1402 1760 1587 1833 tradiderat)

230 1840 435 1922 perlectisque
469 1842 583 1916 literis,
623 1861 697 1920 quas
731 1840 889 1903 Galilaens
922 1842 960 1903 ad
993 1842 1143 1921 Legatum
1175 1844 1276 1920 magni
1308 1845 1468 1907 Hetruriae
1492 1848 1587 1909 Ducis

229 1930 375 2003 dederat,
409 1930 604 1991 suadentibus
635 1939 666 1989 et
698 1931 913 2011 imperantibus
945 1929 1106 2009 Rudolplro
1135 1941 1168 1992 et
1198 1931 1400 2007 Wackherio,
1434 1936 1584 2015 Keplerus

224 2018 377 2098 judicium
401 2037 485 2079 snum
510 2020 546 2079 de
572 2017 702 2079 Galilaei
729 2019 875 2092 ,nuncio“
901 2019 1096 2097 conscripsit,
1126 2022 1265 2099 redigens
1296 2022 1369 2083 illud
1398 2023 1426 2084 in
1457 2024 1584 2086 formam

226 2107 399 2186 epistolae,
433 2126 520 2188 quam
545 2107 688 2185 scriptam
713 2107 852 2168 Galilaeo
877 2108 1062 2181 transmisit,
1098 2109 1279 2188 descriptam
1312 2129 1382 2172 vero
1406 2113 1584 2191 Imperatori

226 2195 356 2275 aliisque
381 2196 552 2275 petentibus
577 2196 720 2258 extribuit.
768 2194 866 2266 Quam
892 2215 979 2275 quum
1004 2196 1055 2257 alii
1077 2198 1179 2276 plures
1204 2199 1361 2277 legendam
1386 2199 1442 2261 sibi
1457 2209 1584 2280 expete-

225 2293 306 2360 rent,
331 2285 441 2346 statuit
465 2286 545 2346 illam
569 2284 795 2364 imprimendam
819 2304 941 2360 curare,
974 2285 1185 2366 inscripsitque
1210 2287 1313 2349 illam:
1346 2287 1583 2352 Dissertatio

225 2391 304 2435 cum
328 2373 470 2435 Nunnio
494 2373 664 2442 Sidereo‚
689 2393 782 2453 nuper
806 2375 843 2435 ad
868 2376 1010 2435 mortales
1035 2374 1126 2435 misso
1151 2397 1170 2436 a
1193 2373 1386 2438 Galilaea.

319 2463 412 2523 Plane
437 2469 501 2523 stat
524 2464 674 2543 Keplerus
699 2463 727 2523 in
753 2464 809 2524 hac
834 2463 964 2541 epistola
982 2482 1048 2524 eum
1073 2461 1224 2538 Galilaeo,
1249 2485 1428 2545 quamquam
1452 2467 1582 2529 nondum

226 2550 395 2613 instructus
411 2552 619 2626 instrumento,
644 2570 701 2633 qno
725 2551 790 2630 ipse
813 2552 941 2630 propriis
961 2571 1032 2612 usus
1047 2554 1185 2615 sensibus
1201 2572 1263 2615 rem
1276 2555 1405 2634 probare
1420 2555 1580 2634 potuisset,

227 2640 399 2702 rationibus
423 2641 551 2713 innixus,
577 2660 651 2719 quus
674 2641 910 2719 suppeditabant
935 2638 1065 2701 Galilaei
1089 2643 1193 2703 modus
1218 2643 1375 2714 scribendi,
1401 2644 1481 2705 illius
1505 2663 1580 2705 con-

225 2729 304 2790 ditio
328 2730 357 2790 in
383 2730 540 2791 academia
558 2729 743 2810 Patavieosi,
764 2729 964 2802 necessitudo,
990 2748 1066 2808 quae
1089 2731 1133 2790 illi
1162 2732 1371 2793 intercedebat
1393 2752 1460 2793 cum
1479 2733 1580 2794 Medi-

225 2817 322 2890 cseis,
347 2818 454 2897 quibus
478 2818 585 2879 librum
608 2836 693 2879 suurn
717 2818 880 2878 dedicavit.
928 2816 1094 2880 Confirmat
1108 2819 1271 2899 Keplemm
1294 2821 1324 2881 in
1349 2822 1502 2883 sententia
1524 2840 1581 2883 sua

225 2905 392 2985 descriptio
415 2904 479 2968 tubi
503 2906 614 2985 optici,
639 2926 727 2986 quam
751 2905 908 2986 praemisit
935 2904 1102 2983 Galilaeus,
1128 2909 1245 2989 optione
1269 2910 1425 2991 principiis
1449 2928 1579 2972 consen-

225 3004 328 3068 tanea,
354 2996 400 3056 ita
418 3004 452 3057 ot
473 2995 538 3074 ipse
561 2995 747 3075 polliceatur,
773 2996 875 3074 optica
898 2996 973 3057 duce
997 3017 1029 3056 se
1054 2998 1115 3058 tale
1131 2999 1334 3060 confecturum
1349 3000 1580 3060 instrumentum

226 3084 274 3158 ,si
299 3084 371 3145 talis
395 3084 453 3145 sibi
476 3104 543 3146 sors
559 3085 715 3163 affulgeat,
742 3092 776 3146 ut
798 3084 973 3146 mechanica
992 3086 1114 3147 remotis
1130 3088 1295 3149 obstaculis
1311 3096 1429 3149 tentare
1447 3087 1577 3166 possit.“

225 3169 368 3254 Opticam
392 3191 478 3235 suam
503 3181 534 3235 et
557 3174 668 3235 Portae
692 3174 896 3235 testimonium
919 3192 973 3255 pro
999 3173 1137 3235 Galilaeo
1163 3177 1298 3249 adducit,
1324 3184 1437 3238 eertum
1460 3185 1575 3248 tenens,

226 3263 458 3324 instrumentum
483 3263 587 3324 confici
609 3281 709 3342 posse,
735 3281 791 3341 quo
815 3270 973 3323 restante
998 3264 1114 3341 majora
1128 3272 1302 3343 appareant,
1328 3273 1470 3344 quantum
1487 3262 1577 3326 Gali-

225 3351 312 3413 laeus
326 3350 449 3412 indicet.
487 3350 565 3412 Hinc
583 3351 695 3413 transit
708 3351 857 3430 Keplerus
877 3351 915 3410 nd
932 3369 977 3424 ea,
999 3370 1074 3431 quae
1090 3350 1247 3414 Galilaeus
1267 3353 1304 3414 de
1319 3354 1445 3414 Lunae
1468 3371 1577 3431 super-

224 3439 290 3502 lieie
305 3456 359 3519 per
381 3440 486 3502 tubum
505 3449 669 3520 conspecta
687 3448 801 3501 narrat.
839 3439 988 3512 Maeuiae,
1013 3459 1087 3519 quas
1110 3440 1141 3500 in
1164 3441 1217 3502 illa
1241 3440 1423 3513 observavit,
1447 3440 1577 3503 sinuosis

224 3529 253 3590 in
277 3529 373 3590 Terra
395 3529 534 3601 vallibus,
560 3529 688 3608 quaein
712 3528 769 3589 hac
792 3546 906 3607 paucae
931 3538 1113 3606 appareant,
1138 3536 1308 3607 comparat,
1333 3537 1364 3590 et
1387 3549 1453 3590 cum
1476 3529 1576 3590 nullae

224 3617 285 3680 illic
309 3617 370 3680 sint
392 3618 489 3679 valles
513 3618 631 3697 longae,
656 3618 760 3697 quales
783 3617 813 3677 in
833 3618 928 3678 Terra
951 3617 1127 3697 complures,
1152 3617 1210 3679 imo
1233 3618 1403 3697 pleraeque,
1427 3618 1576 3696 Keplems

224 3706 342 3769 Lunam
366 3706 538 3786 suspicatur
563 3706 675 3780 ,veluti
698 3706 843 3784 pumicem
859 3706 1006 3785 quendam
1026 3726 1103 3781 esse,
1127 3706 1209 3786 poris
1223 3705 1352 3785 undique
1368 3706 1574 3779 distinctam,“

224 3813 258 3857 se
280 3795 380 3875 ipsum
404 3813 476 3856 vero
500 3795 605 3857 statim
628 3795 764 3875 corrigit,
789 3793 952 3874 respiciens
977 3795 1016 3855 ad
1039 3813 1090 3870 ea,
1115 3814 1191 3875 quae
1216 3793 1373 3857 Galilaeus
1397 3796 1434 3857 de
1459 3795 1576 3875 „apici-

224 3884 301 3946 bus“
327 3884 428 3957 refert,
454 3884 503 3964 qui
534 3884 563 3945 in
583 3885 695 3945 Lunari
719 3901 843 3962 corpore
866 3892 1050 3963 consurgant
1073 3883 1170 3946 instar
1192 3884 1406 3946 altissimomm
1431 3883 1577 3946 montium

224 3972 362 4035 Telluris.
419 3973 560 4036 Errorem
592 3991 694 4047 sunm,
733 3991 820 4053 quem
853 3971 883 4034 in
917 3970 1029 4051 Optica
1061 3972 1268 4049 commiserat,
1303 3973 1429 4052 ingenue
1463 3974 1577 4034 latetur

224 4059 389 4142 Keplerus,
414 4062 549 4123 maculas
579 4068 690 4141 potans
713 4080 781 4123 esse
805 4069 927 4134 terram,
952 4062 1067 4124 lucidas
1090 4070 1194 4140 partes
1217 4081 1286 4123 esse
1310 4063 1416 4124 maria.
1463 4062 1576 4123 Aerem

224 4148 303 4212 circa
331 4169 439 4230 corpus
462 4151 566 4211 Lunae
591 4152 688 4212 lusum
712 4157 793 4211 recte
816 4150 976 4229 probatum
1001 4170 1068 4212 esse
1092 4170 1111 4211 a
1135 4148 1276 4212 Galilaeo
1300 4151 1387 4223 dicit,
1413 4150 1575 4229 laudatque

224 4239 340 4300 modurn
355 4238 581 4300 demonstratae
597 4238 765 4300 altitudinis
784 4238 927 4300 montium
947 4239 1118 4313 Lnnarium,
1143 4248 1260 4318 semper
1283 4240 1323 4300 ad
1346 4257 1382 4299 ea
1400 4237 1575 4317 respiciens,
1678 4316 1680 4319 y

224 4345 300 4410 quae
323 4328 353 4388 io
379 4325 493 4406 Optica
514 4347 570 4389 sua
591 4328 701 4407 partim
725 4335 828 4402 certa,
852 4327 961 4407 partim
986 4328 1078 4389 dubia
1098 4329 1277 4405 protulerat.

313 4414 552 4478 Observationes
574 4416 770 4478 stellarum
794 4416 966 4492 lixarum,
992 4436 1066 4497 quas
1091 4415 1248 4477 Galilaeus
1271 4414 1384 4495 prodit,
1410 4413 1574 4493 Keplernm

224 4503 250 4568 in
280 4505 360 4567 hauc
382 4504 535 4566 deducunt
557 4504 757 4579 sententiam,
796 4522 924 4584 „corpus
955 4505 1051 4567 nostri
1075 4502 1156 4566 Solis
1189 4501 1402 4566 inaestimabili
1434 4520 1574 4563 mensura

224 4611 290 4655 esse
314 4592 454 4667 lucidius,
477 4609 566 4672 qnam
589 4594 745 4654 universas
764 4594 860 4653 fixas“
886 4600 918 4653 et
932 4595 1072 4655 mundum
1097 4599 1232 4654 nostrum
1257 4592 1345 4670 longe
1369 4586 1573 4670 praestantius

224 4699 288 4744 esee
313 4680 450 4743 omnibns
473 4681 534 4742 illis
557 4680 634 4756 fixis,
658 4681 728 4741 hinc
752 4700 822 4760 ergo
847 4681 1052 4744 deducendum
1079 4676 1287 4759 argumentum
1319 4686 1424 4740 contra
1445 4677 1574 4740 Jordani

224 4767 314 4834 ani
338 4761 665 4846 ,innumerabilitatem
688 4769 894 4832 mundorum.“

309 4856 361 4921 Ad
381 4855 405 4919 J
411 4858 492 4920 ovis
516 4857 642 4939 denique
666 4866 825 4937 quatuor
847 4857 1046 4919 satellites
1069 4864 1279 4937 transgressus
1302 4853 1450 4933 Keplerus
1473 4852 1573 4914 maxi-

224 4963 300 5010 m
322 4963 362 5010 ex
383 4944 432 5009 his
459 4946 645 5027 prodituram
668 4953 773 5024 sperat
795 4945 996 5008 astronomiae
1020 4945 1201 5019 utilitatem,
1234 4949 1411 5023 argumenta
1443 4960 1481 5004 ex
1512 4940 1574 5004 illis

224 5033 328 5098 utne
348 5053 443 5115 posse
464 5043 556 5116 putat
575 5053 631 5115 pro
647 5032 806 5114 copemiei
828 5034 865 5095 de
889 5035 998 5096 mundo
1021 5034 1140 5097 ratione
1163 5041 1196 5095 et
1217 5049 1272 5112 pro
1286 5030 1460 5094 harmonica
1472 5029 1574 5100 mvndi

1301 5133 1363 5195 πᾶ
