3692 5842
253 497 319 570 630
733 506 774 558 ns
793 506 871 559 sou.
889 505 1132 573 hanamal-m

254 681 376 762 periodo
400 681 565 742 consistere
590 682 655 758 loco
679 684 815 763 pristino,
841 684 971 764 quadras
995 684 1092 746 redire
1117 681 1154 742 ad
1178 682 1246 743 loca
1258 681 1398 761 pristinis
1420 681 1534 754 vicina,
1556 679 1606 742 nisi

253 770 447 832 distinctione
471 771 549 832 inter
572 771 672 832 sidera
696 772 778 832 lacta
802 773 1026 852 nominibusque
1058 769 1229 848 impositis?
1258 767 1379 839 Quibus
1409 770 1531 849 quidem
1556 769 1607 829 boe

251 860 424 944 necessario
450 859 573 919 lactaris
598 872 706 920 natura
730 862 889 939 praelusit,
919 861 1067 920 sideribus
1096 878 1150 937 per
1178 859 1313 918 ultimam
1337 857 1503 938 sphaeram
1534 857 1607 919 nullo

250 958 396 1032 perpetuo
421 947 537 1020 ordine,
562 947 618 1008 hoe
643 958 690 1008 est
714 951 852 1025 confuse,
876 949 1097 1020 disseminatis3
1126 966 1163 1006 ne
1187 946 1397 1026 dispositionis
1420 946 1607 1006 similitudine

250 1038 280 1097 in
305 1035 433 1097 dirersis
460 1035 532 1095 locis
556 1035 690 1097 homines
716 1038 779 1098 falti
801 1050 938 1118 possent.
976 1037 1027 1099 Ab
1042 1035 1182 1115 agricolis
1198 1037 1352 1114 igiturest
1366 1035 1472 1106 Aries,
1486 1035 1605 1104 Tauros.

251 1124 348 1204 l'irgo
372 1125 529 1204 spicifera,
564 1122 679 1204 Caper,
704 1126 817 1186 Bootes
835 1117 895 1204 ‚seu
923 1127 1072 1205 agitator,
1105 1123 1293 1195 lleniochus,
1322 1119 1473 1203 Capella,
1506 1123 1605 1192 Boedi,

249 1212 423 1274 Plaustrum
447 1232 499 1271 seu
524 1213 603 1274 Ursa
628 1215 774 1286 (llomcro
799 1216 863 1294 jam
888 1226 960 1273 nota
984 1215 1120 1285 nomina)
1144 1222 1175 1272 et
1200 1211 1330 1272 similes:
1374 1233 1394 1271 a
1417 1211 1523 1272 nautis
1543 1229 1606 1272 reto

250 1301 402 1380 Plejades‚
425 1301 532 1375 nasis,
557 1303 639 1362 sidus
664 1303 811 1363 horizonti
835 1303 1009 1375 meridiano,
1030 1302 1086 1362 hoc
1109 1313 1157 1361 est
1181 1301 1332 1362 montibus
1348 1299 1498 1361 autmari
1516 1297 1605 1360 coati-

249 1409 348 1468 guum,
365 1391 482 1469 quoties
501 1390 629 1464 videtur,
646 1401 677 1451 et
691 1391 821 1452 similes:
846 1392 885 1452 ab
905 1393 1038 1472 utrisque
1052 1391 1187 1471 Hyades.
1225 1388 1259 1450 Si
1278 1407 1357 1468 quae
1377 1387 1459 1449 aliae
1479 1389 1606 1450 videam

250 1478 368 1556 longius
393 1479 475 1538 abire
499 1499 516 1536 a
541 1479 628 1539 rebus
654 1481 769 1558 utrique
795 1481 945 1540 hominum
964 1481 1067 1554 generi
1090 1477 1304 1550 l'amiliaribus,
1328 1487 1364 1538 at
1387 1489 1474 1538 certe
1496 1489 1605 1538 auratae

249 1579 321 1627 snm
345 1587 361 1627 e
386 1568 482 1627 medio
507 1566 588 1627 ritae
613 1587 677 1635 usu.
703 1569 826 1630 erebus
842 1569 946 1629 oculos
966 1567 1152 1640 l'erientibus,
1176 1575 1210 1626 ut
1224 1565 1373 1638 Venator,
1394 1565 1488 1640 Pera,
1502 1565 1604 1645 Lepos,

249 1653 351 1727 Canis,
376 1653 519 1733 Serpens.

338 1741 453 1813 Quodsi
478 1744 670 1824 conjecturae
703 1743 775 1805 licet
803 1745 975 1823 indulgere,
1007 1745 1157 1806 dilectum
1189 1740 1352 1818 imaginum
1386 1751 1419 1802 et
1452 1739 1603 1812 nominum,

248 1852 323 1913 qnae
348 1833 435 1911 plura
459 1833 507 1892 uni
532 1832 754 1893 constellationi
780 1852 796 1893 e
820 1854 915 1894 rerum
941 1847 1048 1894 natura
1071 1841 1211 1912 poteraut
1234 1831 1399 1909 imponere,
1423 1829 1505 1890 duae
1521 1847 1603 1908 prae·

247 1923 354 2000 cipuae
387 1940 497 1982 causae
532 1922 682 1980 lecerunt:
717 1922 875 2001 dispositio
907 1925 1064 1983 stellarum
1096 1933 1128 1982 et
1155 1930 1273 1998 tempus
1298 1917 1369 1978 anui
1393 1917 1537 1998 operibus
1557 1935 1603 1978 seo

247 2009 376 2071 nauticis
399 2029 453 2070 seu
479 2009 600 2069 rusticis
625 2019 831 2088 opportunum.
877 2010 1022 2089 Equidem
1053 2010 1101 2087 qui
1126 2009 1212 2078 L'rsi,
1247 2006 1297 2084 qui
1321 2005 1530 2086 Serpentarii,
1560 2006 1602 2086 qai

247 2097 415 2177 Serpentis,
442 2099 490 2178 qui
514 2098 648 2178 llydrae,
672 2096 804 2170 Orionis,
829 2100 966 2178 Leporis,
991 2097 1095 2172 Canis,
1120 2097 1227 2166 Tauri,
1252 2093 1467 2166 Geminorum,
1491 2092 1602 2166 Cancri,

246 2187 373 2255 Leonis,
407 2186 520 2248 alarum
554 2189 582 2247 in
607 2186 748 2263 Virgine,
780 2186 913 2266 Scorpii,
940 2187 1080 2266 Sagittae
1113 2199 1145 2246 et
1167 2187 1281 2256 Arcus,
1317 2182 1483 2254 Gallinae,
1510 2181 1601 2252 corsi,

248 2273 401 2347 Coronae,
426 2275 580 2354 Trianguli
609 2276 826 2356 multarumque
856 2277 981 2338 aliarum
1012 2276 1171 2353 figurarum
1195 2272 1303 2334 stellas
1327 2274 1480 2344 intuetur,
1511 2291 1601 2332 aarum

247 2363 436 2444 praesertim,
463 2383 539 2443 quae
564 2375 667 2424 nostra
686 2367 828 2426 memoria
852 2384 889 2425 er
913 2367 997 2426 coelo
1021 2363 1189 2424 antarctico
1204 2361 1410 2440 Hispanorum
1434 2373 1468 2422 et
1481 2361 1600 2422 Bollan-

247 2453 351 2514 dorum
375 2453 524 2514 industria
547 2463 756 2513 accesserunt:
786 2454 867 2513 ridet
893 2455 942 2513 illc
966 2452 1115 2531 quandam
1139 2451 1349 2529 dispositionis
1374 2470 1481 2512 earum
1504 2449 1600 2510 simili·

248 2542 380 2602 tudinem
413 2561 478 2602 curn
512 2540 652 2601 membris
686 2542 857 2602 animalium
882 2557 912 2601 et
936 2562 1047 2612 rerum,
1081 2562 1100 2599 a
1131 2541 1239 2620 quibus
1269 2539 1386 2600 hahent
1409 2538 1546 2612 nomina,
1574 2551 1600 2596 et

246 2631 330 2690 sidet
353 2631 409 2691 hoc
433 2630 545 2691 rectius
569 2648 605 2689 ex
630 2630 713 2689 coelo
738 2651 826 2709 quarn
851 2650 887 2690 en
913 2630 1019 2708 globo;
1053 2630 1130 2707 quod
1161 2628 1249 2688 hodie
1280 2627 1410 2689 vitiatae
1441 2628 1600 2690 habeantur

246 2718 303 2778 hae
329 2719 473 2796 imagines
497 2738 551 2798 pro
575 2717 660 2779 libitu
684 2719 829 2798 pictorum
854 2731 884 2778 et
908 2720 1091 2798 sculptorum
1115 2719 1331 2786 conformatae,
1357 2737 1378 2776 a
1400 2718 1513 2782 stellis,
1540 2715 1598 2794 qui·

246 2807 301 2868 bus
326 2809 445 2868 uomina
470 2809 625 2873 dederunt.
650 2817 681 2867 et
705 2828 729 2866 a
747 2819 847 2869 mente
871 2823 1025 2868 auctorum
1048 2819 1236 2866 vetustorum
1261 2807 1349 2883 louge
1373 2805 1565 2867 dissidentes.

335 2895 416 2956 Audi
441 2917 545 2957 sersus
568 2896 655 2956 Arati
681 2895 717 2955 de
742 2896 856 2957 Tauro:

568 3019 609 3066 Ta
628 3014 659 3066 de
679 3009 705 3065 tir
724 3016 789 3084 μαλ’
807 3013 918 3067 tortora
937 3029 1047 3083 oqpma
1063 3031 1150 3066 κειται

567 3090 637 3150 Toup
657 3081 671 3150 'i
691 3089 797 3153 xtqairp
818 3086 1003 3151 demergente,
1023 3081 1092 3137 adde
1111 3103 1151 3144 τις
1169 3079 1244 3168 ἆὶζῳ

563 3159 671 3225 Empori
692 3175 858 3227 requprrrro
878 3162 1024 3221 aaqoqpooc.
1048 3152 1096 3208 cira
1112 3174 1166 3226 per
1185 3174 1253 3207 arno

560 3223 664 3295 Ἀςερες
683 3223 888 3297 ‹iugorsqmtler
906 3227 1084 3296 ἐὶισσομενοι
1103 3241 1238 3278 remoueri.

334 3339 381 3399 Ita
416 3338 533 3416 quidem
568 3339 704 3417 supr-rius
729 3339 928 3407 Albumasar‚
963 3357 1084 3397 causam
1118 3339 1279 3416 imaginum
1315 3357 1374 3397 non
1408 3355 1449 3397 ex
1483 3351 1598 3396 uaturae

243 3427 446 3506 penetralibus
470 3426 522 3485 sed
547 3445 584 3485 ex
607 3428 696 3487 Arati
720 3428 900 3487 auctoritate
930 3439 1080 3503 repetens.

333 3516 476 3578 l'icissim
501 3516 548 3593 qui
574 3515 656 3574 audit
678 3515 829 3586 Pleiadas,
856 3515 1002 3585 Aristum,
1021 3514 1290 3574 l'indenriatricem
1314 3512 1476 3584 nominari,
1501 3511 1597 3571 simol·

242 3624 298 3685 que
323 3605 503 3672 considerat,
531 3605 606 3681 quod
631 3617 714 3663 ortus
733 3623 832 3663 earum
852 3625 906 3684 pro
922 3603 1007 3680 signo
1024 3604 1112 3664 suerit
1128 3623 1250 3682 operum
1266 3602 1444 3681 navigandi,
1465 3599 1599 3666 metendi,

241 3695 408 3754 vindemias
437 3692 611 3768 colligen=li;
646 3692 714 3768 quid
749 3693 799 3750 ille
832 3713 945 3770 quaeso
975 3692 1146 3752 occultioris
1180 3691 1391 3772 philosophiae
1425 3691 1545 3770 quaerit
1574 3691 1598 3747 in

241 3782 346 3842 horum
371 3784 520 3841 norrrinunr
546 3781 680 3839 ratione?
704 3799 769 3839 cunr
793 3800 885 3840 causa
910 3780 1036 3841 nominis
1061 3781 1099 3839 ad
1124 3785 1241 3841 oculum
1265 3793 1388 3859 pateat,
1421 3791 1456 3841 et
1480 3781 1547 3840 ideo
1567 3797 1598 3838 ne

242 3871 360 3948 quidem
381 3871 536 3930 stellarum
560 3869 716 3945 dispositio
742 3869 852 3929 nomini
877 3869 1058 3929 stabiliendo
1083 3882 1256 3946 quaeratur.

331 3959 416 4017 llauc
441 3977 561 4018 causam
586 3957 674 4016 Picus
699 3957 833 4016 extendit
868 3959 906 4017 ad
940 3976 1042 4017 omnes
1076 3958 1224 4030 imagines
1258 3977 1315 4018 non
1349 3957 1451 4018 minus
1485 3957 1601 4019 ridicula

241 4046 413 4124 conjectura
438 4048 474 4104 de
499 4046 646 4105 homiuum
672 4046 920 4122 cogitationibus,
945 4065 1034 4122 «quarn
1059 4059 1128 4106 sunt
1146 4046 1369 4125 astrologorum
1391 4047 1430 4107 de
1455 4048 1600 4126 signorm

241 4135 365 4199 naturis.
392 4154 466 4212 quas
490 4145 648 4211 tantopere
674 4134 806 4193 deride-t:
833 4134 900 4193 dum
923 4134 1078 4194 consilium
1100 4135 1174 4212 ipsis
1191 4136 1285 4194 luisse
1299 4135 1354 4206 ait,
1380 4135 1453 4197 anui
1474 4145 1601 4214 tempora

242 4242 294 4299 per
320 4224 464 4299 imagines
488 4223 602 4281 zodiaci
633 4218 668 4281 lt
693 4223 869 4300 exprimere.

330 4310 406 4369 Esto
441 4327 469 4369 rt
504 4311 594 4368 tertia
629 4329 719 4368 causa
753 4310 864 4388 primae·
897 4309 1062 4387 permista,
1097 4331 1116 4368 a
1141 4309 1213 4369 Pico
1237 4310 1330 4370 ctiam
1358 4319 1597 4372 commemorata.

241 4419 316 4475 quac
342 4399 449 4460 cdi-cit.
475 4413 504 4456 ut
531 4419 552 4455 c=
569 4399 777 4457 oscillatione-s
804 4401 973 4458 ronrullae.
998 4399 1156 4458 humarum
1177 4409 1449 4474 repraesentantes
1469 4399 1597 4478 effigiem.

241 4487 425 4563 quorumdam
452 4486 667 4544 icilisiilcorurn
694 4488 812 4546 nomina
838 4489 1012 4548 irruerint.
1047 4488 1190 4545 historiae
1221 4505 1328 4565 rtempe
1359 4507 1414 4546 seu
1439 4507 1531 4549 verae
1552 4506 1597 4546 seu

242 4573 406 4632 l'abnlosae.
455 4573 521 4642 Quo
546 4575 573 4632 in
600 4593 689 4632 ceusu
715 4591 782 4635 scut
815 4575 970 4653 Cepheus.
1003 4576 1211 4640 ‚tolomeus
1242 4575 1442 4653 Cassiopeia,
1468 4578 1597 4637 Perseos.

241 4661 340 4719 Draco
365 4677 393 4719 ot
420 4663 506 4721 aliae.
555 4663 617 4720 Nec
643 4663 788 4723 dissimile
812 4683 896 4732 uero,
931 4665 1062 4722 uicissim
1086 4683 1123 4722 ex
1148 4684 1199 4730 co,
1233 4665 1313 4741 quod
1341 4665 1455 4742 vulgus
1486 4665 1595 4743 agrico-

240 4747 335 4806 larum
361 4749 508 4807 siderilms
524 4750 699 4826 quilrusdam
716 4753 885 4810 animalium
902 4753 1021 4810 nomina
1038 4752 1257 4829 transscripsit,
1281 4767 1367 4812 ortas
1393 4771 1465 4812 esse
1489 4751 1597 4814 fabulas

243 4853 289 4909 ps·
303 4838 362 4893 ura
386 4837 654 4896 corununtaticr·.·:
681 4858 818 4916 quorsum
841 4841 944 4899 reterri
963 4841 1079 4898 ridetur
1095 4839 1210 4918 Hydra.
1227 4839 1349 4910 Crater,
1370 4839 1503 4910 Contra,
1517 4839 1595 4903 ΓΜ

241 4921 416 4996 tipiicclms
441 4943 506 4982 curn
532 4935 675 5000 >erp-eno.
704 4941 733 4985 ot
768 4929 891 4986 similos.
940 4927 1039 4996 tlnanr
1071 4929 1222 4988 hominum
1246 4929 1432 5008 periergiatn
1456 4915 1628 4992 heimo·

240 5007 338 5066 titillo
364 5011 399 5068 de
425 5011 601 5086 nstrata-ia
625 5013 724 5072 ridens
749 5016 1006 5086 artificio-issima,
1032 5026 1066 5076 ut
1089 5019 1139 5076 rix
1163 5016 1332 5092 discernas,
1356 5019 1446 5079 ludos
1469 5031 1594 5098 agata!
