3692 5842
754 519 834 588 capu
853 522 897 573 ur.
919 521 943 573 r.
1464 509 1525 593 135

170 697 272 760 Multa
295 698 376 762 enim
397 697 566 780 hujusmodi
590 708 661 763 sunt
684 701 772 762 aliter
795 699 823 761 iu
849 701 992 782 imagine,
1023 722 1110 783 quam
1135 702 1163 763 in
1187 722 1228 765 re.
1276 703 1393 766 Deinde
1416 715 1524 785 postn-

87 805 88 810 ’
170 788 267 850 latum
292 789 370 869 qnod
394 809 432 851 ex
456 792 552 852 fronte
576 790 645 852 libri
668 792 779 871 repetit
803 791 938 870 equidem
965 812 1021 852 non
1047 791 1198 871 intelligo,
1228 791 1285 853 nisi
1309 800 1451 872 quantum
1478 794 1525 855 lric

170 875 248 938 lucis
272 878 448 941 Alhazenus
471 879 572 941 Arabs
603 880 735 960 praefert
761 879 810 942 lib.
836 877 866 951 5,
890 880 927 941 N.
953 877 982 948 9,
1011 878 1060 943 10.
1086 881 1163 942 unde
1187 880 1313 942 Vitellio
1338 903 1393 945 sna
1422 893 1524 945 trans-

169 965 253 1028 tulit.
270 964 314 1041 ¹²)

260 1056 437 1118 Albazenus
462 1056 547 1118 initio
571 1056 686 1136 prolixe
711 1056 749 1117 ab
773 1056 958 1137 experientia
980 1057 1097 1137 probat,
1124 1058 1220 1119 locum
1246 1058 1383 1138 imaginis
1408 1078 1526 1140 semper

168 1163 240 1205 esse
265 1145 297 1207 in
322 1146 559 1226 perpendiculari
584 1166 621 1208 ex
640 1166 671 1207 re
696 1166 786 1226 snpra
810 1146 995 1226 superficiem
1019 1146 1142 1226 speculi.
1181 1147 1297 1208 Deinde
1319 1148 1358 1210 N.
1384 1144 1404 1211 9
1428 1158 1460 1210 et
1485 1147 1525 1221 10

169 1234 279 1296 nititur
312 1235 400 1312 hujus
423 1236 466 1296 rei
489 1256 597 1296 causas
629 1236 764 1297 reddere.
812 1234 954 1296 Ceterum
987 1252 1041 1312 ego
1071 1256 1107 1296 ne
1140 1234 1186 1296 hic
1218 1237 1334 1316 quidem
1368 1237 1523 1318 quicquam

170 1323 280 1386 melius
317 1325 469 1402 intelligo,
504 1326 562 1386 nisi
586 1325 663 1387 bauo
687 1325 822 1386 ultimam
851 1324 1040 1388 sententiam.
1088 1337 1197 1399 Rerum,
1221 1325 1324 1404 inquit,
1356 1338 1523 1391 naturalium

172 1421 264 1468 status
278 1414 393 1485 respicit
407 1416 476 1469 situs
492 1433 602 1470 suorum
616 1416 819 1485 principiorum,
842 1422 871 1468 et
885 1415 1020 1484 principia
1034 1433 1124 1470 rerum
1146 1417 1313 1470 naturalium
1327 1425 1392 1470 sunt
1406 1418 1522 1472 occulta.

171 1490 289 1561 Quibus
318 1493 418 1555 verbis
447 1494 505 1554 duo
534 1495 625 1556 dicit:
659 1494 785 1575 primum
809 1493 918 1571 repetit
943 1494 973 1554 id
999 1495 1109 1573 ipsum,
1145 1496 1221 1573 quod
1251 1504 1317 1556 erat
1339 1496 1523 1575 propositum

170 1580 261 1652 (nibil
284 1582 365 1644 eninr
397 1583 476 1644 aliud
510 1585 654 1658 sonant),
687 1583 793 1644 deinde
829 1602 951 1643 cansam
984 1583 1194 1663 subjunctums
1234 1584 1308 1645 dicit
1334 1584 1416 1645 illam
1456 1603 1523 1648 esso

174 1671 336 1733 occultam.
382 1672 428 1733 At
450 1671 506 1733 lmc
531 1692 589 1734 non
613 1682 661 1734 est
684 1673 899 1733 demonstrare.

265 1760 397 1822 Videtur
419 1771 520 1822 tamen
543 1762 599 1823 huc
614 1762 757 1833 alludere,
772 1761 848 1821 hane
871 1760 1012 1839 imaginis
1032 1759 1060 1820 in
1085 1761 1321 1839 perpendiculari
1345 1761 1524 1824 locationem

165 1850 231 1928 jam
257 1848 330 1911 olim
355 1870 373 1909 a
397 1849 462 1911 Deo
486 1850 639 1913 conditore
663 1852 705 1912 sic
735 1869 801 1910 esse
834 1850 1043 1921 constitutam,
1079 1850 1155 1928 quod
1185 1850 1228 1910 sic
1257 1859 1340 1911 essct
1369 1851 1523 1931 optimum,

173 1956 230 1999 nec
255 1938 376 2018 dignior
409 1939 530 2018 imagini
555 1942 638 2001 locus
671 1938 794 2000 attribui
826 1937 937 2019 possit,
971 1938 1049 2017 qnod
1072 1937 1182 2017 probat
1204 1960 1223 1998 a
1245 1939 1321 2000 situs
1351 1939 1523 2002 idemtitats

169 2033 226 2088 ant
260 2027 414 2089 contraria
446 2028 623 2089 variatione.
679 2028 804 2089 Vitellio
837 2027 933 2107 ipsum
969 2035 1089 2087 secutus
1124 2026 1215 2088 etiarn
1247 2028 1283 2088 de
1316 2028 1415 2088 anima
1448 2048 1523 2108 quae

171 2115 285 2177 risioni
310 2117 480 2195 praesidet,
510 2118 696 2197 suspiciones
720 2116 862 2195 concipit,
896 2116 982 2195 qnasi
1006 2116 1080 2176 haec
1105 2123 1187 2176 certo
1217 2116 1346 2197 quodam
1370 2137 1423 2178 suo
1447 2136 1521 2179 con-

171 2204 241 2266 silio
267 2207 454 2284 specularias
478 2207 612 2269 rationes
637 2208 804 2268 constituat
828 2206 876 2266 lib.
903 2203 932 2278 5,
959 2225 988 2284 p.
1017 2201 1064 2266 18.
1086 2200 1125 2277 ¹⁸)

264 2294 362 2375 Atqui
380 2296 438 2356 hae
454 2296 627 2357 affectiones
642 2315 745 2356 omnes
764 2295 858 2354 visum
876 2314 912 2355 ex
929 2293 1076 2355 materiali
1093 2293 1276 2354 necessitate
1292 2302 1521 2375 consequuntur,

173 2381 224 2444 ubi
249 2384 333 2444 nulla
357 2383 423 2445 finis
446 2393 499 2446 aut
522 2384 751 2464 pulchritudinis
775 2383 974 2444 consideratio
998 2383 1096 2444 locum
1119 2382 1219 2444 lrabet.

257 2472 424 2535 Praeterea
450 2474 624 2535 Alhazenus
651 2474 681 2534 in
714 2474 803 2552 plano
837 2473 959 2552 speculo
988 2472 1024 2531 ad
1060 2473 1218 2533 veritatem
1249 2471 1371 2551 propius
1405 2473 1523 2552 quidem

172 2558 286 2636 alludit,
310 2561 353 2623 sic
370 2571 478 2636 tamen,
499 2571 531 2623 ot
546 2563 650 2624 statim
666 2561 812 2623 instantia
827 2561 927 2641 aliqua
942 2562 1038 2640 ipsum
1057 2562 1185 2634 refellat,
1207 2561 1285 2632 dnm,
1304 2560 1406 2640 inquit,
1422 2561 1521 2643 imago

169 2651 303 2712 cernitur
322 2651 351 2711 in
375 2651 596 2730 perpendiculo,
617 2652 732 2728 justam
748 2660 779 2712 et
798 2651 841 2711 rei
865 2651 959 2730 ipsius
973 2649 1067 2711 habet
1090 2649 1335 2728 magnitudinem.
1374 2650 1418 2711 At
1440 2651 1521 2713 insto

168 2755 245 2818 ego:
270 2758 329 2802 non
355 2759 422 2801 esse
447 2760 579 2809 necesse,
604 2748 638 2801 ut
656 2740 770 2819 justam
796 2740 932 2800 obtineat
954 2738 1197 2819 magnitudinem,
1222 2747 1326 2818 patere
1350 2758 1387 2799 ex
1410 2740 1520 2814 curvis,

170 2825 220 2888 ubi
244 2847 365 2906 semper
388 2839 520 2891 mutatur
544 2829 705 2910 quantitas.
754 2826 874 2899 Quaero
899 2846 980 2907 ergo,
1006 2828 1074 2907 quid
1099 2847 1207 2889 causae
1228 2827 1269 2888 sit
1292 2847 1344 2889 cur
1367 2828 1467 2908 potius
1490 2829 1521 2892 in

168 2916 263 2996 plano
286 2936 360 2979 vera
383 2918 537 2998 quantitas
562 2918 717 2993 habeatur,
743 2938 831 2998 quam
855 2919 884 2980 in
908 2935 1008 2979 curvo.

257 3004 319 3068 Sed
344 3007 416 3068 illud
439 3008 560 3088 insuper
583 3008 776 3069 vehementer
790 3007 889 3087 arguit
908 3006 1033 3085 opticus,
1059 3004 1137 3086 qnod
1151 3023 1210 3065 uon
1234 3006 1358 3067 eandem
1383 3013 1522 3069 statuunt

169 3113 297 3156 causam
321 3096 409 3176 hujus
433 3098 485 3170 rei,
512 3117 576 3158 cunr
602 3098 628 3158 in
654 3097 877 3176 repercussione
902 3104 963 3156 turn
988 3096 1016 3156 in
1041 3094 1231 3156 refractione.

258 3184 384 3246 Vitellio
410 3183 459 3246 lib.
488 3184 536 3248 10.
561 3206 606 3266 pr.
638 3183 672 3247 13
698 3186 966 3257 demonstraturus,
991 3183 1149 3263 imaginem
1171 3183 1382 3244 arefractione
1409 3185 1521 3247 iactam

165 3272 308 3335 similiter
340 3275 368 3335 in
402 3275 639 3355 perpendiculari
672 3275 855 3347 consistere,
890 3293 965 3353 quae
999 3293 1017 3333 a
1044 3291 1076 3333 re
1105 3271 1134 3332 in
1168 3272 1353 3352 superficiem
1386 3273 1520 3354 corporis

168 3361 319 3424 densioris
344 3363 470 3439 ducitur,
494 3364 749 3426 verbaAllrazeni
773 3364 901 3425 fideliter
924 3364 1026 3435 refert,
1052 3361 1151 3430 credo,
1176 3362 1325 3441 quianon
1350 3363 1520 3426 consultum

165 3471 236 3512 esse
260 3452 393 3532 putavit,
429 3454 484 3514 hoc
508 3455 591 3515 ulcus
623 3462 746 3532 tangere
777 3462 828 3514 ant
858 3470 914 3512 non
943 3452 1032 3531 plane
1065 3450 1221 3512 intellecta
1251 3458 1364 3512 temere
1392 3459 1518 3514 mutare.

165 3543 430 3621 Argumentantur
460 3564 496 3604 ex
529 3542 744 3621 compositione
778 3550 877 3603 motus
911 3540 1041 3621 obliqui,
1076 3541 1154 3619 quod
1184 3542 1210 3602 is
1242 3540 1283 3600 sit
1312 3558 1349 3599 ex
1381 3547 1463 3601 recto
1488 3547 1520 3602 et

162 3631 313 3710 parallelo
343 3632 381 3692 ad
410 3633 594 3712 superficiem
627 3632 784 3692 densioris.
832 3629 1054 3692 Cmmexioncm
1087 3629 1247 3690 difficulter
1277 3628 1394 3702 videas,
1429 3647 1518 3707 quam

165 3720 226 3782 etsi
251 3719 399 3781 admittas
421 3741 478 3782 non
504 3731 604 3782 tamen
628 3720 761 3801 prodibit
792 3720 943 3781 conclusio
968 3719 1183 3780 mathematica
1206 3711 1284 3799 ejus,
1319 3718 1397 3796 quod
1420 3737 1517 3798 pone-

163 3810 279 3870 batur:
318 3829 412 3890 neque
436 3812 555 3878 statim,
590 3810 614 3871 si
644 3818 776 3880 constet,
810 3809 944 3869 alludere
976 3807 1135 3886 imaginem
1165 3809 1203 3869 ad
1231 3806 1517 3887 perpendicularem,

165 3897 290 3978 patebit
313 3897 380 3961 ideo
404 3911 435 3960 et
458 3900 486 3960 in
512 3900 579 3979 ipsa
601 3898 838 3979 perpendiculari
863 3896 1038 3959 consistere.

258 3987 387 4049 Vitellio
416 3988 567 4068 subjungit
595 3988 743 4050 Alhazeni
776 3988 943 4049 sententiae
967 3988 997 4048 id
1027 3985 1104 4065 quod
1137 3984 1331 4064 impertinens
1356 3992 1387 4045 et
1410 3985 1519 4047 salsum

166 4078 250 4138 cirea
274 4078 531 4157 repercussionem
556 4096 645 4156 supra
670 4078 697 4137 in
717 4077 842 4138 Euclide
866 4084 1087 4137 notaveramus.
1115 4085 1174 4147 .si,
1198 4075 1301 4153 inquit,
1331 4091 1462 4154 punctum
1492 4084 1519 4138 in

164 4167 310 4238 superficie
331 4168 475 4237 diaphrrni,
498 4168 540 4221 cui
562 4168 656 4221 incidit
682 4168 915 4237 perpendicularis
938 4186 974 4221 ex
995 4185 1025 4221 re
1047 4167 1118 4227 visa,
1146 4165 1291 4236 contingat
1317 4164 1447 4219 abscondi
1468 4179 1519 4234 per

163 4257 402 4328 interpositionem
425 4258 504 4326 opaci
525 4257 611 4311 risum
634 4258 706 4310 inter
728 4264 758 4310 et
779 4257 855 4319 illud,
881 4274 924 4309 res
947 4257 997 4310 illa
1016 4274 1069 4310 non
1092 4255 1235 4307 videbitur.
1260 4244 1381 4304 Falsum
1396 4242 1517 4321 inquam

164 4345 221 4398 est
268 4336 348 4398 Nam
380 4337 536 4397 dummodo
570 4336 694 4397 liberum
728 4337 767 4396 sit
799 4346 960 4415 punctum,
998 4357 1016 4396 a
1045 4353 1101 4415 quo
1135 4333 1235 4394 radius
1260 4352 1298 4392 ex
1326 4352 1357 4394 re
1391 4331 1458 4392 visa
1480 4330 1519 4392 ad

163 4425 282 4487 oculum
309 4426 503 4504 refringatur,
529 4426 647 4486 omnino
672 4426 769 4504 imago
794 4426 835 4485 rei
861 4425 888 4485 in
914 4425 1059 4503 profundo
1093 4422 1239 4484 radiantis
1272 4421 1430 4483 videbitur.
1476 4419 1520 4482 Et

163 4514 283 4595 quidem
308 4515 405 4594 prima
433 4524 523 4595 atque
554 4513 720 4576 evidentior
752 4522 889 4576 occurret
922 4515 1020 4593 imago
1050 4513 1151 4592 opaci,
1186 4512 1262 4592 quod
1294 4511 1359 4591 jam
1392 4510 1518 4571 dicimus

163 4612 251 4685 parte
276 4604 322 4664 sui
347 4603 377 4664 in
406 4624 512 4685 aquarn
547 4603 678 4682 demergi
704 4613 735 4665 et
763 4603 926 4682 interponi,
961 4624 997 4665 ex
1026 4621 1203 4681 repercussu
1231 4600 1396 4662 constituta
1427 4601 1518 4679 (quae
1625 4672 1629 4682 Ι

163 4713 213 4755 res
238 4694 369 4754 sortasse
394 4694 589 4754 Vitellionem
625 4693 762 4767 fefellit),
797 4694 895 4753 altera
918 4712 990 4754 vero
1014 4703 1045 4753 et
1077 4691 1172 4753 minus
1206 4691 1328 4752 evidens
1353 4690 1452 4769 imago
1476 4687 1517 4750 rei

162 4784 193 4845 in
217 4783 367 4862 profundo
392 4783 552 4855 radiantis,
586 4801 640 4861 per
664 4783 873 4844 refractionem
902 4782 1084 4853 constituta,
1119 4781 1222 4841 eodem
1246 4780 1312 4841 loco
1336 4798 1402 4840 oum
1425 4776 1518 4858 priori

165 4872 253 4952 opaci
278 4871 408 4952 imagine
432 4872 558 4934 confusa
582 4880 634 4932 aut
657 4873 746 4951 paulo
771 4880 856 4932 trans
880 4872 962 4933 illam
987 4869 1153 4952 apparebit.

252 4969 301 5032 Ex
334 4970 480 5032 hocloco
512 4971 602 5032 etiam
636 4971 708 5033 illud
743 4971 906 5044 refutatur,
934 4971 1014 5050 ¹quod
1049 4968 1136 5029 modo
1171 4965 1298 5028 diximus
1330 4963 1519 5026 Alhazenum

162 5061 246 5123 cirea
267 5059 352 5140 plani
376 5059 490 5141 speculi
514 5059 785 5122 considerationem
809 5078 991 5140 usurpasse:
1016 5078 1054 5120 er
1077 5055 1216 5137 imaginis
1240 5052 1410 5137 quantitate
1434 5052 1517 5134 sequi
