3692 5842
239 472 304 541 684
719 476 758 528 Da
777 476 858 530 stella
873 477 946 530 Nom
962 477 1114 543 Ssrpsntarii

239 654 265 716 si
289 652 380 715 stella
401 653 477 715 haec
500 654 563 715 tale
591 654 690 715 lumen
719 654 793 716 luit:
823 655 888 735 jnm
912 655 1100 718 patricianus
1130 652 1258 734 aliquis,
1282 652 1337 734 qni
1361 653 1530 718 utaris!
1548 651 1592 716 illi

239 751 396 822 tantopere
421 750 531 821 negat,
556 742 736 822 praestigias
759 745 873 806 axilla
896 745 1021 818 lecerit,
1042 750 1098 806 snt
1117 743 1206 823 plana
1228 741 1363 806 dirim
1390 741 1497 806 lumen
1519 743 1594 804 intss

239 829 391 893 naturalia
421 829 649 893 circumstantia
680 831 815 894 infinita:
848 833 879 894 id
901 833 981 936 qnod
1007 849 1065 912 ego
1092 831 1181 894 laciln
1209 831 1364 907 conmdn,
1398 841 1437 894 ut
1458 830 1529 913 qsis
1548 831 1592 894 ssi

239 919 388 1000 placuerit
411 920 523 981 credat
569 920 604 981 In
627 937 771 998 praesens
796 941 866 984 vero
881 921 961 983 viam
983 927 1078 994 tento,
1101 920 1214 1002 quaid,
1238 920 1319 1001 qnod
1336 920 1421 982 intur
1445 919 1593 982 naturalis

239 1008 393 1088 apparuit,
425 1007 613 1070 naturalibus
642 1009 734 1071 etiam
766 1010 916 1090 requisitis
948 1010 1105 1072 instruam.
1149 1009 1214 1072 Nec
1236 1008 1321 1070 alind
1343 1008 1506 1072 Patricius
1526 1009 1594 1087 egit.

241 1116 329 1177 quam
353 1104 387 1157 ut
409 1096 478 1159 illos
508 1106 648 1158 aetemoa
678 1099 859 1160 coelorum
851 1117 952 1178 ignes,
986 1117 1060 1178 quos
1092 1106 1217 1160 naturae
1242 1105 1353 1178 partes
1373 1115 1450 1160 ease
1479 1097 1595 1168 scius,

240 1185 457 1247 immateriatos
488 1186 680 1260 ostenderet·
708 1187 818 1268 qnod
811 1207 839 1248 m
863 1205 1008 1266 praesens
1037 1186 1096 1267 ipsi
1119 1203 1206 1266 nego.
1251 1185 1347 1248 Dicat
1368 1184 1469 1266 igitur
1491 1186 1594 1266 aliqn’u

241 1274 340 1352 ignem
365 1283 417 1335 ant
441 1274 538 1362 lumen
561 1274 633 1337 mihi
656 1276 721 1336 sine
745 1275 890 1355 subjecto.
938 1274 972 1338 Si
996 1276 1086 1338 ullum
1109 1284 1158 1336 eat
1184 1274 1421 1354 exemplum,
1411 1293 1505 1354 rgnss
1526 1275 1595 1336 istri

243 1371 329 1436 sunt;
363 1373 397 1423 at
419 1363 440 1423 ii
464 1363 544 1424 circa
574 1363 724 1442 uliginosa
752 1364 818 1425 loca
841 1372 872 1426 et
894 1365 1021 1442 paludes
1052 1364 1212 1439 oberrant;
1244 1373 1280 1424 nt
1306 1371 1453 1437 constet,
1483 1383 1537 1424 cns
1557 1363 1595 1424 mi

241 1452 342 1532 pingui
366 1451 558 1512 exhalatione
577 1470 631 1531 prn
655 1453 800 1532 subjecto.
829 1453 1046 1532 Trajectionea,
1071 1471 1133 1514 rem
1147 1453 1245 1514 stellis
1268 1451 1474 1522 simillimam,
1495 1449 1597 1532 prnbst

242 1540 427 1604 Aristoteles
451 1559 507 1601 sua
528 1549 667 1601 constare
691 1542 834 1613 materia,
859 1549 891 1602 et
908 1542 1010 1603 docuit
1024 1560 1070 1602 me
1085 1542 1156 1602 clim
1178 1540 1376 1620 experientis,
1403 1559 1476 1602 cnm
1495 1541 1595 1620 tugis·

242 1630 271 1691 iu
297 1628 353 1689 hac
376 1629 449 1688 urbe
473 1637 569 1689 ortum
602 1637 684 1689 esset
714 1629 902 1704 incendium
934 1630 1034 1709 plures
1064 1648 1123 1690 nna
1154 1637 1242 1691 nocte
1273 1629 1362 1690 coelo
1395 1647 1513 1690 serem
1540 1627 1596 1692 vti

242 1717 451 1796 trajectioues,
484 1735 571 1795 quam
595 1718 711 1796 integro
740 1719 883 1779 decennio
912 1725 1064 1780 anteacto.
1108 1717 1221 1797 Aliqua
1247 1717 1342 1798 igitur
1364 1735 1425 1780 sen
1453 1717 1597 1798 pinguia·

242 1825 295 1867 seu
319 1805 405 1866 arida
425 1805 552 1866 materia
570 1816 657 1867 aestu
680 1806 826 1868 subvecta
848 1808 877 1868 in
893 1807 1033 1886 frigidum
1056 1811 1156 1868 serem
1170 1815 1203 1867 nt
1216 1805 1406 1868 distributim
1430 1805 1597 1870 sonaim

242 1903 406 1973 coactaque
439 1894 468 1955 in
502 1893 638 1973 globulos
672 1901 704 1956 et
735 1896 779 1956 sic
811 1896 936 1957 incensa
966 1914 1019 1956 seu
1057 1896 1152 1956 mavis
1190 1895 1361 1957 illuminata
1403 1903 1458 1958 tot
1487 1895 1597 1976 specics

243 1982 379 2045 exhibuit
402 1982 512 2062 ignium
536 1983 774 2046 discurrentium.
821 1985 856 2045 ln
879 2003 996 2046 summa
1018 1983 1092 2046 nihil
1111 1983 1214 2046 horum
1236 1984 1301 2046 sine
1327 1985 1475 2048 marens.
1521 1981 1597 2047 cis-

245 2072 399 2134 cludamus
430 2072 521 2151 igitur
553 2090 664 2150 magna
696 2073 976 2134 verisimilitudine:
1008 2073 1165 2134 materiam
1196 2091 1273 2134 noro
1302 2069 1400 2134 sideri
1435 2073 1597 2152 praeatus

242 2162 292 2222 uel
315 2161 472 2241 pinguem,
502 2179 578 2242 quae
602 2160 712 2241 frigore
737 2161 826 2224 luerit
852 2162 993 2231 incensa,
1021 2171 1055 2222 nt
1077 2161 1291 2241 traiectiones:
1325 2161 1375 2223 rel
1400 2163 1598 2241 squesnr,is

246 2271 306 2332 qna
328 2269 380 2311 seu
405 2248 458 2312 Sol
482 2269 534 2310 sen
559 2251 707 2312 internum
732 2250 829 2310 lumen
853 2250 1016 2311 refulserit.
1061 2251 1164 2311 Habet
1190 2260 1348 2329 utmrnque
1371 2250 1597 2330 probabilitatis

242 2340 366 2418 aliquid.
431 2339 508 2400 liam
547 2339 625 2417 quod
660 2338 865 2418 trajectoriam
907 2340 1037 2411 attinet,
1078 2339 1139 2399 ridi
1177 2339 1347 2418 nuperrime
1383 2358 1471 2402 anno
1511 2335 1598 2404 1605.

243 2423 329 2509 8118.
347 2427 531 2500 Decembris,
551 2428 614 2506 jam
630 2429 785 2507 ingruente
801 2436 870 2505 post
884 2436 1017 2507 teporem
1037 2427 1122 2506 justo
1141 2427 1261 2505 frigore,
1286 2427 1415 2488 stellam
1434 2429 1598 2500 cadestn

243 2517 359 2590 Novae,
384 2518 481 2597 qualis
496 2516 580 2577 initio
596 2516 689 2590 fulsit,
710 2517 902 2591 simillimam,
922 2515 1177 2583 candidissimam,
1200 2515 1460 2594 limpidissimam,
1479 2515 1599 2580 muns

242 2605 441 2666 dissilientem
466 2605 642 2686 aliquoties,
672 2605 767 2664 instar
791 2605 989 2666 artificialium
1017 2604 1130 2685 ignium
1152 2621 1227 2684 quos
1250 2602 1412 2667 rnlretnlns
1436 2606 1597 2686 appellant

242 2694 356 2756 Plinius
389 2693 505 2756 bolides
537 2693 660 2754 diceret.
715 2693 772 2754 Pro
805 2712 899 2773 aqueo
930 2713 1002 2755 vero
1034 2693 1124 2770 globo
1155 2693 1270 2754 iaciunt
1300 2693 1425 2756 colores
1459 2695 1544 2758 iridis
1571 2707 1598 2756 ιι

242 2783 429 2857 scintillatio,
455 2802 543 2863 quarn
567 2781 748 2844 sententiam
773 2790 804 2843 et
825 2782 856 2843 in
880 2780 999 2862 Optiois
1023 2781 1122 2861 tetigi.

799 3238 920 3338 Caput
948 3237 1037 3313 XX.

399 3424 453 3484 Aa
466 3422 540 3506 jana
562 3417 639 3482 olim
662 3420 817 3482 exstiterit
838 3418 975 3480 necteria
999 3438 1170 3498 corpusque
1192 3417 1278 3480 Noni
1301 3417 1445 3482 Sideris.

328 3579 385 3640 llic
404 3580 467 3658 jann
500 3577 670 3658 quaeritur,
704 3578 781 3637 undc
814 3577 923 3638 stellae
952 3577 982 3637 in
1013 3596 1128 3638 summo
1160 3577 1285 3638 aethere
1326 3585 1419 3640 tanta
1459 3579 1595 3642 materiae

240 3669 344 3742 moles,
370 3687 446 3747 quae
470 3667 605 3728 sufficere
630 3666 727 3745 potuit
750 3665 789 3726 ad
813 3673 931 3726 tanturn
955 3665 1123 3727 incendium
1146 3666 1418 3730 inflammandum?
1448 3669 1519 3732 Non
1542 3668 1595 3730 nti·

148 3814 150 3818 .
240 3777 296 3837 que
321 3775 358 3815 ex
381 3756 476 3816 Terra
498 3764 614 3826 nostra,
638 3773 675 3814 ex
690 3773 748 3833 qua
767 3753 839 3814 fumi
858 3753 964 3833 reliqui
990 3754 1262 3832 trajectionesquc;
1286 3755 1378 3816 nimio
1404 3757 1489 3819 enim
1511 3775 1597 3838 parus

240 3853 289 3906 est
313 3846 351 3905 nd
376 3844 457 3904 illam
490 3842 726 3922 amplitudinem.
774 3840 889 3912 Quodsi
923 3842 988 3920 quis
1022 3843 1168 3904 morosius
1192 3842 1240 3903 hic
1268 3842 1392 3924 obloqui
1427 3846 1597 3920 contendat.

241 3942 294 3994 ant
315 3932 472 3994 materiam
497 3950 534 3991 ex
558 3932 651 3992 Terra
675 3932 804 3992 educens
827 3931 857 3992 in
881 3931 1035 3992 aetherem
1059 3938 1114 3991 aut
1135 3932 1257 3992 stellam
1280 3950 1319 3992 ex
1344 3933 1474 3996 aethera
1497 3935 1595 3996 detra·

240 4022 315 4082 heus
338 4020 393 4081 sub
420 4020 552 4081 Lunam:
578 4020 645 4080 huic
665 4040 721 4098 ego
745 4019 895 4099 praedico,
920 4037 966 4080 me
986 4019 1142 4080 obduratis
1158 4020 1279 4081 auribus
1302 4021 1460 4086 exiturum
1484 4043 1501 4084 e
1521 4023 1596 4103 pssi-

239 4119 326 4189 pato,
359 4108 464 4170 relicto
495 4108 545 4168 illo
576 4108 725 4170 clamante
750 4118 780 4170 et
804 4106 985 4168 insaniente.
1031 4107 1111 4170 Nam
1140 4117 1311 4170 assertores
1335 4118 1400 4172 tam
1431 4113 1598 4192 pertinaces

241 4218 297 4258 non
322 4196 411 4258 aliter
434 4195 651 4270 obmutescunt,
678 4197 734 4257 nisi
750 4196 831 4275 prior
849 4196 1004 4256 obfirmato
1025 4197 1147 4258 silentio
1169 4197 1318 4259 clamores
1343 4198 1485 4278 ipsorum
1498 4201 1597 4281 negit-

240 4285 330 4347 xeris.
369 4285 434 4362 Ego
458 4304 522 4345 curn
547 4286 650 4365 aequis
665 4305 761 4364 agam.
800 4283 929 4345 Primum
946 4286 982 4344 de
1002 4285 1208 4363 magnitudine
1233 4305 1291 4347 non
1315 4298 1367 4348 est
1391 4287 1597 4358 laborandum.

241 4374 266 4433 si
290 4374 327 4433 de
352 4373 416 4433 loco
440 4381 580 4447 coustat;
605 4374 650 4435 cui
668 4375 803 4452 equidem
820 4392 876 4432 non
898 4373 993 4452 major
1017 4374 1074 4435 suit
1089 4375 1163 4436 haec
1182 4376 1284 4449 stella,
1310 4394 1402 4455 quam
1429 4389 1482 4441 est
1503 4379 1597 4458 sliqna

241 4461 378 4540 trajectio
402 4471 504 4521 nostro
529 4462 601 4521 oiri.

329 4549 406 4609 Sunt
430 4558 530 4608 autem
553 4551 629 4610 duae
653 4550 840 4618 sententias,
866 4567 942 4629 quae
966 4550 1005 4610 ad
1029 4571 1090 4611 rem
1115 4550 1247 4625 iaciunt,
1278 4552 1381 4614 altera
1403 4573 1530 4628 eorum,
1553 4555 1596 4636 qui

241 4646 354 4714 negant
376 4636 444 4697 nori
469 4637 538 4716 quid
557 4637 585 4697 in
610 4640 693 4699 coelo
717 4647 787 4717 post
810 4639 935 4717 primum
955 4637 1028 4699 illud
1051 4639 1213 4701 creationis
1237 4640 1426 4706 sabbathum
1453 4646 1594 4708 existere·

241 4724 294 4783 sed
319 4724 414 4785 latere
443 4724 612 4803 hujusmodi
640 4745 765 4828 corpora
788 4727 816 4787 in
842 4727 969 4807 quodam
998 4737 1125 4789 naturae
1153 4729 1341 4807 promtuaria
1366 4731 1439 4794 inde
1465 4755 1485 4794 a
1507 4749 1596 4796 rerum

241 4812 353 4889 origine
378 4814 511 4873 carentis
535 4815 663 4888 lumine;
688 4815 744 4875 nisi
761 4817 878 4893 quando
893 4816 959 4875 Deo
984 4815 1080 4878 nisum
1104 4818 1204 4892 fuerit,
1212 4817 1345 4919 aliquid
1361 4839 1417 4900 per
1437 4821 1594 4902 illasigni·

241 4899 348 4959 heare:
372 4900 464 4961 ceteri
489 4921 569 4975 uero,
593 4923 649 4963 non
675 4904 771 4963 lumen
796 4912 913 4965 tautum
936 4905 991 4965 sed
1011 4915 1042 4966 et
1060 4925 1188 4985 corpora
1210 4906 1279 4986 ipsa
1303 4907 1333 4970 in
1358 4911 1449 4973 cneio
1473 4911 1593 4974 existere

241 4987 396 5064 repentina
420 4996 451 5049 et
474 5007 570 5050 nova:
604 5011 656 5052 seo
680 5001 818 5054 creentur
842 4992 983 5054 absoluta
1006 4991 1060 5055 illa
1091 4994 1212 5056 divinae
1244 4997 1425 5078 majestatis
1454 5011 1594 5083 potem
