3692 5842
869 495 1004 545 Praelatio.
1552 497 1613 564 521

255 666 366 728 timide
389 668 518 730 dimittit
541 689 557 730 ε
581 671 734 744 manibus,
760 671 824 750 ipse
848 680 955 733 contra
978 671 1038 733 levi
1061 671 1142 734 nictu
1167 672 1243 734 oculi
1268 671 1359 752 optici
1382 672 1519 734 fiduciam
1544 695 1619 737 con-

255 755 344 834 cepit
367 756 444 818 alius
469 757 624 836 cujusdam
649 759 813 822 tardissimi
838 771 936 822 motus
957 761 1068 823 Terrae
1092 761 1311 840 pervestigati:
1336 780 1393 841 quo
1412 761 1510 842 posito
1534 766 1619 844 sequi

255 854 366 922 putat,
399 853 433 907 ut
455 847 531 907 fixae
555 859 667 910 motum
696 849 857 910 videantur
884 849 985 910 sortiri
1017 850 1226 929 inaequalem:
1261 850 1377 931 qualem
1402 851 1526 913 ferarum
1551 873 1618 913 esse

255 942 391 1006 motum,
424 937 590 997 seculorum
620 938 723 1020 dispar
750 958 913 1000 consensus
944 946 1082 1000 testetur.
1102 936 1144 1011 ²¹)
1195 939 1290 1019 Atqui
1314 958 1331 999 o
1354 939 1454 1011 Pena,
1479 940 1535 1001 hoc
1560 960 1616 1001 non

256 1032 309 1082 est
333 1024 540 1085 commendare
564 1027 783 1104 praestantiam
804 1028 930 1106 optices,
956 1027 1120 1088 sollicitare
1141 1027 1204 1106 ejus
1224 1029 1303 1088 vires
1318 1029 1346 1089 in
1367 1028 1456 1089 rebus
1475 1029 1617 1109 impossi-

255 1110 380 1172 bilibus.
429 1110 603 1175 Generosos
629 1116 748 1177 omnino
774 1116 829 1177 fuit
851 1116 1059 1194 Bucephalus,
1092 1117 1150 1176 etsi
1179 1117 1290 1195 Pegasi
1321 1118 1386 1176 alas
1420 1116 1531 1179 imitari
1560 1138 1618 1178 non

254 1199 368 1278 potuit.
420 1199 463 1261 Et
495 1202 521 1262 si
555 1204 620 1282 quis
651 1205 856 1284 Bucephalum
891 1213 1022 1265 testatus
1059 1206 1212 1265 volantem
1250 1214 1442 1283 conspectum
1473 1217 1618 1285 arguatur

256 1287 339 1362 falsi,
365 1306 424 1350 uon
449 1289 516 1351 ideo
540 1293 707 1372 Bucephali
737 1294 834 1372 gloria
862 1294 1036 1355 conciderit.
1084 1294 1215 1355 Nimium
1239 1314 1256 1354 0
1280 1295 1364 1354 Pena
1391 1295 1518 1355 recessit
1543 1295 1617 1356 haec

255 1384 312 1439 tua
334 1377 527 1440 ratiocinatio
552 1401 570 1440 a
597 1381 751 1461 principiis
786 1382 912 1462 opticis‚
947 1382 1068 1443 nimium
1101 1383 1197 1443 multa
1227 1382 1305 1444 inter
1336 1390 1418 1443 tuum
1451 1392 1616 1445 assumtum

257 1464 392 1544 opticum
424 1466 559 1547 interque
584 1470 613 1530 id
639 1470 716 1550 quod
740 1472 808 1532 inde
839 1471 992 1531 concludis
1025 1471 1224 1532 intercedunt.
1272 1471 1402 1532 Primum
1427 1491 1484 1533 non
1513 1473 1616 1552 tetigit

255 1563 287 1615 te
312 1555 485 1616 sollicitudo
509 1558 562 1618 illa
586 1578 676 1636 super
699 1560 829 1620 veritate
855 1559 1107 1628 observationum,
1131 1578 1205 1639 quas
1226 1580 1264 1621 ex
1287 1560 1340 1621 illa
1362 1560 1511 1639 profunda
1534 1563 1615 1622 anti-

256 1641 376 1723 quitate
397 1645 563 1723 allegamus
580 1647 676 1708 hodie.
714 1648 830 1708 Deinde
850 1656 962 1709 motum
984 1649 1107 1709 fixamm
1133 1648 1248 1728 allegas
1265 1656 1298 1710 ut
1312 1668 1375 1711 rem
1395 1650 1488 1710 oculis
1508 1650 1614 1712 risam.

255 1732 353 1811 Atqui
377 1731 467 1794 nimio
492 1735 616 1797 multum
641 1737 729 1798 abest
753 1737 791 1797 ab
816 1738 966 1798 oculorum
991 1745 1171 1816 conspectu:
1202 1737 1465 1798 subtilissimarum
1489 1740 1614 1800 ratioci-

254 1821 411 1883 nationum
436 1823 524 1884 trium
548 1825 575 1884 in
601 1845 689 1886 unum
713 1826 938 1903 compositione,
963 1845 1017 1886 neo
1037 1846 1074 1886 ea
1101 1825 1304 1900 strictissima,
1329 1826 1379 1886 vix
1394 1827 1517 1887 tandem
1541 1846 1614 1906 pro-

259 1909 403 1971 nunciare
428 1913 519 1972 audet
543 1922 742 1985 astronomus,
767 1934 824 1994 quo
848 1914 964 1975 zodiaci
987 1915 1054 1975 loco
1079 1915 1183 1994 quovis
1207 1917 1308 1976 seculo
1332 1914 1392 1975 fara
1416 1916 1516 1995 aliqua
1539 1935 1612 1977 cou-

253 1999 359 2061 sistat.
405 1999 540 2080 Denique
565 2022 651 2081 quem
675 2012 707 2065 tu
732 2003 807 2064 dicis
831 2012 943 2064 motum
966 2003 1043 2064 fixae
1064 2024 1083 2064 a
1102 2012 1211 2083 puncto
1237 2003 1434 2082 aequinoctii,
1463 2004 1488 2064 is
1508 2014 1615 2066 contra

254 2086 412 2149 verissime
437 2098 485 2150 ost
508 2100 695 2153 retrocessus
723 2092 824 2171 puncti
858 2092 1085 2172 aequinoctialis
1119 2113 1138 2152 a
1166 2094 1225 2153 tixa
1255 2093 1363 2153 stella:
1397 2092 1445 2152 nbi
1470 2099 1611 2172 punctum

253 2175 477 2256 aequinoctiale
502 2179 677 2258 longissime
703 2181 824 2242 aberrat
848 2202 866 2240 a
887 2183 986 2241 Penae
1011 2180 1215 2260 conceptione.
1255 2179 1336 2252 Quid
1359 2181 1437 2241 enim
1463 2182 1543 2242 aliud
1565 2191 1613 2243 est

252 2274 399 2345 punctum
422 2266 655 2346 aequinoctiale,
691 2290 780 2351 quani
804 2269 984 2348 imaginaria
1018 2268 1190 2331 intersectis
1216 2271 1339 2331 duorum
1369 2269 1612 2348 imaginariorum

252 2353 444 2428 circulorum,
470 2374 592 2435 quorum
622 2359 699 2419 alter
731 2358 909 2435 intelligitur
933 2380 951 2419 a
975 2356 1046 2419 Sole
1075 2376 1128 2437 per
1162 2359 1290 2419 orbitam
1313 2358 1442 2419 Telluris
1466 2376 1559 2437 nsque
1583 2358 1613 2420 in

251 2461 424 2523 supremum
449 2446 602 2508 aetherem
624 2447 800 2521 continuari,
826 2448 903 2509 alter
927 2447 1031 2508 itidem
1054 2446 1234 2526 intelligitur
1258 2469 1276 2508 a
1299 2454 1402 2507 centro
1422 2447 1533 2508 Terrae
1557 2466 1611 2526 per

252 2531 505 2613 aequinoctialem
530 2536 718 2596 Terrestrem
749 2555 840 2616 usque
865 2536 920 2597 sub
950 2537 1025 2597 fixas
1057 2536 1243 2609 continuari,
1278 2536 1367 2615 idque
1395 2554 1453 2596 non
1478 2536 1507 2595 in
1533 2536 1613 2598 omni

250 2621 313 2683 situ
338 2621 460 2696 Terrae,
485 2624 540 2684 sed
564 2634 633 2686 tunc
658 2633 785 2699 tautum,
811 2627 928 2704 quando
944 2626 1040 2685 Terra
1063 2634 1111 2685 est
1134 2625 1164 2685 in
1187 2625 1307 2704 punctis
1332 2624 1610 2703 aequinoctialibus.

249 2708 315 2773 Sed
342 2710 380 2771 de
404 2711 460 2772 hac
485 2731 517 2774 re
541 2712 569 2774 in
595 2714 781 2775 astronomia
811 2714 935 2775 docetur
963 2713 1050 2793 inque
1083 2714 1155 2774 meis
1180 2716 1216 2774 de
1241 2714 1341 2774 Marte
1367 2711 1610 2776 Commentariis.

248 2799 381 2861 Frustra
404 2798 495 2877 igitur
519 2820 556 2861 ex
581 2811 642 2864 tam
667 2802 791 2864 incertis
807 2802 889 2863 Pena
913 2803 992 2863 male
1017 2802 1195 2863 informatus
1210 2803 1321 2863 Terrae
1346 2811 1458 2863 motuni
1483 2802 1610 2881 aliquem

248 2906 361 2949 novum
385 2887 490 2950 tribuit
513 2908 637 2970 cumque
668 2892 888 2965 tardissimum,
924 2911 982 2971 quo
1006 2900 1087 2952 motu
1111 2890 1164 2951 illa
1188 2912 1207 2951 a
1230 2900 1333 2951 centro
1365 2890 1466 2951 mundi
1490 2891 1608 2951 exulet:

246 2974 459 3056 praestitisset
489 2998 556 3038 eum
586 2980 715 3041 Telluris
745 2981 873 3041 retinere
907 2991 1039 3054 motum,
1074 2999 1161 3059 quem
1195 2978 1449 3059 praestantissimi
1480 2979 1609 3040 artifices

247 3066 465 3128 introduxere:
502 3068 551 3147 qui
583 3078 682 3129 motus
713 3078 796 3129 certo
827 3070 951 3132 Terram
990 3068 1184 3130 circumducit
1222 3078 1308 3129 extra
1345 3076 1478 3129 centrum
1511 3068 1611 3129 mundi

246 3154 412 3235 planetarii
431 3164 516 3217 tanto
541 3157 711 3231 intervallo,
736 3168 850 3237 quanta
873 3168 998 3236 putatur·
1017 3177 1084 3219 esse
1109 3156 1333 3218 semidiameter
1356 3157 1502 3235 sphaerae
1518 3156 1609 3219 Solis.

339 3243 408 3305 Non
431 3262 553 3324 possum
573 3254 673 3307 autern
690 3248 864 3325 praeterire,
891 3247 1072 3327 quinetiam
1095 3246 1172 3308 hunc
1188 3246 1293 3315 Peuae¹
1315 3246 1431 3325 lapsum
1451 3265 1487 3306 ex
1512 3246 1606 3325 ipsius

244 3332 437 3414 praefatione
462 3333 623 3408 eliminem,
647 3335 696 3396 ubi
714 3335 874 3415 Copernici
899 3354 1057 3396 censuram
1079 3354 1168 3414 super
1184 3335 1371 3396 Ptolemaica
1388 3334 1490 3395 Lunae
1509 3335 1606 3414 hypo·

245 3420 332 3483 thesi
347 3421 493 3483 falsitatis
509 3424 619 3501 arguit.
653 3425 718 3485 Hac
734 3426 810 3485 enim
834 3423 1057 3485 insimulatione
1073 3424 1234 3503 plurimum
1250 3432 1374 3485 nocetur
1394 3423 1610 3483 existimationi

246 3510 329 3573 tanti
353 3511 476 3572 artificis
499 3513 580 3592 apud
603 3513 767 3592 imperitos.
805 3513 933 3574 Reiellit
946 3513 1151 3573 Ptolemaeum
1172 3511 1365 3590 Copernicus,
1391 3512 1474 3589 cujus
1493 3529 1608 3589 suppo-

246 3600 311 3662 sita
326 3598 444 3661 Lunam
469 3600 615 3662 bisectam
638 3621 714 3681 pene
732 3601 821 3680 duplo
845 3602 1016 3682 propiorem
1030 3601 1132 3662 Terris
1152 3601 1304 3675 exhibent,
1327 3618 1415 3680 quam
1435 3619 1499 3661 cunr
1520 3600 1611 3678 plena

246 3696 307 3751 est.
361 3688 581 3767 Argumentum
614 3692 760 3752 falsitatis
794 3688 979 3768 Copernicus
1017 3689 1125 3750 sumsit
1159 3690 1292 3768 opticum
1326 3690 1417 3769 idque
1455 3688 1608 3767 optimum,

246 3775 420 3857 oportuisse
445 3788 478 3839 ut
490 3760 533 3839 Ιει
556 3798 678 3859 corpore
704 3780 793 3858 duplo
825 3780 886 3840 fere
917 3778 1007 3840 latior
1040 3787 1202 3858 appareret
1231 3778 1349 3840 bisecta
1380 3796 1468 3857 quam
1500 3778 1608 3857 plena:

246 3886 316 3929 cum
349 3866 538 3946 experientia
570 3877 700 3930 testetur
729 3869 765 3929 de
795 3868 947 3929 constanti
978 3887 1033 3929 nec
1064 3868 1120 3928 nisi
1151 3867 1287 3947 pauculis
1317 3867 1439 3928 minutis
1472 3865 1609 3928 variabili

246 3955 410 4019 diametro.
449 3956 506 4017 llic
521 3957 606 4017 Pena
623 3957 794 4040 subtilitate
820 3957 931 4018 abusus
954 3956 1116 4018 axiomatis
1135 3956 1227 4036 optici
1247 3977 1266 4015 a
1281 3954 1449 4036 Copernico
1473 3955 1608 4025 adducti,

246 4044 329 4126 quod
352 4045 383 4106 iu
406 4045 453 4106 his
477 4046 732 4125 propositionibus
756 4046 904 4125 repetitur
929 4064 1049 4107 numero
1074 4041 1126 4120 67,
1152 4054 1359 4124 argumentum
1383 4045 1610 4124 impertinenter

246 4134 361 4196 elevat.
400 4131 480 4204 Quid
502 4143 567 4197 tum
590 4134 678 4209 enim,
704 4136 730 4196 si
746 4135 874 4196 maxime
898 4141 1081 4214 apparentes
1105 4133 1245 4195 diametri
1262 4135 1365 4195 Lunae
1390 4153 1447 4194 uon
1471 4132 1608 4211 praecise

245 4231 318 4285 sunt
341 4222 371 4283 in
395 4242 502 4284 eversa
534 4223 728 4303 proportione
762 4224 990 4297 distantiarum,
1026 4224 1051 4285 si
1075 4232 1176 4285 tamen
1208 4232 1278 4284 sunt
1309 4224 1370 4283 fere
1395 4222 1423 4282 in
1453 4240 1505 4296 ea,
1539 4239 1608 4281 num

246 4312 316 4374 ideo
346 4311 419 4373 nihil
450 4313 528 4374 dixit
552 4312 758 4395 Copernicus?
789 4314 892 4392 Negat
923 4312 983 4372 dux
1011 4311 1162 4375 exercitus
1191 4330 1224 4372 se
1257 4310 1360 4372 urbem
1392 4310 1421 4370 in
1450 4327 1509 4388 qua
1539 4316 1609 4369 sunt

245 4401 352 4463 decem
375 4400 470 4461 millia
491 4402 756 4480 praesidiariorum
775 4401 902 4463 militum
927 4419 1099 4481 expugnare
1119 4419 1209 4482 posse
1229 4400 1286 4461 nisi
1301 4417 1367 4460 cum
1392 4397 1608 4478 quinquaginta

245 4490 391 4553 millibus.
438 4488 519 4561 Quid
543 4491 635 4570 igitur
658 4491 684 4551 si
710 4490 789 4551 desit
816 4490 861 4552 illi
889 4509 966 4551 unus
999 4489 1108 4572 aliquis
1132 4491 1169 4551 de
1194 4489 1249 4551 hoo
1274 4507 1413 4557 numero,
1447 4506 1516 4548 num
1540 4487 1607 4547 ideo

245 4578 499 4660 tergiversabitur
522 4599 612 4659 super
637 4580 879 4659 expugnatione?
893 4574 937 4652 ²²)

334 4665 399 4730 Sed
425 4670 640 4731 adnumerum
670 4677 806 4731 revertor
838 4669 1023 4748 dogmatum,
1054 4685 1131 4746 quae
1154 4668 1238 4728 l'ena
1261 4685 1299 4727 ex
1322 4664 1423 4744 optica
1453 4663 1607 4725 verissime

243 4758 365 4841 probat,
391 4776 514 4838 quorum
534 4759 590 4820 hoo
609 4766 658 4821 est
675 4765 831 4838 quartum:
857 4756 936 4837 quod
954 4756 1122 4818 rectissime
1142 4774 1179 4817 ex
1198 4756 1300 4837 optica
1324 4754 1468 4833 arguitur,
1494 4753 1606 4814 nullam

243 4866 338 4929 supra
362 4866 418 4908 nos
442 4867 509 4909 esse
533 4849 694 4927 sphaeram
719 4846 816 4926 ignis:
848 4865 905 4926 qno
931 4845 1125 4907 fundamento
1156 4846 1296 4920 subruto,
1326 4852 1440 4922 quanta
1463 4853 1607 4921 sequatur

243 4938 333 5001 ruina
365 4937 604 5017 Meteorologiac
634 4936 872 5007 Aristotelicae,
909 4934 1019 4996 nemini
1056 4935 1301 5015 philosophorum
1338 4932 1427 5011 hujus
1462 4931 1606 5011 temporis

242 5026 405 5091 obscurum
430 5046 499 5089 esse
522 5035 636 5107 potest.
684 5025 718 5088 Si
742 5025 821 5088 enim
844 5024 900 5088 sub
923 5026 1008 5087 coelo
1037 5032 1119 5086 esset
1149 5024 1244 5104 ignis,
1273 5041 1326 5085 seu
1355 5020 1532 5100 conspicuus
1556 5020 1607 5081 ille
