3692 5842
685 474 718 524 es
735 473 803 525 rom
822 472 975 525 susurrum
994 472 1039 526 cs.
1477 472 1545 542 459

224 645 245 710 ii
275 648 439 711 translatio
472 648 517 722 (id
546 656 592 711 est
616 658 714 712 metus
738 650 910 712 offensionis
935 650 978 712 tui
1002 650 1162 732 principis)
1195 651 1342 734 hactenus
1375 652 1542 714 retinuerit.

224 745 348 800 atamen
373 737 463 817 igitur
478 738 533 799 boc
558 738 660 813 luisse,
686 738 806 818 quinam
829 749 947 801 ceteros
971 739 1000 800 in
1024 740 1079 800 bac
1104 741 1260 818 palaestra
1283 739 1421 817 publicae
1446 741 1543 822 scrip-

226 825 275 886 nis
307 834 526 904 praeverteret.
575 825 695 900 Cetera,
721 845 798 906 quae
822 829 889 906 plus
914 828 994 907 apud
1018 847 1064 888 me
1097 827 1238 905 ponderis
1270 828 1436 902 habebant,
1470 847 1543 908 pru-

224 933 259 976 ns
281 921 449 993 praetereo.
496 913 577 984 Quid
601 915 726 980 multis?
772 915 968 996 Expugnarit
997 935 1063 991 me,
1098 916 1208 995 agnovi
1232 916 1413 977 temeritatis
1437 917 1542 979 illece-

224 1020 274 1071 ts,
310 1002 427 1082 ignovi3
460 1004 601 1065 rediimus
626 1005 654 1065 in
679 1004 829 1082 gratiam,
862 1004 905 1064 sic
935 1012 1054 1079 tamen,
1089 1013 1123 1065 ut
1146 1004 1205 1073 ille,
1230 1004 1356 1082 primum
1381 1014 1471 1085 atque
1495 1026 1543 1068 me

224 1097 373 1154 insuante
389 1091 507 1153 visurus
531 1103 563 1154 et
586 1093 741 1172 agniturus
772 1092 814 1152 sit
835 1091 971 1153 Joviales
996 1092 1156 1165 satellites,
1182 1094 1334 1154 sententia
1357 1114 1413 1155 sua
1436 1114 1543 1155 cessu-

224 1197 247 1240 ιι
279 1179 478 1258 profiteretur.
537 1181 617 1242 Erat
643 1190 745 1242 autem
781 1182 810 1242 in
850 1181 980 1243 transitu
1013 1182 1050 1241 ad
1079 1190 1220 1261 parentes
1244 1200 1336 1255 su0s;
1373 1191 1544 1245 revertetur

224 1267 267 1330 evi
291 1267 434 1347 Pragsm.

271 1356 361 1418 Nunc
385 1366 416 1418 te
441 1354 579 1417 Galilaee
604 1376 696 1435 rogo,
730 1357 848 1437 quando
880 1356 966 1416 rides
999 1357 1071 1417 milri
1094 1356 1303 1429 satisfactum,
1338 1366 1371 1418 ut
1407 1357 1477 1437 qnia
1509 1366 1540 1418 te

224 1461 279 1528 que
302 1445 342 1506 ad
365 1446 569 1525 praesentium
594 1446 640 1505 lll.
662 1443 801 1506 Oratoris
827 1445 980 1505 literarum
1004 1446 1166 1506 adventum
1190 1447 1308 1506 differre
1333 1446 1410 1506 velle
1435 1445 1538 1507 dixisti

225 1532 336 1596 blicam
361 1535 514 1596 literarum
538 1553 670 1596 ruearum
695 1533 940 1612 descriptionem,
965 1534 1018 1594 illa
1042 1532 1133 1611 igitur
1156 1534 1184 1595 in
1210 1553 1306 1594 meam
1330 1534 1460 1612 gratiam
1485 1555 1539 1595 su-

224 1623 349 1684 rsedeas
382 1622 410 1682 in
445 1630 549 1685 totum.
597 1623 698 1701 Major
730 1622 788 1684 erit
810 1623 907 1700 gloria
931 1622 1092 1702 triumphi,
1130 1622 1155 1682 si
1184 1622 1237 1683 tibi
1263 1624 1306 1682 uti
1331 1623 1541 1701 sperohostis

224 1711 474 1772 i'coniessiunem
497 1713 665 1773 ultroneam
690 1711 894 1773 transmisero.
941 1710 1019 1773 liam
1044 1712 1102 1771 etsi
1131 1717 1219 1772 careo
1243 1711 1335 1789 priori
1359 1710 1541 1787 (Electoris)

224 1805 397 1869 strumento,
422 1801 570 1862 successit
593 1809 693 1860 tamen
717 1800 798 1861 aliud
821 1799 988 1879 propinquo
1017 1799 1210 1877 perfectionis
1238 1800 1352 1877 gradu:
1378 1801 1445 1878 plus
1466 1800 1542 1861 enim

225 1905 276 1950 am
301 1889 452 1967 decuplat.
498 1887 544 1949 Eo
573 1890 636 1968 jam
667 1888 714 1952 bis
743 1887 804 1948 vidi
829 1888 915 1949 binos
939 1889 1079 1965 planetas
1103 1888 1275 1960 Mediceos;
1314 1888 1418 1948 eodem
1452 1908 1541 1967 spero

224 1995 230 2035 i
256 1977 356 2038 atilli
381 1985 626 2039 monstraturum.
673 1978 795 2038 lnterim
829 1977 885 2037 hac
909 1995 1022 2037 excusa
1046 1977 1269 2049 „Narratione“
1304 1995 1372 2035 mea
1405 1979 1540 2038 auctori-

224 2082 280 2126 am
304 2084 411 2138 meam,
435 2085 593 2146 perperam
616 2075 722 2127 contra
746 2074 775 2126 te
800 2066 972 2137 adductam,
998 2064 1164 2125 rectissime
1197 2063 1304 2125 dilues.
1352 2063 1385 2125 Si
1419 2065 1540 2126 adoles-

224 2153 316 2214 rtiam
336 2154 430 2234 ipsius
449 2154 584 2234 respicis,
611 2154 683 2215 nibil
707 2164 756 2215 est
779 2155 807 2214 in
828 2155 884 2214 hac
904 2162 1006 2214 aetate
1023 2153 1208 2225 familiarius,
1234 2170 1323 2232 quam
1348 2154 1375 2212 in
1400 2154 1542 2231 placita

228 2251 473 2321 acceptorum
505 2244 619 2303 fervide
650 2245 795 2318 transire,
830 2261 924 2321 exque
956 2242 991 2302 iis
1016 2243 1107 2303 veluti
1133 2261 1169 2301 ex
1194 2242 1293 2320 aliquo
1316 2245 1541 2320 propugnaculo

224 2331 347 2392 aerario
376 2349 450 2391 ausu
473 2350 646 2409 procurrere
671 2341 701 2392 et
725 2350 844 2392 manum
875 2349 942 2391 cum
967 2332 1052 2391 hoste
1077 2349 1243 2391 conserere.
1292 2328 1345 2390 Sin
1379 2331 1482 2391 oculos
1510 2332 1539 2391 in

233 2419 337 2498 ipsum
364 2421 533 2495 convertis,
566 2421 703 2500 equidem
728 2439 786 2481 non
812 2421 886 2480 adeo
911 2421 1049 2480 decorum
1075 2438 1128 2481 nec
1152 2438 1190 2479 ex
1213 2418 1364 2497 gravitate
1397 2428 1450 2482 tua
1481 2429 1539 2493 est,

224 2507 352 2588 ajectam
385 2508 463 2570 hanc
496 2509 662 2569 lacessendi
687 2518 718 2569 et
750 2509 912 2588 impetendi
948 2509 1099 2569 libidinem
1132 2507 1160 2570 in
1193 2526 1282 2568 curae
1313 2517 1398 2585 parte
1429 2526 1541 2587 ponere

224 2605 233 2659 t
253 2604 372 2657 sumtus
396 2597 433 2657 in*
449 2598 626 2658 refutandas
651 2597 714 2676 ejus
738 2598 936 2659 refutationes
961 2597 1143 2675 impendere.
1190 2596 1222 2656 si
1248 2595 1354 2656 doctus
1378 2596 1423 2657 vir
1447 2607 1539 2671 esset,

234 2685 366 2763 alicujus
401 2686 546 2760 nominis,
579 2686 660 2747 aliud
693 2687 831 2747 dicerem.
881 2687 972 2746 l’lane
998 2686 1155 2756 existimo,
1188 2693 1250 2745 tum
1275 2685 1391 2745 demum
1415 2703 1540 2764 pravum

224 2774 292 2853 lgus
316 2774 465 2834 hominum
490 2775 600 2853 aliquid
626 2775 804 2836 tributurum
829 2774 894 2835 lmic
919 2774 996 2835 futili
1021 2773 1144 2853 scripto,
1170 2792 1237 2856 cum
1257 2781 1288 2833 tu
1304 2782 1410 2835 contra
1434 2775 1462 2835 id
1487 2795 1539 2836 seu

228 2883 247 2921 e
273 2882 327 2923 seu
350 2881 404 2941 per
427 2864 503 2924 alios
527 2864 733 2926 insurrexeris.
780 2864 858 2925 Nam
883 2863 1033 2942 imperitia
1056 2862 1242 2944 suspiciones
1267 2862 1358 2923 etiam
1387 2864 1423 2923 de
1451 2863 1539 2923 inno-

224 2950 368 3014 rtissimis
401 2953 586 3031 suppeditat.
639 2950 767 3013 Omnino
801 2952 900 3030 magni
926 2952 1014 3012 animi
1048 2960 1105 3026 est,
1135 2951 1297 3012 mediocria
1329 2951 1422 3012 etiam
1454 2951 1540 3034 parri

224 3039 348 3102 stimare
373 3046 404 3101 et
427 3049 617 3102 contemnere
626 3059 635 3115 ;
668 3051 773 3102 contra
797 3042 822 3101 si
847 3042 980 3119 coeperis
1006 3042 1146 3102 altercari
1171 3060 1237 3100 cum
1263 3058 1337 3114 uno,
1370 3041 1483 3101 excibis
1507 3050 1540 3102 et

224 3146 321 3201 aros,
353 3128 467 3206 passim
491 3131 665 3191 occasiones
690 3132 849 3208 praebebis
868 3129 1047 3209 obloquendi
1072 3130 1162 3191 etiam
1187 3129 1312 3196 levibus,
1336 3129 1361 3189 si
1387 3131 1423 3190 de
1447 3148 1538 3209 scopo

224 3235 249 3278 o
275 3217 388 3278 nullam
412 3237 495 3297 spem
520 3219 662 3280 habeant.
710 3220 873 3279 Praeterea
897 3219 921 3279 si
948 3218 1200 3291 dissimulaveris,
1230 3218 1394 3297 principum
1426 3238 1538 3279 morem

224 3305 329 3387 queris,
354 3306 398 3367 sin
424 3316 524 3369 autem
547 3307 750 3386 responsabis,
776 3309 814 3367 ad
839 3307 1087 3368 scholasticorum
1111 3306 1256 3367 subsellia
1279 3325 1395 3368 rursum
1410 3308 1539 3368 descen-

224 3415 246 3458 3.
296 3395 390 3473 Atqui
423 3415 479 3456 non
514 3397 607 3457 habes
637 3396 700 3474 jam
725 3417 743 3457 a
767 3417 823 3476 quo
849 3404 991 3475 expectes
1015 3394 1136 3456 insanos
1161 3396 1321 3455 clamores:
1359 3398 1537 3473 „responde‚

225 3483 346 3566 ponde,
371 3485 407 3544 de
430 3495 576 3564 suggestu
602 3486 786 3563 descende!“
834 3485 981 3564 Relinque
1004 3484 1095 3562 igitur
1118 3484 1252 3556 scholae,
1284 3485 1402 3563 quade
1427 3485 1537 3559 exiisti,

224 3591 282 3634 res
307 3592 388 3634 suos.

270 3663 374 3740 Atque
394 3661 468 3722 haec
484 3661 512 3721 in
538 3681 656 3740 genere,
682 3663 719 3722 dc
743 3663 849 3741 quibus
874 3672 904 3722 tn
930 3661 1051 3722 videris,
1090 3663 1189 3722 llleam
1210 3661 1238 3720 in
1258 3661 1357 3741 specie
1378 3659 1537 3740 epistolam

224 3752 268 3812 ice
294 3750 443 3810 contendo
468 3751 585 3824 omitti;
611 3751 687 3829 quod
713 3753 739 3812 si
763 3770 822 3812 non
845 3770 1033 3831 persuasero,
1058 3752 1166 3810 saltem
1191 3767 1322 3811 summas
1347 3751 1441 3810 iacias
1464 3770 1537 3830 rogo

224 3847 430 3919 ramentorum
466 3859 519 3900 seu
557 3840 783 3919 responsionum
817 3860 958 3901 mearum.
1018 3841 1154 3919 Denique
1191 3839 1218 3901 si
1253 3858 1289 3899 ne
1327 3839 1446 3919 quidem
1482 3841 1539 3902 hoc

224 3929 326 4002 tineo,
360 3929 469 3989 saltem
495 3928 598 3989 titulus
622 3930 797 4007 personales
822 3938 853 3989 et
875 3931 985 4009 probra
1009 3929 1184 4001 verborum,
1214 3927 1386 4007 justissima
1418 3930 1537 4010 quidem

224 4017 233 4079 Ι
270 4017 337 4094 jam
375 4018 520 4090 remissa,
558 4036 730 4096 expungas;
770 4017 935 4096 cujusmodi
968 4027 1057 4093 sunt,
1091 4018 1169 4097 quod
1202 4016 1271 4095 ajo,
1303 4017 1401 4097 ipsum
1424 4020 1537 4081 nullum

224 4123 282 4168 uae
308 4123 381 4165 suae
406 4124 508 4166 curam
533 4105 643 4166 habere
678 4109 798 4177 (contra
822 4108 898 4187 quod
923 4107 987 4185 ipse
1012 4115 1107 4168 totam
1132 4106 1226 4169 vitam
1250 4125 1336 4167 suam
1360 4108 1397 4167 ad
1423 4109 1538 4169 exami-

224 4194 317 4256 ndum
345 4194 534 4273 proposuit),
570 4196 647 4274 quod
685 4196 885 4275 petulantiam
918 4196 961 4256 illi
997 4196 1113 4270 tribuo,
1148 4194 1225 4274 quod
1259 4204 1379 4272 sputum
1412 4196 1539 4257 hominis

224 4283 301 4355 rito,
327 4284 405 4362 quod
429 4284 609 4362 proditionis
634 4283 756 4359 incuso,
782 4287 861 4364 quod
884 4284 1121 4365 sycophantem‚
1148 4283 1225 4361 quod
1250 4301 1384 4343 scurram
1407 4286 1537 4364 appello,

224 4370 382 4452 peritiam,
417 4372 638 4446 temeritatem,
676 4374 904 4453 stupiditatem,
938 4372 1176 4433 infelicissimum
1207 4389 1339 4431 meorum
1381 4373 1538 4435 verborum

224 4459 370 4522 ellectum
394 4469 426 4520 et
449 4479 525 4540 quae
551 4462 611 4522 alia
634 4462 720 4541 hujus
745 4463 852 4522 classis
877 4461 1084 4522 tolerabiliora
1100 4460 1258 4521 existimo:
1285 4461 1427 4539 quianon
1447 4462 1538 4523 animi

224 4548 287 4622 abi,
313 4567 370 4609 non
395 4549 476 4610 ritae
502 4550 620 4629 probra,
646 4550 699 4611 sed
724 4551 771 4610 vel
797 4558 921 4611 naturae
946 4551 993 4610 vel
1019 4550 1130 4611 aetatis
1155 4549 1240 4608 vitia.

270 4635 357 4714 Satis
383 4638 420 4697 de
452 4638 517 4712 liis,
552 4659 588 4699 ne
619 4649 740 4698 nostrae
766 4629 918 4699 amicitiae
953 4649 1005 4700 aut
1039 4649 1109 4700 tuae
1134 4637 1239 4699 virtuti
1263 4636 1368 4698 videar
1391 4638 1535 4702 diffidere.

226 4724 294 4788 sino
319 4725 431 4804 igitur,
465 4727 491 4787 si
524 4727 581 4787 hoc
604 4727 700 4788 adhuc
725 4726 928 4805 subjunxere:
964 4729 1051 4789 audio
1076 4728 1169 4801 enim,
1205 4726 1377 4788 Florentiae
1401 4747 1538 4790 recusam

224 4833 248 4876 ie
272 4813 528 4876 Dissertationem
553 4834 670 4888 meam;
702 4815 787 4894 cupio
813 4817 876 4895 ejus
901 4819 1067 4896 exernplum
1092 4817 1204 4877 videre.
1234 4847 1272 4857 —
1296 4815 1365 4877 Jam
1390 4818 1474 4890 vale,
1507 4825 1540 4878 et

224 4902 356 4982 sprimo
381 4921 497 4984 quoque
528 4911 662 4983 tempore
697 4904 846 4966 desiderio
879 4913 950 4966 tuae
974 4925 1069 4968 novae
1102 4902 1284 4966 inventionis
1308 4904 1386 4969 leva.
1433 4906 1542 4968 Nemi-

224 5009 248 5056 ιι
271 4991 368 5054 habes
392 5010 480 5073 quem
504 5000 622 5054 metuas
647 4995 805 5056 aemulum.
851 4998 1197 5069 Progas.25.00t18to.
