3692 5842
242 443 307 513 680
726 444 766 496 De
785 443 865 496 Stella
880 443 954 496 nova
971 443 1123 510 Serpeetffl

242 630 421 698 causaest,
455 641 506 683 cur
538 639 595 683 non
618 622 731 700 possim
759 620 816 684 lroo
840 621 1001 683 affirmare.
1046 621 1129 684 Nam
1150 620 1176 682 si
1200 637 1331 702 quaeras
1353 619 1523 690 rationem.
1551 639 1596 682 cer

241 712 337 776 nostri
361 712 446 791 ignes
471 710 515 772 ita
539 710 699 789 fulgurent,
723 711 840 773 tamin
865 711 931 772 loco
955 728 1044 790 quam
1067 708 1096 771 in
1120 708 1256 770 candelis
1273 718 1306 772 et
1319 709 1453 770 maxime
1468 708 1498 770 iu
1514 709 1597 770 furnis

243 801 442 884 chymicorum
467 798 535 861 dum
558 800 684 861 metalla
707 809 805 874 urunt,
834 798 967 860 invenies
992 797 1022 860 id
1045 799 1124 878 quud
1148 798 1175 859 in
1199 798 1267 860 lixis
1285 795 1415 860 inveniri
1430 816 1493 860 non
1507 797 1596 872 debet,

243 909 279 951 ne
304 889 373 950 illas
397 887 467 950 olim
492 908 556 951 curn
588 888 700 951 nostrie
729 888 848 968 ignibus
878 886 1096 967 extinguamus.
1143 887 1249 968 Pugna
1280 905 1391 968 nempe
1414 885 1527 948 existit
1544 887 1597 950 cir·

243 977 422 1040 cumstantis
445 976 556 1039 humidi
582 978 661 1039 aeris
686 986 738 1038 aut
761 976 857 1038 efflati
881 995 917 1037 ex
942 977 1063 1038 metallo
1086 975 1211 1056 spiritua
1238 995 1306 1039 cum
1336 975 1408 1055 igne
1441 974 1597 1038 siccissiun

242 1074 274 1128 et
297 1066 482 1128 tenuissimo.
541 1064 682 1147 Semper,
711 1066 760 1146 qui
793 1066 875 1127 locus
909 1064 978 1143 igue
1008 1075 1185 1145 occupatur,
1218 1084 1286 1127 curn
1309 1063 1352 1126 ab
1374 1064 1450 1142 igne
1472 1082 1528 1144 per
1548 1065 1598 1126 rim

244 1165 433 1227 extenuetur,
458 1154 702 1217 circumstantem
717 1161 816 1216 aerem
840 1171 963 1234 gravem
987 1154 1044 1216 levi
1068 1173 1122 1238 per
1144 1173 1212 1216 sese
1234 1153 1466 1216 incumbentem
1489 1154 1519 1216 in
1540 1173 1598 1216 sese

242 1245 337 1324 rapit;
363 1261 481 1323 semper
505 1244 582 1321 ignis
606 1264 700 1305 novas
724 1266 743 1303 a
765 1243 894 1304 materia
918 1243 998 1304 vires
1021 1243 1159 1322 adeptus,
1183 1243 1270 1324 copia
1286 1242 1460 1304 subvectus
1474 1242 1599 1323 dispellit

242 1339 353 1394 aerem.
400 1332 497 1409 Igitur
520 1341 551 1393 et
574 1332 684 1412 pabulo
709 1332 838 1394 nutritur
862 1331 1036 1412 quantisper
1060 1333 1149 1393 durat
1171 1340 1203 1393 et
1224 1353 1244 1392 a
1265 1331 1494 1394 circumstante
1513 1331 1599 1394 mem

241 1422 442 1501 impugnetur.
488 1421 573 1482 Ilaec
598 1441 667 1482 vero
699 1420 846 1502 quomodo
879 1421 915 1481 de
949 1420 1016 1481 linis
1048 1419 1107 1482 dici
1139 1420 1302 1501 poterunt?
1331 1429 1391 1482 aut
1423 1419 1509 1500 qnod
1537 1420 1599 1500 ipsis

242 1509 402 1590 pabulum?
425 1509 491 1589 quis
516 1516 567 1571 abr
591 1510 748 1572 inimicus?
772 1529 848 1589 quae
872 1509 979 1570 aetas?
1003 1510 1121 1589 quando
1144 1510 1236 1572 ullam
1258 1508 1298 1571 ab
1321 1508 1373 1570 hie
1401 1509 1510 1573 sexies
1531 1509 1599 1572 aitte

243 1597 329 1659 aunis
355 1597 613 1660 desideravimus?
650 1600 755 1680 ltaque
779 1598 841 1659 sint
864 1599 924 1659 ieta
949 1598 1086 1678 exempla
1109 1597 1375 1661 consubstantiae
1393 1597 1596 1662 sediumiuis:

242 1688 279 1748 de
311 1686 378 1747 fixis
403 1704 481 1756 ¹vero
515 1695 638 1750 maneat
670 1688 823 1748 sententia
847 1685 1009 1765 Scaligeri,
1043 1686 1103 1748 vim
1134 1687 1234 1749 inesse
1266 1686 1296 1748 in
1320 1705 1454 1766 corpore
1477 1685 1599 1767 pereuni,

244 1776 321 1837 adde
346 1784 377 1835 et
398 1775 564 1853 pellucido,
599 1776 717 1838 luminis
740 1775 973 1855 reciprocantis,
1007 1776 1154 1855 analogou
1188 1774 1406 1856 deflagrationi
1438 1785 1600 1840 nostraru

241 1865 440 1927 flammarum.
486 1864 599 1926 Nostro
632 1884 702 1928 vero
736 1864 825 1927 sideri
857 1864 905 1925 vel
929 1863 1009 1925 idem
1032 1884 1140 1944 corpus
1173 1866 1220 1928 vel
1243 1866 1375 1928 eandem
1400 1865 1466 1928 vim
1491 1863 1599 1928 luminis

241 1953 415 2026 tribuemus,
440 1963 529 2031 prout
552 1963 660 2032 postea
682 1953 841 2016 videbitur.

330 2040 544 2120 Expendarnus
568 2062 638 2104 vero
672 2053 704 2104 et
730 2042 857 2104 alteram
887 2059 1010 2102 causam
1038 2040 1265 2103 scintillationis
1288 2060 1309 2102 a
1331 2051 1440 2106 motu
1473 2041 1598 2104 ductam:

242 2138 324 2192 mutu
350 2148 421 2192 vero
445 2149 502 2190 non
527 2130 744 2205 translationis,
770 2150 856 2210 quem
881 2128 1019 2210 Scaliger
1042 2130 1165 2209 allegat,
1195 2129 1249 2192 sed
1274 2149 1364 2211 quern
1388 2131 1420 2192 in
1446 2130 1599 2193 adamante

240 2218 374 2292 ostendi,
400 2220 619 2295 conversionis,
645 2239 704 2299 qua
726 2220 854 2299 partium
878 2227 909 2279 et
933 2220 1108 2297 angulorum
1131 2218 1218 2299 politi
1240 2219 1452 2300 pellucidiqne
1476 2219 1599 2300 corporis

241 2308 303 2369 alia
325 2316 395 2386 post
418 2308 509 2369 aliam
533 2310 709 2388 explicetur.
756 2308 815 2370 Ubi
847 2307 945 2387 prima
976 2308 1094 2387 quidem
1128 2327 1221 2370 causa
1253 2327 1313 2370 non
1348 2309 1474 2372 tollitur
1496 2309 1599 2382 (lucen

242 2396 320 2458 enim
344 2396 435 2458 sideri
459 2397 541 2458 nulla
564 2397 675 2459 rotatio
700 2396 856 2469 conciliat)
887 2396 940 2456 sed
971 2396 1127 2458 instruitur
1155 2397 1212 2459 hac
1235 2397 1374 2459 secunda
1397 2418 1457 2460 ceu
1481 2397 1599 2478 quodam

240 2486 448 2556 instrumento,
472 2495 505 2547 ut
528 2495 559 2547 et
583 2487 701 2564 fulgura
725 2495 757 2547 et
779 2486 894 2546 colores
919 2486 1028 2557 varios,
1052 2485 1121 2565 ipsa
1143 2506 1212 2548 sese
1233 2487 1334 2566 quiete
1351 2487 1526 2560 continens,
1548 2505 1598 2548 ex·

240 2574 353 2653 plicare
376 2573 491 2653 possit:
525 2574 551 2635 ei
582 2576 711 2635 fortasse
742 2575 824 2653 prius
858 2581 945 2634 tanta
968 2581 1067 2635 motus
1091 2574 1224 2636 varietas
1248 2576 1278 2636 in
1302 2575 1451 2654 perennis
1474 2575 1599 2656 corpor'u

240 2662 362 2742 perenni
387 2663 532 2724 facultate
566 2683 623 2725 non
657 2663 733 2724 satis
764 2662 866 2742 aequis
897 2663 1140 2742 philosophorum
1163 2664 1323 2725 sententiis
1348 2675 1485 2744 excepta
1508 2663 1598 2727 tuerit

239 2749 282 2812 Et
306 2752 515 2814 translationis
539 2752 658 2833 quidem
683 2761 803 2825 ruoturn,
829 2750 877 2830 qui
896 2751 1053 2836 Scaligero
1076 2761 1143 2813 erat
1167 2753 1196 2814 in
1220 2753 1331 2826 animo,
1357 2753 1435 2816 nihil
1460 2753 1503 2814 ad
1524 2753 1598 2816 scia·

241 2839 423 2901 tillationem
446 2859 545 2919 posse,
571 2840 685 2903 ratione
709 2849 796 2919 patet
826 2849 857 2901 et
886 2839 1099 2919 experimento.
1145 2841 1225 2904 Nam
1257 2842 1329 2921 quid
1362 2843 1484 2904 officiat
1516 2841 1599 2904 sedile

245 2939 344 2991 motus
369 2930 500 3003 diurnus,
528 2929 553 2991 si
577 2930 602 2989 is
626 2929 673 2990 vel
697 2948 753 2989 non
779 2938 827 2990 est
849 2929 973 2988 fixarum
998 2929 1050 3001 (de
1075 2926 1235 3008 Copernici
1258 2932 1433 3006 sententia)
1459 2933 1509 2994 vel
1531 2931 1599 2994 fine

244 3017 459 3097 intranquille
493 3018 631 3097 relinquit
663 3025 693 3078 et
723 3017 808 3097 quasi
837 3018 866 3078 in
899 3036 994 3096 capsa
1025 3017 1158 3080 inclusas
1190 3020 1403 3094 circumducit,
1438 3019 1479 3082 de
1512 3017 1598 3082 veteri

243 3116 367 3186 recepta
392 3108 553 3167 sententia.
592 3108 668 3168 b'anr
694 3107 772 3185 quod
796 3112 848 3166 adv
872 3117 974 3166 noster
997 3125 1049 3185 per
1064 3107 1141 3169 bunc
1166 3117 1278 3169 moturn
1302 3129 1322 3168 a
1340 3110 1429 3172 coelo
1455 3109 1598 3178 atterimur,

242 3194 272 3255 id
296 3197 330 3255 lit
354 3196 432 3256 iufra
446 3196 572 3256 Lunam.
613 3197 717 3275 ltaque
737 3194 848 3273 siquid
871 3204 979 3274 posset
1001 3195 1057 3255 hoc
1076 3197 1115 3257 ad
1139 3197 1399 3272 scintillationem,
1424 3200 1599 3261 scintillaret

241 3283 333 3345 etiarn
358 3282 507 3346 Saturnus
532 3295 563 3345 et
586 3285 714 3364 Jupiter.
753 3285 826 3344 Tum
851 3293 960 3357 autem,
986 3303 1061 3363 quae
1085 3287 1301 3365 consequentia
1324 3289 1365 3348 ab
1390 3288 1504 3350 attritu
1527 3285 1598 3348 aeris

241 3373 279 3434 ad
304 3373 575 3435 scintillationem?
599 3375 729 3435 Videtur
753 3373 789 3432 de
814 3372 905 3432 soleis
930 3392 1071 3451 equorum
1095 3375 1200 3436 ferreis
1221 3376 1311 3455 loqui,
1336 3397 1405 3438 cum
1431 3378 1463 3438 iu
1489 3375 1596 3456 lapides

241 3471 295 3523 aut
317 3462 507 3524 durissimam
540 3463 668 3542 glaciem
701 3472 881 3522 atteruntur.
928 3460 1145 3540 Experimento
1179 3483 1248 3526 veru
1282 3474 1440 3528 testantur
1475 3467 1597 3545 insuper.

240 3569 297 3611 non
331 3569 434 3612 ornnes
466 3553 542 3613 fixas
573 3551 739 3631 aequaliter
772 3549 954 3623 scintillare,
988 3552 1123 3630 quamvis
1156 3553 1325 3616 elevatione
1357 3555 1483 3634 aequali
1516 3569 1598 3632 supet

241 3639 434 3713 horizontem,
461 3640 579 3719 aequali
603 3641 695 3700 etiarn
719 3638 935 3717 magnitudine.
975 3639 1079 3719 ltaque
1104 3660 1170 3702 cum
1194 3642 1317 3704 diurnus
1339 3655 1445 3706 motus
1469 3643 1598 3706 omuibus

241 3746 336 3808 aeque
360 3731 523 3790 communis
548 3730 597 3801 sit,
622 3748 678 3790 non
704 3738 751 3789 eat
775 3728 897 3788 idoneus
922 3728 959 3787 ad
985 3730 1172 3790 elliciendam
1195 3732 1459 3795 scintillationem.

329 3818 458 3890 Atilia,
483 3837 571 3898 quam
595 3837 651 3896 ego
675 3817 747 3889 dini,
771 3816 955 3894 singularum
980 3817 1105 3879 finarum
1128 3821 1240 3881 rotatio
1265 3821 1312 3883 his
1336 3821 1480 3884 omuibus
1504 3818 1594 3884 nomi·

240 3903 328 3965 nibus
353 3914 399 3967 est
422 3907 530 3986 potior.
578 3905 852 3969 taruanorum
884 3905 998 3966 indicat
1029 3907 1256 3970 scintillationis
1280 3918 1314 3972 et
1335 3912 1494 3984 colorum,
1527 3925 1596 3988 quae

241 4004 313 4054 sunt
336 3995 494 4074 pellucidis
529 3996 709 4067 familiares,
740 3994 825 4055 utin
851 3991 969 4072 Opticis
998 3995 1137 4069 osteudi;
1170 4017 1296 4077 eumque
1326 4000 1450 4061 modurn
1474 4019 1514 4062 ex
1537 4001 1596 4078 ipss

242 4083 439 4162 dispositione
463 4104 619 4165 corporunr
644 4085 798 4145 stellarum
823 4083 945 4143 deducit
954 4102 963 4156 ;
988 4092 1073 4145 tauto
1097 4085 1299 4159 verisimilius,
1324 4089 1406 4169 quod
1429 4099 1464 4151 et
1487 4089 1597 4150 colores

242 4181 404 4251 perpetuos
429 4172 510 4248 illos,
541 4174 588 4253 qui
613 4183 683 4234 suunt
706 4173 774 4233 aliis
798 4172 896 4232 stellis
920 4173 983 4245 alii,
1010 4174 1039 4233 in
1063 4174 1120 4236 hac
1143 4174 1211 4255 ipsa
1238 4177 1442 4257 dispositione
1466 4175 1597 4258 corporis

243 4262 350 4322 stellae
380 4260 478 4322 inesse
508 4282 633 4324 necesse
663 4272 727 4334 est,
760 4260 846 4321 utin
871 4258 989 4339 Opticis
1022 4262 1156 4338 probavi.
1204 4262 1306 4334 Quare
1331 4286 1391 4328 non
1416 4279 1540 4338 metuo,
1568 4275 1598 4326 nt

241 4359 388 4428 perpetua
420 4370 487 4412 esse
521 4371 578 4413 non
611 4350 728 4430 possint
761 4369 886 4428 corpora
922 4350 1094 4425 stellarum,
1134 4351 1158 4412 si
1193 4354 1342 4432 angulosa
1376 4369 1430 4416 aut
1463 4357 1491 4417 si
1523 4357 1598 4416 iuter

243 4438 441 4515 inaequaliter
465 4441 560 4500 densa
583 4448 670 4514 suut,
704 4447 737 4499 ut
760 4440 859 4499 solent
891 4439 1032 4510 uuioueS,
1064 4441 1202 4519 partibus
1231 4444 1299 4504 allis
1331 4445 1424 4507 aliter
1452 4441 1597 4526 pellucidi.

245 4525 325 4585 Nam
349 4536 380 4587 et
404 4527 499 4588 hostis
523 4530 604 4589 illinc
628 4529 729 4602 abest,
764 4527 812 4606 qui
836 4527 896 4586 vim
921 4526 1049 4600 inserat,
1084 4540 1115 4590 et
1138 4541 1208 4592 suut
1232 4533 1320 4594 nobis
1344 4533 1376 4595 iu
1401 4534 1460 4596 bac
1485 4534 1598 4596 Tenue

243 4633 388 4691 getninae,
412 4617 436 4674 si
462 4617 521 4678 vim
545 4619 675 4688 auferas,
701 4625 862 4688 aeteruae;
887 4625 917 4676 et
942 4635 995 4676 eae
1020 4631 1121 4679 tanuen
1145 4620 1254 4700 partim
1278 4622 1468 4698 maculosae,
1493 4623 1597 4703 partim

243 4705 343 4778 fissae,
366 4704 475 4782 partim
499 4706 628 4767 nubilae.

331 4792 405 4853 Tum
436 4805 534 4854 autem
568 4795 710 4874 ipseper
734 4813 765 4853 se
790 4792 901 4853 rotatio
933 4793 1057 4855 fixarum
1081 4812 1191 4874 inagna
1215 4799 1454 4879 probabilitate,
1489 4799 1598 4880 magnis

241 4880 386 4958 exeprplis
419 4881 533 4944 nititur.
590 4882 652 4944 Sed
685 4882 853 4960 exemplum
890 4883 973 4943 solus
1008 4881 1192 4962 Cepernicus
1229 4889 1314 4950 dedit
1353 4891 1434 4952 hauc
1472 4907 1599 4954 nostram

242 4965 410 5042 Tellurem3
444 4990 519 5049 quae
545 4983 576 5033 ut
600 4973 787 5051 undiquaque
812 4968 892 5032 Solis
927 4983 1090 5052 conspectu
1115 4973 1170 5035 frui
1194 4978 1308 5059 possit,
1341 4989 1466 5044 rotatur
1489 4981 1598 5043 indies
