3692 5842
728 452 759 503 a·
779 452 850 502 nm·
872 454 975 516 opem.
1489 454 1528 519 91

267 626 407 690 Alterum
433 635 639 707 argumentum
663 647 710 689 me
734 628 828 691 inscio
852 638 1034 709 usurparunt
1060 630 1147 692 iidem
1174 638 1220 691 tot
1249 632 1359 693 seculis
1383 639 1471 693 ante:
1499 655 1540 709 τῳ

175 738 342 792 ammo
365 738 415 792 erp
436 737 609 791 ιιμιωιατητ
631 712 769 798 {mappae
790 740 900 800 χωραι,
923 719 996 781 elren
1017 726 1048 780 da
1072 742 1106 780 το
1131 742 1188 797 nup
1208 743 1265 797 μην
1287 743 1336 799 γης
1359 743 1539 800 srprmrapor.

175 805 281 868 Solem
307 805 402 866 Terra
423 804 622 884 pulchriorem
647 824 733 867 nemo
764 816 866 887 negat.
914 808 998 869 Infra
1020 816 1053 869 et
1083 810 1335 887 praestantiorem
1367 809 1538 887 apparebit.

176 892 314 956 Medium
346 913 400 956 eeu
430 902 566 955 centrum
603 912 673 955 vere
698 903 730 956 et
762 896 1033 958 circumferentiam
1065 904 1220 974 praestare
1254 898 1460 977 interpunctis,
1495 898 1538 959 illi

177 982 239 1044 alio
264 989 297 1042 et
321 982 505 1061 geometrico
527 989 652 1044 utuntur
674 993 861 1059 argumento.
909 985 1086 1046 Terminans
1104 993 1244 1066 praestat
1268 987 1437 1060 terminato,
1463 1005 1536 1048 ceo-

178 1080 259 1133 trum
282 1078 316 1131 et
339 1070 580 1133 circumferentia
602 1070 765 1133 terminant
793 1072 982 1135 intervallum
1011 1074 1127 1147 muudi,
1159 1094 1229 1153 ergo
1263 1076 1363 1154 potins
1395 1075 1453 1135 erit
1484 1073 1537 1139 Sol

179 1159 208 1220 in
232 1167 348 1231 centro,
374 1178 462 1240 quarn
486 1159 515 1220 in
540 1160 599 1222 alio
622 1159 688 1221 loco
712 1162 825 1235 mnudi,
858 1181 927 1223 nam
951 1162 1092 1223 extimam
1121 1164 1306 1241 superficiem
1331 1163 1357 1224 ei
1383 1182 1539 1225 moncon-

176 1248 291 1320 renire,
317 1256 526 1310 assumserunt
548 1267 602 1327 pro
625 1249 774 1311 confesso.
820 1251 887 1329 Ego
912 1250 1017 1312 aliter:
1043 1259 1175 1311 centrum
1199 1259 1246 1313 est
1270 1252 1353 1331 origo
1378 1251 1537 1331 sphaerici.

177 1334 357 1415 principium
380 1355 453 1398 vero
477 1346 508 1397 et
531 1337 615 1414 origo
638 1346 778 1415 praestat
799 1338 907 1418 ubique
932 1349 963 1399 et
988 1347 1096 1400 natura
1124 1340 1205 1418 prius
1230 1349 1287 1402 est.
1334 1341 1375 1402 Et
1399 1341 1427 1401 in
1452 1360 1537 1402 corn-

176 1425 338 1506 pereticue
362 1426 400 1488 ad
424 1424 457 1487 S.
481 1423 514 1487 S.
540 1424 718 1487 Trinitatem
742 1437 876 1489 centrum
901 1428 995 1488 refert
1018 1428 1176 1506 imaginem
1200 1428 1257 1489 Dei
1281 1429 1386 1508 patris.
1432 1430 1538 1509 ltaque

178 1514 267 1594 hujus
292 1514 460 1575 mundanae
484 1513 630 1592 sphaerae
656 1525 789 1577 centrum
813 1518 900 1577 decet
919 1535 986 1577 esse
1011 1517 1233 1578 ornatissimum
1259 1536 1382 1597 corpore
1402 1517 1536 1580 ornatis-

177 1604 269 1676 simo,
295 1601 335 1663 ob
359 1602 455 1664 lucent
479 1611 509 1663 et
533 1602 671 1677 animam,
696 1613 727 1665 ut
750 1604 829 1665 iufra
853 1605 978 1667 dicetur.

269 1691 403 1752 Tertiam
428 1709 524 1752 meum
550 1701 754 1769 argumentum
779 1695 874 1755 estid
894 1695 973 1774 quod
998 1695 1197 1755 Prodromo
1222 1713 1273 1754 seu
1292 1694 1440 1775 Mysterio
1463 1713 1536 1775 per·

178 1790 207 1842 tr
208 1779 322 1851 ratam,
347 1787 476 1841 sumtum
500 1801 518 1840 a
541 1779 561 1842 5
574 1780 759 1881 corporibus
783 1783 982 1862 regularibus,
1006 1784 1125 1862 dignum
1149 1802 1222 1843 voce
1247 1778 1373 1861 ιὺρηκαι

269 1865 420 1943 Quartum
445 1890 463 1929 a
487 1877 578 1941 motu,
605 1868 633 1929 in
657 1871 780 1932 Marte
803 1871 943 1951 probavi,
969 1870 1071 1933 Solem
1095 1890 1163 1932 esse
1198 1873 1312 1932 fontem
1337 1880 1445 1933 motus.
1493 1872 1538 1933 At

177 1955 330 2024 convenit,
356 1958 469 2018 fontem
493 1976 560 2017 esse
586 1957 613 2018 in
638 1959 744 2032 medio,
771 1968 803 2020 ut
826 1960 974 2021 emanatio
1000 1960 1040 2021 sit
1063 1960 1208 2061 aequalis.
1256 1960 1410 2037 Amplius,
1437 1968 1537 2046 motos

177 2044 358 2126 principium
383 2046 473 2107 debet
497 2045 659 2124 quiescere.
708 2047 765 2108 Est
753 2058 859 2110 tvero
883 2049 1011 2109 medinm
1035 2050 1117 2109 locus
1142 2046 1260 2128 quietis.

269 2134 413 2204 Quintum
438 2144 486 2195 est
508 2144 614 2196 contra
638 2136 819 2236 Tpclrouem.
866 2137 1057 2199 Assumimns
1088 2145 1211 2215 uterque
1243 2135 1370 2216 quinque
1395 2134 1537 2214 planetas

177 2225 260 2287 circa
283 2223 386 2287 Solem
411 2223 540 2295 moveri,
565 2223 654 2284 ille
647 2243 766 2303 insuper
790 2235 821 2286 et
845 2225 946 2287 Solem
971 2235 1002 2287 et
1026 2233 1124 2287 totum
1152 2232 1287 2306 systema
1310 2224 1392 2285 circa
1415 2222 1540 2285 Terram

177 2321 289 2375 movet.
338 2311 522 2391 Copernicus
553 2332 605 2372 sex
637 2331 763 2392 corpora
791 2315 871 2376 circa
899 2314 1002 2377 Solem
1035 2314 1173 2388 ordinat,
1207 2314 1323 2374 Lunam
1353 2330 1423 2372 vero
1458 2312 1540 2374 circa

179 2403 317 2465 Terram.
364 2402 410 2461 At
440 2399 624 2480 probabilius
656 2411 722 2473 est,
756 2423 844 2464 unam
876 2405 992 2465 Lunam
1026 2403 1136 2483 duplici
1171 2412 1252 2463 motu
1286 2400 1416 2473 moveri,
1452 2419 1540 2481 quam

179 2491 309 2572 quinque
340 2490 498 2569 planetas,
533 2509 598 2550 cum
631 2509 685 2569 per
708 2510 740 2552 se
773 2500 835 2553 tum
870 2493 940 2573 qnia
964 2493 1050 2554 Luna
1085 2499 1116 2552 et
1103 2491 1168 2552 tin
1202 2488 1417 2571 phoenomenis
1447 2488 1541 2551 habet

179 2588 391 2659 argumentum
416 2579 502 2658 hujus
525 2578 578 2652 rei,
605 2578 698 2639 ceteri
722 2581 843 2642 nullum.

270 2667 397 2731 Sextum
421 2675 469 2728 est
491 2666 694 2746 peculiarem
720 2671 818 2730 lllarte
847 2689 928 2740 meo,
961 2678 991 2729 ct
1019 2678 1125 2729 contra
1156 2669 1281 2728 euudem
1306 2619 1478 2746 'lyclronenr
1502 2685 1539 2726 er

180 2758 288 2819 iisdem
312 2757 466 2819 assumtis.
514 2755 638 2816 Summa
662 2758 737 2818 haee
761 2767 823 2819 est:
860 2759 884 2820 si
910 2758 963 2819 Sul
988 2766 1123 2818 movetur
1146 2755 1227 2817 circa
1251 2756 1390 2828 Terr,anr
1417 2773 1540 2815 necesse

179 2855 231 2908 est
254 2845 338 2908 illurn
365 2853 396 2906 ut
420 2854 536 2906 ceteros
567 2846 740 2923 planetas'
733 2866 760 2907 ro
792 2856 874 2908 motu
898 2867 952 2908 suo
985 2846 1098 2907 intendi
1123 2853 1154 2906 et
1184 2844 1313 2915 remitti,
1348 2844 1435 2923 idque
1464 2842 1541 2906 citra

179 2934 298 2997 orbium
321 2933 529 3001 ministerium,
555 2933 604 3012 qui
629 2935 700 2995 nulli
725 2945 805 2997 sunt.
852 2937 897 2998 Ar
921 2935 977 2997 hoe
1001 2934 1186 2997 incredibile.
1233 2932 1387 3014 Amplius,
1417 2948 1540 2995 necesse
1604 3009 1606 3014 Ι

179 3034 230 3086 est
254 3022 357 3086 Solem
381 3022 596 3084 nobilissimum
621 3044 640 3082 a
664 3023 758 3084 Terra
781 3025 905 3103 ignobili
929 3023 1056 3097 moveri,
1081 3024 1160 3085 sicut
1190 3023 1318 3104 quinque
1343 3020 1450 3101 reliqui
1473 3039 1541 3083 mo-

180 3122 290 3174 rentur
313 3133 332 3172 a
355 3110 446 3185 Sole;
480 3112 535 3172 lroc
568 3110 822 3174 absurdissimum.
868 3112 951 3191 Ergo
983 3113 1083 3192 potins
1113 3112 1208 3173 Terra
1237 3131 1297 3172 una
1325 3129 1390 3172 cnm
1420 3110 1542 3192 reliquis

179 3201 313 3283 quinque
336 3199 503 3262 movebitur
527 3223 544 3260 a
568 3198 639 3260 Sole
665 3208 696 3260 et
720 3203 785 3262 sola
810 3203 897 3262 Luna
921 3222 939 3261 a
963 3202 1067 3262 Terra.
1115 3198 1218 3261 Series
1250 3199 1540 3262 demonstrationum

179 3294 238 3353 lruc
262 3288 477 3370 pertinentium
502 3297 550 3349 est
572 3288 666 3349 haec:

271 3379 372 3441 Primo
396 3379 627 3450 demonstratur,
653 3377 909 3439 eccentricitatem
926 3376 1007 3440 Solis
1030 3378 1217 3439 verissimam
1242 3395 1309 3437 esse
1328 3372 1422 3446 1800,
1450 3375 1539 3436 dirui-

179 3469 261 3531 dium
286 3469 396 3529 saltem
421 3468 496 3546 ejus,
530 3467 607 3546 quod
632 3486 781 3546 apparens
804 3474 903 3527 motus
936 3467 1066 3528 tarditas
1091 3476 1122 3525 et
1152 3466 1299 3526 velocitas
1334 3463 1484 3536 ostendit,
1509 3473 1541 3524 et

181 3577 275 3639 quam
300 3557 404 3639 Tyclro
429 3552 706 3620 36001nvenerat.

271 3646 411 3709 Secundo
436 3648 667 3719 demonstratur,
693 3653 803 3705 motuni
828 3664 929 3707 verum
947 3646 974 3706 in
999 3642 1177 3715 eccentrico,
1203 3651 1308 3702 contra
1327 3658 1415 3719 quam
1434 3640 1540 3701 crede-

182 3738 276 3798 batur
299 3736 456 3804 hactenus,
481 3735 593 3797 intendi
618 3743 650 3795 et
673 3733 785 3794 remitti
809 3734 846 3796 ad
871 3734 1092 3816 proportionem
1116 3729 1253 3792 variatae
1278 3727 1441 3790 distantiae
1460 3726 1541 3791 Solis

180 3850 200 3887 a
225 3826 331 3887 Terra.

270 3912 375 3975 Tertio
400 3912 623 3973 demonstratur
647 3913 782 3992 exemplo
804 3918 950 3987 staterae,
976 3929 1098 3972 cansam
1118 3907 1227 3970 variati
1247 3916 1344 3969 motus
1369 3907 1541 3970 necessario

177 4003 314 4066 residere
346 4001 376 4062 in
408 4019 530 4079 corpore
564 4001 640 4062 uude
673 4010 862 4081 computatur
894 3999 1060 4063 distantia:
1094 4007 1127 4059 ut
1159 3998 1184 4059 si
1220 3996 1273 4058 Sol
1310 4007 1375 4068 est,
1411 3996 1461 4076 qui
1493 3996 1541 4057 bic

178 4099 340 4163 moretur,
372 4109 467 4151 causa
499 4089 565 4167 ejus
595 4088 703 4149 variati
732 4099 831 4152 motus
856 4089 1002 4151 residebit
1033 4089 1062 4149 in
1091 4088 1201 4147 Terra:
1227 4087 1253 4147 si
1277 4088 1371 4147 Terra
1396 4092 1540 4156 movetur,

178 4201 277 4243 causa
301 4179 390 4258 hujus
426 4176 600 4238 variationis
631 4189 730 4238 motus
763 4173 908 4240 residebit
933 4180 960 4240 in
986 4178 1067 4239 Sole.
1116 4176 1229 4236 Eodem
1263 4184 1438 4251 argumento
1470 4190 1542 4233 vero

177 4281 212 4331 et
235 4289 332 4330 causa
355 4286 407 4328 rur
439 4266 567 4347 quinque
601 4267 788 4349 planetarum
818 4276 915 4329 motus
950 4267 1102 4328 rarientnr
1134 4264 1248 4326 residet
1277 4264 1306 4324 iu
1332 4261 1419 4334 Sole,
1454 4268 1543 4322 utet

176 4378 275 4421 causa
305 4354 471 4436 inaequalis
495 4365 594 4418 mutus
619 4356 747 4417 Lunaris
773 4355 801 4417 iu
825 4357 928 4419 Terra.
971 4356 1011 4416 Ει
1036 4356 1079 4416 sic
1103 4355 1159 4415 hoc
1184 4360 1302 4413 sextum
1333 4357 1541 4429 argumentum

178 4448 307 4509 tandem
331 4445 552 4525 appropinquat
575 4454 682 4526 quarto
698 4455 729 4506 et
752 4445 864 4525 quinto.
904 4446 980 4508 Cum
1005 4444 1082 4506 enim
1098 4442 1151 4504 Sol
1177 4443 1401 4502 demonstratur
1424 4456 1542 4500 movere

177 4539 325 4617 planetae
349 4534 476 4614 quinque
501 4543 593 4609 certe,
618 4535 713 4595 Terra
735 4554 806 4596 vero
831 4536 962 4607 Lunam,
987 4536 1023 4594 de
1048 4551 1104 4593 uno
1129 4550 1199 4593 vero
1224 4537 1304 4590 motu
1336 4526 1543 4589 controversia

178 4635 240 4694 est,
265 4644 303 4686 an
326 4624 353 4685 is
376 4624 488 4684 Terrae
512 4632 545 4684 ut
568 4642 678 4684 causae
703 4623 745 4684 sit
768 4623 952 4694 tribuendus,
979 4643 1015 4683 an
1042 4640 1111 4682 vero
1136 4620 1202 4681 Soli
1226 4618 1279 4685 sic,
1304 4627 1336 4677 ut
1361 4624 1414 4678 aut
1437 4617 1541 4690 Terre,

178 4733 260 4793 quae
284 4714 403 4774 Lunam
428 4721 529 4773 moret
552 4712 733 4785 immediate,
760 4721 881 4773 ruoveat
904 4720 936 4772 et
960 4711 1061 4773 Solem
1092 4708 1279 4781 immediate,
1309 4717 1339 4766 et
1363 4724 1416 4785 per
1439 4703 1542 4767 Solem

178 4803 275 4864 etiam
299 4800 431 4880 reliquos
462 4799 589 4881 quinque
623 4802 770 4863 mediate:
805 4810 858 4862 aut
886 4812 919 4862 ut
943 4800 1012 4871 Sol,
1046 4798 1094 4878 qni
1125 4797 1254 4875 reliquos
1285 4796 1411 4874 quinque
1443 4803 1545 4856 movet

179 4891 370 4963 immediate,
409 4900 529 4951 moreat
559 4902 590 4951 et
618 4891 740 4950 Terram
776 4891 962 4963 immediate,
1002 4900 1032 4949 et
1060 4907 1113 4967 per
1138 4888 1260 4947 Terram
1292 4893 1414 4945 moreat
1450 4883 1542 4945 etiam

179 4983 300 5046 Lunam
325 4978 473 5041 mediate:
502 4979 619 5041 omnino
644 4997 697 5057 pro
721 4977 792 5040 Sole
817 4979 1029 5049 concludatur,
1053 4987 1085 5038 ιι
1114 4975 1163 5057 qui
1188 4976 1254 5035 fons
1280 4984 1327 5036 est
1351 4973 1425 5037 lucis
1449 4973 1490 5036 sit
1512 4980 1544 5038 et
