<?xml version="1.0" encoding="UTF-8"?>
<!DOCTYPE html PUBLIC "-//W3C//DTD XHTML 1.0 Transitional//EN"
    "http://www.w3.org/TR/xhtml1/DTD/xhtml1-transitional.dtd">
<html xmlns="http://www.w3.org/1999/xhtml" xml:lang="en" lang="en">
 <head>
  <title>
</title>
<meta http-equiv="Content-Type" content="text/html;charset=utf-8" />
  <meta name='ocr-system' content='tesseract 3.04.00' />
  <meta name='ocr-capabilities' content='ocr_page ocr_carea ocr_par ocr_line ocrx_word'/>
</head>
<body>
  <div class='ocr_page' id='page_1' title='image "./joanniskepleria01frisgoog/joanniskepleria01frisgoog_0309.png"; bbox 0 0 3692 5842; ppageno 0'>
   <div class='ocr_carea' id='block_1_1' title="bbox 826 394 1604 528">
    <p class='ocr_par' dir='ltr' id='par_1_1' title="bbox 826 394 1604 528">
     <span class='ocr_line' id='line_1_1' title="bbox 826 394 1604 528; baseline -0.001 -18"><span class='ocrx_word' id='word_1_1' title='bbox 826 461 908 525; x_wconf 70' lang='lat' dir='ltr'><strong>capa</strong></span> <span class='ocrx_word' id='word_1_2' title='bbox 926 460 971 509; x_wconf 88' lang='lat' dir='ltr'><strong>vr.</strong></span> <span class='ocrx_word' id='word_1_3' title='bbox 985 394 1034 509; x_wconf 73' lang='lat' dir='ltr'><strong>ra.</strong></span> <span class='ocrx_word' id='word_1_4' title='bbox 1539 458 1604 528; x_wconf 77' lang='lat'><strong>295</strong></span> 
     </span>
    </p>
   </div>
   <div class='ocr_carea' id='block_1_2' title="bbox 241 635 1635 2312">
    <p class='ocr_par' dir='ltr' id='par_1_2' title="bbox 241 635 1635 1501">
     <span class='ocr_line' id='line_1_2' title="bbox 242 635 1604 718; baseline 0.002 -20"><span class='ocrx_word' id='word_1_5' title='bbox 242 636 282 698; x_wconf 83' lang='lat' dir='ltr'><strong>ad</strong></span> <span class='ocrx_word' id='word_1_6' title='bbox 298 636 454 698; x_wconf 88' lang='lat' dir='ltr'><strong>Venerem</strong></span> <span class='ocrx_word' id='word_1_7' title='bbox 478 642 546 697; x_wconf 89' lang='lat' dir='ltr'><strong>octo</strong></span> <span class='ocrx_word' id='word_1_8' title='bbox 570 635 690 699; x_wconf 90' lang='lat' dir='ltr'><strong>circiter</strong></span> <span class='ocrx_word' id='word_1_9' title='bbox 713 639 834 718; x_wconf 90' lang='lat' dir='ltr'><strong>gradus,</strong></span> <span class='ocrx_word' id='word_1_10' title='bbox 861 646 892 699; x_wconf 91' lang='lat' dir='ltr'><strong>et</strong></span> <span class='ocrx_word' id='word_1_11' title='bbox 914 644 1040 716; x_wconf 90' lang='lat' dir='ltr'><strong>utraque</strong></span> <span class='ocrx_word' id='word_1_12' title='bbox 1063 656 1117 717; x_wconf 89' lang='lat' dir='ltr'><strong>per</strong></span> <span class='ocrx_word' id='word_1_13' title='bbox 1138 637 1264 697; x_wconf 89' lang='lat' dir='ltr'><strong>eandem</strong></span> <span class='ocrx_word' id='word_1_14' title='bbox 1278 638 1440 699; x_wconf 72' lang='lat' dir='ltr'><strong>fenestram</strong></span> <span class='ocrx_word' id='word_1_15' title='bbox 1460 637 1604 713; x_wconf 76' lang='lat' dir='ltr'><strong>radiaret,</strong></span> 
     </span>
     <span class='ocr_line' id='line_1_3' title="bbox 242 724 1604 807; baseline 0.004 -23"><span class='ocrx_word' id='word_1_16' title='bbox 242 724 429 787; x_wconf 89' lang='lat' dir='ltr'><strong>videbantur</strong></span> <span class='ocrx_word' id='word_1_17' title='bbox 453 724 605 805; x_wconf 85' lang='lat' dir='ltr'><strong>utriusque</strong></span> <span class='ocrx_word' id='word_1_18' title='bbox 629 726 706 788; x_wconf 91' lang='lat' dir='ltr'><strong>radii</strong></span> <span class='ocrx_word' id='word_1_19' title='bbox 729 727 759 788; x_wconf 92' lang='lat' dir='ltr'><strong>in</strong></span> <span class='ocrx_word' id='word_1_20' title='bbox 782 728 859 788; x_wconf 90' lang='lat' dir='ltr'><strong>eatis</strong></span> <span class='ocrx_word' id='word_1_21' title='bbox 883 726 1015 787; x_wconf 91' lang='lat' dir='ltr'><strong>evidenti</strong></span> <span class='ocrx_word' id='word_1_22' title='bbox 1034 726 1236 805; x_wconf 81' lang='lat' dir='ltr'><strong>proportione,</strong></span> <span class='ocrx_word' id='word_1_23' title='bbox 1261 726 1306 787; x_wconf 91' lang='lat' dir='ltr'><strong>sic</strong></span> <span class='ocrx_word' id='word_1_24' title='bbox 1329 734 1363 785; x_wconf 92' lang='lat' dir='ltr'><strong>ut</strong></span> <span class='ocrx_word' id='word_1_25' title='bbox 1377 726 1463 788; x_wconf 89' lang='lat' dir='ltr'><strong>Luna</strong></span> <span class='ocrx_word' id='word_1_26' title='bbox 1486 728 1604 807; x_wconf 91' lang='lat' dir='ltr'><strong>quidem</strong></span> 
     </span>
     <span class='ocr_line' id='line_1_4' title="bbox 242 812 1602 895; baseline 0.002 -20"><span class='ocrx_word' id='word_1_27' title='bbox 242 814 337 875; x_wconf 88' lang='lat' dir='ltr'><strong>molto</strong></span> <span class='ocrx_word' id='word_1_28' title='bbox 361 812 475 875; x_wconf 88' lang='lat' dir='ltr'><strong>clarius</strong></span> <span class='ocrx_word' id='word_1_29' title='bbox 498 813 662 875; x_wconf 82' lang='lat' dir='ltr'><strong>irradiaret</strong></span> <span class='ocrx_word' id='word_1_30' title='bbox 685 834 773 895; x_wconf 89' lang='lat' dir='ltr'><strong>quam</strong></span> <span class='ocrx_word' id='word_1_31' title='bbox 796 815 921 889; x_wconf 89' lang='lat' dir='ltr'><strong>Venus,</strong></span> <span class='ocrx_word' id='word_1_32' title='bbox 946 835 1019 876; x_wconf 91' lang='lat' dir='ltr'><strong>sane</strong></span> <span class='ocrx_word' id='word_1_33' title='bbox 1044 815 1114 895; x_wconf 90' lang='lat' dir='ltr'><strong>quia</strong></span> <span class='ocrx_word' id='word_1_34' title='bbox 1137 822 1167 875; x_wconf 91' lang='lat' dir='ltr'><strong>et</strong></span> <span class='ocrx_word' id='word_1_35' title='bbox 1190 813 1288 893; x_wconf 89' lang='lat' dir='ltr'><strong>majus</strong></span> <span class='ocrx_word' id='word_1_36' title='bbox 1313 833 1350 875; x_wconf 90' lang='lat' dir='ltr'><strong>ea</strong></span> <span class='ocrx_word' id='word_1_37' title='bbox 1373 833 1464 876; x_wconf 91' lang='lat' dir='ltr'><strong>cornu</strong></span> <span class='ocrx_word' id='word_1_38' title='bbox 1487 816 1602 892; x_wconf 88' lang='lat' dir='ltr'><strong>Lunae,</strong></span> 
     </span>
     <span class='ocr_line' id='line_1_5' title="bbox 241 901 1635 984; baseline 0.001 -21"><span class='ocrx_word' id='word_1_39' title='bbox 241 903 301 963; x_wconf 85' lang='lat' dir='ltr'><strong>sed</strong></span> <span class='ocrx_word' id='word_1_40' title='bbox 324 912 426 963; x_wconf 88' lang='lat' dir='ltr'><strong>tamen</strong></span> <span class='ocrx_word' id='word_1_41' title='bbox 451 901 574 963; x_wconf 87' lang='lat' dir='ltr'><strong>evidens</strong></span> <span class='ocrx_word' id='word_1_42' title='bbox 595 912 679 965; x_wconf 89' lang='lat' dir='ltr'><strong>esset</strong></span> <span class='ocrx_word' id='word_1_43' title='bbox 698 905 854 966; x_wconf 88' lang='lat' dir='ltr'><strong>distinctio</strong></span> <span class='ocrx_word' id='word_1_44' title='bbox 869 902 1022 982; x_wconf 87' lang='lat' dir='ltr'><strong>marginis,</strong></span> <span class='ocrx_word' id='word_1_45' title='bbox 1046 904 1095 965; x_wconf 91' lang='lat' dir='ltr'><strong>ubi</strong></span> <span class='ocrx_word' id='word_1_46' title='bbox 1111 903 1331 965; x_wconf 86' lang='lat' dir='ltr'><strong>concurrebant</strong></span> <span class='ocrx_word' id='word_1_47' title='bbox 1348 903 1424 965; x_wconf 87' lang='lat' dir='ltr'><strong>radii</strong></span> <span class='ocrx_word' id='word_1_48' title='bbox 1439 904 1603 984; x_wconf 90' lang='lat' dir='ltr'><strong>utriusque,</strong></span> <span class='ocrx_word' id='word_1_49' title='bbox 1634 929 1635 933; x_wconf 43' lang='lat'>¹</span> 
     </span>
     <span class='ocr_line' id='line_1_6' title="bbox 243 990 1603 1073; baseline 0.001 -20"><span class='ocrx_word' id='word_1_50' title='bbox 243 1014 263 1053; x_wconf 91' lang='lat' dir='ltr'><strong>a</strong></span> <span class='ocrx_word' id='word_1_51' title='bbox 294 990 483 1070; x_wconf 79' lang='lat' dir='ltr'><strong>marginibus</strong></span> <span class='ocrx_word' id='word_1_52' title='bbox 516 990 609 1053; x_wconf 91' lang='lat' dir='ltr'><strong>solius</strong></span> <span class='ocrx_word' id='word_1_53' title='bbox 637 993 778 1054; x_wconf 90' lang='lat' dir='ltr'><strong>Veneris.</strong></span> <span class='ocrx_word' id='word_1_54' title='bbox 824 992 1053 1071; x_wconf 90' lang='lat' dir='ltr'><strong>Proportionem</strong></span> <span class='ocrx_word' id='word_1_55' title='bbox 1088 992 1282 1071; x_wconf 85' lang='lat' dir='ltr'><strong>conjiciebam</strong></span> <span class='ocrx_word' id='word_1_56' title='bbox 1316 992 1464 1054; x_wconf 85' lang='lat' dir='ltr'><strong>claritatis</strong></span> <span class='ocrx_word' id='word_1_57' title='bbox 1496 1012 1603 1073; x_wconf 86' lang='lat' dir='ltr'><strong>super-</strong></span> 
     </span>
     <span class='ocr_line' id='line_1_7' title="bbox 243 1080 1602 1161; baseline 0 -18"><span class='ocrx_word' id='word_1_58' title='bbox 243 1080 387 1154; x_wconf 83' lang='lat' dir='ltr'><strong>ficierum,</strong></span> <span class='ocrx_word' id='word_1_59' title='bbox 413 1098 489 1160; x_wconf 88' lang='lat' dir='ltr'><strong>quae</strong></span> <span class='ocrx_word' id='word_1_60' title='bbox 512 1101 532 1140; x_wconf 92' lang='lat' dir='ltr'><strong>a</strong></span> <span class='ocrx_word' id='word_1_61' title='bbox 554 1080 657 1155; x_wconf 91' lang='lat' dir='ltr'><strong>Luna,</strong></span> <span class='ocrx_word' id='word_1_62' title='bbox 682 1100 758 1161; x_wconf 84' lang='lat' dir='ltr'><strong>quae</strong></span> <span class='ocrx_word' id='word_1_63' title='bbox 783 1104 800 1142; x_wconf 90' lang='lat' dir='ltr'><strong>a</strong></span> <span class='ocrx_word' id='word_1_64' title='bbox 824 1082 964 1154; x_wconf 86' lang='lat' dir='ltr'><strong>Venere,</strong></span> <span class='ocrx_word' id='word_1_65' title='bbox 999 1092 1030 1143; x_wconf 91' lang='lat' dir='ltr'><strong>et</strong></span> <span class='ocrx_word' id='word_1_66' title='bbox 1054 1101 1129 1161; x_wconf 89' lang='lat' dir='ltr'><strong>quae</strong></span> <span class='ocrx_word' id='word_1_67' title='bbox 1154 1081 1192 1141; x_wconf 91' lang='lat' dir='ltr'><strong>ab</strong></span> <span class='ocrx_word' id='word_1_68' title='bbox 1217 1088 1342 1160; x_wconf 90' lang='lat' dir='ltr'><strong>utraque</strong></span> <span class='ocrx_word' id='word_1_69' title='bbox 1372 1081 1602 1155; x_wconf 78' lang='lat' dir='ltr'><strong>illuminabatur,</strong></span> 
     </span>
     <span class='ocr_line' id='line_1_8' title="bbox 243 1164 1604 1249; baseline 0.001 -19"><span class='ocrx_word' id='word_1_70' title='bbox 243 1188 312 1230; x_wconf 88' lang='lat' dir='ltr'><strong>eam</strong></span> <span class='ocrx_word' id='word_1_71' title='bbox 334 1186 411 1249; x_wconf 91' lang='lat' dir='ltr'><strong>qnae</strong></span> <span class='ocrx_word' id='word_1_72' title='bbox 436 1176 484 1229; x_wconf 91' lang='lat' dir='ltr'><strong>est</strong></span> <span class='ocrx_word' id='word_1_73' title='bbox 507 1164 528 1230; x_wconf 82' lang='grc'><strong>4</strong></span> <span class='ocrx_word' id='word_1_74' title='bbox 552 1170 591 1229; x_wconf 90' lang='lat' dir='ltr'><strong>ad</strong></span> <span class='ocrx_word' id='word_1_75' title='bbox 618 1168 630 1230; x_wconf 89' lang='lat' dir='ltr'><strong>l</strong></span> <span class='ocrx_word' id='word_1_76' title='bbox 660 1167 741 1233; x_wconf 84' lang='grc'><strong>115.</strong></span> <span class='ocrx_word' id='word_1_77' title='bbox 775 1170 952 1234; x_wconf 88' lang='lat' dir='ltr'><strong>Undulabat</strong></span> <span class='ocrx_word' id='word_1_78' title='bbox 971 1170 1071 1231; x_wconf 87' lang='lat' dir='ltr'><strong>radius</strong></span> <span class='ocrx_word' id='word_1_79' title='bbox 1095 1168 1225 1232; x_wconf 89' lang='lat' dir='ltr'><strong>Veneris</strong></span> <span class='ocrx_word' id='word_1_80' title='bbox 1248 1170 1417 1249; x_wconf 91' lang='lat' dir='ltr'><strong>plurimum,</strong></span> <span class='ocrx_word' id='word_1_81' title='bbox 1442 1178 1476 1231; x_wconf 93' lang='lat' dir='ltr'><strong>at</strong></span> <span class='ocrx_word' id='word_1_82' title='bbox 1498 1170 1604 1233; x_wconf 89' lang='lat' dir='ltr'><strong>Lunae</strong></span> 
     </span>
     <span class='ocr_line' id='line_1_9' title="bbox 243 1256 1604 1339; baseline 0 -20"><span class='ocrx_word' id='word_1_83' title='bbox 243 1258 334 1339; x_wconf 87' lang='lat' dir='ltr'><strong>plane</strong></span> <span class='ocrx_word' id='word_1_84' title='bbox 359 1256 444 1320; x_wconf 90' lang='lat' dir='ltr'><strong>nihil.</strong></span> <span class='ocrx_word' id='word_1_85' title='bbox 489 1256 572 1336; x_wconf 81' lang='lat' dir='ltr'><strong>Ergo</strong></span> <span class='ocrx_word' id='word_1_86' title='bbox 597 1259 727 1320; x_wconf 89' lang='lat' dir='ltr'><strong>ethaeo</strong></span> <span class='ocrx_word' id='word_1_87' title='bbox 760 1268 792 1320; x_wconf 89' lang='lat' dir='ltr'><strong>et</strong></span> <span class='ocrx_word' id='word_1_88' title='bbox 822 1258 957 1339; x_wconf 90' lang='lat' dir='ltr'><strong>superior</strong></span> <span class='ocrx_word' id='word_1_89' title='bbox 989 1259 1146 1320; x_wconf 89' lang='lat' dir='ltr'><strong>undulatio</strong></span> <span class='ocrx_word' id='word_1_90' title='bbox 1175 1259 1294 1319; x_wconf 90' lang='lat' dir='ltr'><strong>fuerunt</strong></span> <span class='ocrx_word' id='word_1_91' title='bbox 1325 1279 1345 1318; x_wconf 92' lang='lat' dir='ltr'><strong>a</strong></span> <span class='ocrx_word' id='word_1_92' title='bbox 1376 1258 1450 1319; x_wconf 89' lang='lat' dir='ltr'><strong>reali</strong></span> <span class='ocrx_word' id='word_1_93' title='bbox 1474 1258 1604 1319; x_wconf 89' lang='lat' dir='ltr'><strong>Veneris</strong></span> 
     </span>
     <span class='ocr_line' id='line_1_10' title="bbox 243 1345 1603 1427; baseline -0.001 -18"><span class='ocrx_word' id='word_1_94' title='bbox 243 1345 481 1419; x_wconf 89' lang='lat' dir='ltr'><strong>scintillatione;</strong></span> <span class='ocrx_word' id='word_1_95' title='bbox 511 1365 567 1406; x_wconf 92' lang='lat' dir='ltr'><strong>uon</strong></span> <span class='ocrx_word' id='word_1_96' title='bbox 592 1365 663 1407; x_wconf 91' lang='lat' dir='ltr'><strong>vero</strong></span> <span class='ocrx_word' id='word_1_97' title='bbox 696 1354 731 1408; x_wconf 94' lang='lat' dir='ltr'><strong>ut</strong></span> <span class='ocrx_word' id='word_1_98' title='bbox 757 1348 943 1410; x_wconf 89' lang='lat' dir='ltr'><strong>credideram</strong></span> <span class='ocrx_word' id='word_1_99' title='bbox 972 1367 1009 1409; x_wconf 86' lang='lat' dir='ltr'><strong>ex</strong></span> <span class='ocrx_word' id='word_1_100' title='bbox 1042 1354 1112 1410; x_wconf 72' lang='lat' dir='ltr'><strong>abre</strong></span> <span class='ocrx_word' id='word_1_101' title='bbox 1131 1347 1195 1427; x_wconf 89' lang='lat' dir='ltr'><strong>jam</strong></span> <span class='ocrx_word' id='word_1_102' title='bbox 1219 1348 1248 1408; x_wconf 93' lang='lat' dir='ltr'><strong>in</strong></span> <span class='ocrx_word' id='word_1_103' title='bbox 1273 1354 1394 1409; x_wconf 89' lang='lat' dir='ltr'><strong>ventum</strong></span> <span class='ocrx_word' id='word_1_104' title='bbox 1418 1354 1603 1409; x_wconf 85' lang='lat' dir='ltr'><strong>transeunte.</strong></span> 
     </span>
     <span class='ocr_line' id='line_1_11' title="bbox 243 1434 1198 1501; baseline 0.004 -4"><span class='ocrx_word' id='word_1_105' title='bbox 243 1434 431 1497; x_wconf 80' lang='lat' dir='ltr'><strong>Attinmseet</strong></span> <span class='ocrx_word' id='word_1_106' title='bbox 454 1434 535 1495; x_wconf 91' lang='lat' dir='ltr'><strong>enim</strong></span> <span class='ocrx_word' id='word_1_107' title='bbox 557 1442 590 1497; x_wconf 90' lang='lat' dir='ltr'><strong>et</strong></span> <span class='ocrx_word' id='word_1_108' title='bbox 611 1436 741 1498; x_wconf 89' lang='lat' dir='ltr'><strong>Lunam.</strong></span> <span class='ocrx_word' id='word_1_109' title='bbox 1193 1493 1198 1501; x_wconf 90' lang='lat'><strong>.</strong></span> 
     </span>
    </p>

    <p class='ocr_par' dir='ltr' id='par_1_3' title="bbox 241 1522 1603 2312">
     <span class='ocr_line' id='line_1_12' title="bbox 332 1522 1601 1606; baseline 0.001 -21"><span class='ocrx_word' id='word_1_110' title='bbox 332 1522 427 1585; x_wconf 91' lang='lat' dir='ltr'><strong>Porro</strong></span> <span class='ocrx_word' id='word_1_111' title='bbox 458 1524 535 1584; x_wconf 89' lang='lat' dir='ltr'><strong>hanc</strong></span> <span class='ocrx_word' id='word_1_112' title='bbox 567 1524 605 1585; x_wconf 91' lang='lat' dir='ltr'><strong>de</strong></span> <span class='ocrx_word' id='word_1_113' title='bbox 639 1524 797 1586; x_wconf 91' lang='lat' dir='ltr'><strong>luminibus</strong></span> <span class='ocrx_word' id='word_1_114' title='bbox 830 1524 976 1598; x_wconf 90' lang='lat' dir='ltr'><strong>siderum,</strong></span> <span class='ocrx_word' id='word_1_115' title='bbox 1011 1524 1147 1604; x_wconf 88' lang='lat' dir='ltr'><strong>quamvis</strong></span> <span class='ocrx_word' id='word_1_116' title='bbox 1184 1522 1340 1605; x_wconf 83' lang='lat' dir='ltr'><strong>physicam</strong></span> <span class='ocrx_word' id='word_1_117' title='bbox 1377 1524 1475 1603; x_wconf 89' lang='lat' dir='ltr'><strong>magis</strong></span> <span class='ocrx_word' id='word_1_118' title='bbox 1512 1543 1601 1606; x_wconf 91' lang='lat' dir='ltr'><strong>quam</strong></span> 
     </span>
     <span class='ocr_line' id='line_1_13' title="bbox 242 1612 1601 1693; baseline 0 -18"><span class='ocrx_word' id='word_1_119' title='bbox 242 1613 475 1675; x_wconf 78' lang='lat' dir='ltr'><strong>astronomicam</strong></span> <span class='ocrx_word' id='word_1_120' title='bbox 499 1613 680 1675; x_wconf 90' lang='lat' dir='ltr'><strong>mentionem</strong></span> <span class='ocrx_word' id='word_1_121' title='bbox 704 1622 790 1676; x_wconf 89' lang='lat' dir='ltr'><strong>tanto</strong></span> <span class='ocrx_word' id='word_1_122' title='bbox 815 1613 957 1675; x_wconf 91' lang='lat' dir='ltr'><strong>libentius</strong></span> <span class='ocrx_word' id='word_1_123' title='bbox 982 1614 1079 1693; x_wconf 89' lang='lat' dir='ltr'><strong>injeci,</strong></span> <span class='ocrx_word' id='word_1_124' title='bbox 1104 1612 1182 1692; x_wconf 90' lang='lat' dir='ltr'><strong>quod</strong></span> <span class='ocrx_word' id='word_1_125' title='bbox 1206 1632 1263 1674; x_wconf 92' lang='lat' dir='ltr'><strong>nou</strong></span> <span class='ocrx_word' id='word_1_126' title='bbox 1288 1612 1472 1691; x_wconf 89' lang='lat' dir='ltr'><strong>impossibile</strong></span> <span class='ocrx_word' id='word_1_127' title='bbox 1493 1612 1601 1675; x_wconf 87' lang='lat' dir='ltr'><strong>existi-</strong></span> 
     </span>
     <span class='ocr_line' id='line_1_14' title="bbox 242 1699 1602 1782; baseline 0 -19"><span class='ocrx_word' id='word_1_128' title='bbox 242 1720 339 1776; x_wconf 87' lang='lat' dir='ltr'><strong>mem,</strong></span> <span class='ocrx_word' id='word_1_129' title='bbox 365 1699 507 1772; x_wconf 88' lang='lat' dir='ltr'><strong>Veneris,</strong></span> <span class='ocrx_word' id='word_1_130' title='bbox 529 1699 616 1763; x_wconf 87' lang='lat' dir='ltr'><strong>Jovis</strong></span> <span class='ocrx_word' id='word_1_131' title='bbox 640 1703 824 1782; x_wconf 88' lang='lat' dir='ltr'><strong>aliarumque</strong></span> <span class='ocrx_word' id='word_1_132' title='bbox 847 1703 1004 1763; x_wconf 91' lang='lat' dir='ltr'><strong>stellarum</strong></span> <span class='ocrx_word' id='word_1_133' title='bbox 1028 1702 1180 1762; x_wconf 89' lang='lat' dir='ltr'><strong>azimntha</strong></span> <span class='ocrx_word' id='word_1_134' title='bbox 1203 1709 1236 1761; x_wconf 92' lang='lat' dir='ltr'><strong>et</strong></span> <span class='ocrx_word' id='word_1_135' title='bbox 1258 1701 1448 1763; x_wconf 83' lang='lat' dir='ltr'><strong>altitudinem</strong></span> <span class='ocrx_word' id='word_1_136' title='bbox 1471 1720 1524 1780; x_wconf 91' lang='lat' dir='ltr'><strong>per</strong></span> <span class='ocrx_word' id='word_1_137' title='bbox 1547 1722 1602 1763; x_wconf 84' lang='lat' dir='ltr'><strong>sna</strong></span> 
     </span>
     <span class='ocr_line' id='line_1_15' title="bbox 242 1786 1600 1870; baseline 0.001 -19"><span class='ocrx_word' id='word_1_138' title='bbox 242 1789 272 1851; x_wconf 92' lang='lat' dir='ltr'><strong>in</strong></span> <span class='ocrx_word' id='word_1_139' title='bbox 296 1789 432 1869; x_wconf 88' lang='lat' dir='ltr'><strong>parietes</strong></span> <span class='ocrx_word' id='word_1_140' title='bbox 455 1788 543 1851; x_wconf 88' lang='lat' dir='ltr'><strong>illata</strong></span> <span class='ocrx_word' id='word_1_141' title='bbox 565 1789 678 1851; x_wconf 90' lang='lat' dir='ltr'><strong>lumina</strong></span> <span class='ocrx_word' id='word_1_142' title='bbox 700 1790 809 1851; x_wconf 88' lang='lat' dir='ltr'><strong>metiri.</strong></span> <span class='ocrx_word' id='word_1_143' title='bbox 843 1790 915 1853; x_wconf 92' lang='lat' dir='ltr'><strong>Vidi</strong></span> <span class='ocrx_word' id='word_1_144' title='bbox 941 1810 1068 1870; x_wconf 88' lang='lat' dir='ltr'><strong>namque</strong></span> <span class='ocrx_word' id='word_1_145' title='bbox 1092 1808 1169 1851; x_wconf 92' lang='lat' dir='ltr'><strong>anno</strong></span> <span class='ocrx_word' id='word_1_146' title='bbox 1196 1786 1290 1852; x_wconf 84' lang='lat'><strong>1601.</strong></span> <span class='ocrx_word' id='word_1_147' title='bbox 1316 1809 1418 1852; x_wconf 90' lang='lat' dir='ltr'><strong>mense</strong></span> <span class='ocrx_word' id='word_1_148' title='bbox 1440 1790 1600 1852; x_wconf 91' lang='lat' dir='ltr'><strong>Decembri</strong></span> 
     </span>
     <span class='ocr_line' id='line_1_16' title="bbox 241 1876 1603 1958; baseline 0 -18"><span class='ocrx_word' id='word_1_149' title='bbox 241 1876 330 1940; x_wconf 86' lang='lat' dir='ltr'><strong>Jovis</strong></span> <span class='ocrx_word' id='word_1_150' title='bbox 354 1885 386 1939; x_wconf 92' lang='lat' dir='ltr'><strong>et</strong></span> <span class='ocrx_word' id='word_1_151' title='bbox 410 1877 511 1957; x_wconf 90' lang='lat' dir='ltr'><strong>spicae</strong></span> <span class='ocrx_word' id='word_1_152' title='bbox 536 1878 671 1957; x_wconf 84' lang='lat' dir='ltr'><strong>Virginis</strong></span> <span class='ocrx_word' id='word_1_153' title='bbox 696 1879 841 1939; x_wconf 85' lang='lat' dir='ltr'><strong>distincta</strong></span> <span class='ocrx_word' id='word_1_154' title='bbox 863 1879 976 1940; x_wconf 88' lang='lat' dir='ltr'><strong>lumina</strong></span> <span class='ocrx_word' id='word_1_155' title='bbox 1006 1898 1059 1958; x_wconf 92' lang='lat' dir='ltr'><strong>per</strong></span> <span class='ocrx_word' id='word_1_156' title='bbox 1089 1879 1215 1939; x_wconf 90' lang='lat' dir='ltr'><strong>eandem</strong></span> <span class='ocrx_word' id='word_1_157' title='bbox 1244 1879 1407 1940; x_wconf 88' lang='lat' dir='ltr'><strong>fenestram</strong></span> <span class='ocrx_word' id='word_1_158' title='bbox 1437 1879 1468 1939; x_wconf 90' lang='lat' dir='ltr'><strong>iu</strong></span> <span class='ocrx_word' id='word_1_159' title='bbox 1496 1879 1603 1940; x_wconf 90' lang='lat' dir='ltr'><strong>eodem</strong></span> 
     </span>
     <span class='ocr_line' id='line_1_17' title="bbox 242 1963 1600 2048; baseline 0 -21"><span class='ocrx_word' id='word_1_160' title='bbox 242 1966 312 2027; x_wconf 90' lang='lat' dir='ltr'><strong>albo</strong></span> <span class='ocrx_word' id='word_1_161' title='bbox 335 1965 464 2048; x_wconf 82' lang='lat' dir='ltr'><strong>pariete.</strong></span> <span class='ocrx_word' id='word_1_162' title='bbox 515 1963 641 2046; x_wconf 83' lang='lat' dir='ltr'><strong>Cogitet</strong></span> <span class='ocrx_word' id='word_1_163' title='bbox 663 1968 699 2028; x_wconf 90' lang='lat' dir='ltr'><strong>de</strong></span> <span class='ocrx_word' id='word_1_164' title='bbox 723 1967 780 2028; x_wconf 91' lang='lat' dir='ltr'><strong>hac</strong></span> <span class='ocrx_word' id='word_1_165' title='bbox 804 1987 835 2028; x_wconf 93' lang='lat' dir='ltr'><strong>re</strong></span> <span class='ocrx_word' id='word_1_166' title='bbox 860 1967 1013 2029; x_wconf 89' lang='lat' dir='ltr'><strong>studiosus</strong></span> <span class='ocrx_word' id='word_1_167' title='bbox 1038 1966 1282 2028; x_wconf 89' lang='lat' dir='ltr'><strong>observationum</strong></span> <span class='ocrx_word' id='word_1_168' title='bbox 1305 1966 1481 2029; x_wconf 89' lang='lat' dir='ltr'><strong>coelestium</strong></span> <span class='ocrx_word' id='word_1_169' title='bbox 1510 1967 1600 2028; x_wconf 92' lang='lat' dir='ltr'><strong>adhi-</strong></span> 
     </span>
     <span class='ocr_line' id='line_1_18' title="bbox 242 2054 1602 2135; baseline -0.001 -18"><span class='ocrx_word' id='word_1_170' title='bbox 242 2054 391 2134; x_wconf 89' lang='lat' dir='ltr'><strong>beatqne‚</strong></span> <span class='ocrx_word' id='word_1_171' title='bbox 424 2054 451 2115; x_wconf 93' lang='lat' dir='ltr'><strong>si</strong></span> <span class='ocrx_word' id='word_1_172' title='bbox 474 2073 549 2134; x_wconf 91' lang='lat' dir='ltr'><strong>opus</strong></span> <span class='ocrx_word' id='word_1_173' title='bbox 573 2064 639 2131; x_wconf 88' lang='lat' dir='ltr'><strong>est,</strong></span> <span class='ocrx_word' id='word_1_174' title='bbox 675 2056 767 2117; x_wconf 87' lang='lat' dir='ltr'><strong>etiam</strong></span> <span class='ocrx_word' id='word_1_175' title='bbox 795 2058 919 2135; x_wconf 89' lang='lat' dir='ltr'><strong>specula</strong></span> <span class='ocrx_word' id='word_1_176' title='bbox 946 2058 1038 2135; x_wconf 90' lang='lat' dir='ltr'><strong>plana</strong></span> <span class='ocrx_word' id='word_1_177' title='bbox 1066 2055 1095 2116; x_wconf 92' lang='lat' dir='ltr'><strong>in</strong></span> <span class='ocrx_word' id='word_1_178' title='bbox 1126 2075 1202 2134; x_wconf 92' lang='lat' dir='ltr'><strong>qnae</strong></span> <span class='ocrx_word' id='word_1_179' title='bbox 1236 2055 1428 2135; x_wconf 90' lang='lat' dir='ltr'><strong>despiciatur.</strong></span> <span class='ocrx_word' id='word_1_180' title='bbox 1476 2055 1602 2135; x_wconf 90' lang='lat' dir='ltr'><strong>Semper</strong></span> 
     </span>
     <span class='ocr_line' id='line_1_19' title="bbox 243 2141 1601 2225; baseline -0.001 -20"><span class='ocrx_word' id='word_1_181' title='bbox 243 2142 333 2218; x_wconf 88' lang='lat' dir='ltr'><strong>enim,</strong></span> <span class='ocrx_word' id='word_1_182' title='bbox 361 2141 462 2205; x_wconf 91' lang='lat' dir='ltr'><strong>nescio</strong></span> <span class='ocrx_word' id='word_1_183' title='bbox 486 2162 544 2225; x_wconf 92' lang='lat' dir='ltr'><strong>quo</strong></span> <span class='ocrx_word' id='word_1_184' title='bbox 568 2154 668 2224; x_wconf 91' lang='lat' dir='ltr'><strong>pacto,</strong></span> <span class='ocrx_word' id='word_1_185' title='bbox 695 2146 734 2205; x_wconf 91' lang='lat' dir='ltr'><strong>ad</strong></span> <span class='ocrx_word' id='word_1_186' title='bbox 763 2144 988 2224; x_wconf 87' lang='lat' dir='ltr'><strong>despiciendum</strong></span> <span class='ocrx_word' id='word_1_187' title='bbox 1010 2145 1206 2225; x_wconf 88' lang='lat' dir='ltr'><strong>procliviores</strong></span> <span class='ocrx_word' id='word_1_188' title='bbox 1229 2152 1300 2207; x_wconf 89' lang='lat' dir='ltr'><strong>sunt</strong></span> <span class='ocrx_word' id='word_1_189' title='bbox 1322 2143 1413 2218; x_wconf 89' lang='lat' dir='ltr'><strong>oculi,</strong></span> <span class='ocrx_word' id='word_1_190' title='bbox 1443 2162 1532 2225; x_wconf 89' lang='lat' dir='ltr'><strong>qnam</strong></span> <span class='ocrx_word' id='word_1_191' title='bbox 1562 2143 1601 2205; x_wconf 93' lang='lat' dir='ltr'><strong>ad</strong></span> 
     </span>
     <span class='ocr_line' id='line_1_20' title="bbox 242 2232 477 2312; baseline -0.009 -18"><span class='ocrx_word' id='word_1_192' title='bbox 242 2232 477 2312; x_wconf 88' lang='lat' dir='ltr'><strong>suspiciendum.</strong></span> 
     </span>
    </p>
   </div>
   <div class='ocr_carea' id='block_1_3' title="bbox 643 2368 1203 2434">
    <p class='ocr_par' dir='ltr' id='par_1_4' title="bbox 643 2368 1203 2434">
     <span class='ocr_line' id='line_1_21' title="bbox 643 2368 1203 2434; baseline -0.002 0"><span class='ocrx_word' id='word_1_193' title='bbox 643 2368 693 2434; x_wconf 88' lang='lat'><strong>13.</strong></span> <span class='ocrx_word' id='word_1_194' title='bbox 731 2371 783 2434; x_wconf 90' lang='lat' dir='ltr'><strong>De</strong></span> <span class='ocrx_word' id='word_1_195' title='bbox 812 2379 1032 2434; x_wconf 89' lang='lat' dir='ltr'><strong>cometarum</strong></span> <span class='ocrx_word' id='word_1_196' title='bbox 1060 2370 1203 2433; x_wconf 89' lang='lat' dir='ltr'><strong>lumine.</strong></span> 
     </span>
    </p>
   </div>
   <div class='ocr_carea' id='block_1_4' title="bbox 242 2491 1607 5064">
    <p class='ocr_par' dir='ltr' id='par_1_5' title="bbox 242 2491 1607 3997">
     <span class='ocr_line' id='line_1_22' title="bbox 334 2491 1603 2577; baseline 0.003 -23"><span class='ocrx_word' id='word_1_197' title='bbox 334 2491 487 2564; x_wconf 85' lang='lat' dir='ltr'><strong>Quidnam</strong></span> <span class='ocrx_word' id='word_1_198' title='bbox 511 2508 601 2571; x_wconf 88' lang='lat' dir='ltr'><strong>esset,</strong></span> <span class='ocrx_word' id='word_1_199' title='bbox 628 2496 706 2577; x_wconf 91' lang='lat' dir='ltr'><strong>quod</strong></span> <span class='ocrx_word' id='word_1_200' title='bbox 729 2505 910 2558; x_wconf 91' lang='lat' dir='ltr'><strong>cometarum</strong></span> <span class='ocrx_word' id='word_1_201' title='bbox 935 2499 1018 2558; x_wconf 90' lang='lat' dir='ltr'><strong>faces</strong></span> <span class='ocrx_word' id='word_1_202' title='bbox 1033 2496 1222 2568; x_wconf 88' lang='lat' dir='ltr'><strong>accenderet,</strong></span> <span class='ocrx_word' id='word_1_203' title='bbox 1245 2493 1322 2555; x_wconf 90' lang='lat' dir='ltr'><strong>satis</strong></span> <span class='ocrx_word' id='word_1_204' title='bbox 1339 2496 1535 2558; x_wconf 89' lang='lat' dir='ltr'><strong>ostenderunt</strong></span> <span class='ocrx_word' id='word_1_205' title='bbox 1548 2515 1603 2576; x_wconf 87' lang='lat' dir='ltr'><strong>per</strong></span> 
     </span>
     <span class='ocr_line' id='line_1_23' title="bbox 242 2583 1603 2664; baseline 0.001 -19"><span class='ocrx_word' id='word_1_206' title='bbox 242 2583 301 2645; x_wconf 91' lang='lat' dir='ltr'><strong>hoc</strong></span> <span class='ocrx_word' id='word_1_207' title='bbox 324 2583 459 2645; x_wconf 89' lang='lat' dir='ltr'><strong>seculum</strong></span> <span class='ocrx_word' id='word_1_208' title='bbox 482 2585 633 2660; x_wconf 84' lang='lat' dir='ltr'><strong>artifices;</strong></span> <span class='ocrx_word' id='word_1_209' title='bbox 663 2586 864 2664; x_wconf 88' lang='lat' dir='ltr'><strong>deprehenso,</strong></span> <span class='ocrx_word' id='word_1_210' title='bbox 896 2595 1081 2647; x_wconf 91' lang='lat' dir='ltr'><strong>cometarum</strong></span> <span class='ocrx_word' id='word_1_211' title='bbox 1105 2584 1215 2645; x_wconf 89' lang='lat' dir='ltr'><strong>barbas</strong></span> <span class='ocrx_word' id='word_1_212' title='bbox 1239 2602 1358 2663; x_wconf 89' lang='lat' dir='ltr'><strong>semper</strong></span> <span class='ocrx_word' id='word_1_213' title='bbox 1385 2585 1414 2647; x_wconf 92' lang='lat' dir='ltr'><strong>in</strong></span> <span class='ocrx_word' id='word_1_214' title='bbox 1438 2586 1560 2664; x_wconf 87' lang='lat' dir='ltr'><strong>plagam</strong></span> <span class='ocrx_word' id='word_1_215' title='bbox 1584 2605 1603 2647; x_wconf 88' lang='lat' dir='ltr'><strong>a</strong></span> 
     </span>
     <span class='ocr_line' id='line_1_24' title="bbox 244 2672 1604 2754; baseline 0.001 -20"><span class='ocrx_word' id='word_1_216' title='bbox 244 2672 317 2734; x_wconf 88' lang='lat' dir='ltr'><strong>Sole</strong></span> <span class='ocrx_word' id='word_1_217' title='bbox 343 2672 525 2734; x_wconf 87' lang='lat' dir='ltr'><strong>contrariam</strong></span> <span class='ocrx_word' id='word_1_218' title='bbox 549 2674 666 2754; x_wconf 88' lang='lat' dir='ltr'><strong>spargi,</strong></span> <span class='ocrx_word' id='word_1_219' title='bbox 701 2674 757 2734; x_wconf 92' lang='lat' dir='ltr'><strong>nisi</strong></span> <span class='ocrx_word' id='word_1_220' title='bbox 782 2673 846 2736; x_wconf 85' lang='lat' dir='ltr'><strong>Soli</strong></span> <span class='ocrx_word' id='word_1_221' title='bbox 870 2675 1001 2753; x_wconf 89' lang='lat' dir='ltr'><strong>oppositi</strong></span> <span class='ocrx_word' id='word_1_222' title='bbox 1025 2682 1077 2734; x_wconf 91' lang='lat' dir='ltr'><strong>aut</strong></span> <span class='ocrx_word' id='word_1_223' title='bbox 1099 2672 1239 2734; x_wconf 90' lang='lat' dir='ltr'><strong>immanis</strong></span> <span class='ocrx_word' id='word_1_224' title='bbox 1263 2672 1433 2734; x_wconf 86' lang='lat' dir='ltr'><strong>altitudinis</strong></span> <span class='ocrx_word' id='word_1_225' title='bbox 1461 2681 1604 2753; x_wconf 85' lang='lat' dir='ltr'><strong>portenta</strong></span> 
     </span>
     <span class='ocr_line' id='line_1_25' title="bbox 243 2760 1601 2843; baseline 0 -20"><span class='ocrx_word' id='word_1_226' title='bbox 243 2781 316 2823; x_wconf 90' lang='lat' dir='ltr'><strong>suas</strong></span> <span class='ocrx_word' id='word_1_227' title='bbox 341 2760 400 2840; x_wconf 92' lang='lat' dir='ltr'><strong>ipsi</strong></span> <span class='ocrx_word' id='word_1_228' title='bbox 424 2762 536 2823; x_wconf 85' lang='lat' dir='ltr'><strong>caudas</strong></span> <span class='ocrx_word' id='word_1_229' title='bbox 559 2764 607 2824; x_wconf 90' lang='lat' dir='ltr'><strong>vel</strong></span> <span class='ocrx_word' id='word_1_230' title='bbox 641 2762 751 2825; x_wconf 89' lang='lat' dir='ltr'><strong>barbas</strong></span> <span class='ocrx_word' id='word_1_231' title='bbox 785 2763 905 2841; x_wconf 89' lang='lat' dir='ltr'><strong>objectu</strong></span> <span class='ocrx_word' id='word_1_232' title='bbox 939 2763 1046 2843; x_wconf 89' lang='lat' dir='ltr'><strong>capitis</strong></span> <span class='ocrx_word' id='word_1_233' title='bbox 1080 2763 1274 2823; x_wconf 89' lang='lat' dir='ltr'><strong>occultarent.</strong></span> <span class='ocrx_word' id='word_1_234' title='bbox 1319 2760 1473 2823; x_wconf 86' lang='lat' dir='ltr'><strong>Exercent</strong></span> <span class='ocrx_word' id='word_1_235' title='bbox 1499 2769 1601 2823; x_wconf 90' lang='lat' dir='ltr'><strong>tamen</strong></span> 
     </span>
     <span class='ocr_line' id='line_1_26' title="bbox 243 2849 1603 2932; baseline -0.001 -21"><span class='ocrx_word' id='word_1_236' title='bbox 243 2850 412 2911; x_wconf 89' lang='lat' dir='ltr'><strong>etiamnum</strong></span> <span class='ocrx_word' id='word_1_237' title='bbox 434 2849 556 2929; x_wconf 90' lang='lat' dir='ltr'><strong>ingenia</strong></span> <span class='ocrx_word' id='word_1_238' title='bbox 578 2851 824 2932; x_wconf 90' lang='lat' dir='ltr'><strong>philosophorum</strong></span> <span class='ocrx_word' id='word_1_239' title='bbox 848 2871 905 2912; x_wconf 93' lang='lat' dir='ltr'><strong>non</strong></span> <span class='ocrx_word' id='word_1_240' title='bbox 930 2851 1129 2913; x_wconf 90' lang='lat' dir='ltr'><strong>mediocribus</strong></span> <span class='ocrx_word' id='word_1_241' title='bbox 1154 2849 1392 2912; x_wconf 85' lang='lat' dir='ltr'><strong>difficultatibus.</strong></span> <span class='ocrx_word' id='word_1_242' title='bbox 1429 2850 1510 2913; x_wconf 77' lang='lat' dir='ltr'><strong>Nam</strong></span> <span class='ocrx_word' id='word_1_243' title='bbox 1533 2850 1560 2913; x_wconf 92' lang='lat' dir='ltr'><strong>si</strong></span> <span class='ocrx_word' id='word_1_244' title='bbox 1584 2870 1603 2910; x_wconf 85' lang='lat' dir='ltr'><strong>a</strong></span> 
     </span>
     <span class='ocr_line' id='line_1_27' title="bbox 243 2937 1601 3020; baseline 0 -20"><span class='ocrx_word' id='word_1_245' title='bbox 243 2937 317 3000; x_wconf 91' lang='lat' dir='ltr'><strong>Sole</strong></span> <span class='ocrx_word' id='word_1_246' title='bbox 341 2945 477 3000; x_wconf 90' lang='lat' dir='ltr'><strong>cometae</strong></span> <span class='ocrx_word' id='word_1_247' title='bbox 500 2938 719 3014; x_wconf 89' lang='lat' dir='ltr'><strong>illuminantur,</strong></span> <span class='ocrx_word' id='word_1_248' title='bbox 745 2940 824 3020; x_wconf 91' lang='lat' dir='ltr'><strong>quod</strong></span> <span class='ocrx_word' id='word_1_249' title='bbox 847 2941 961 3001; x_wconf 88' lang='lat' dir='ltr'><strong>caudae</strong></span> <span class='ocrx_word' id='word_1_250' title='bbox 985 2939 1134 3019; x_wconf 89' lang='lat' dir='ltr'><strong>porrectio</strong></span> <span class='ocrx_word' id='word_1_251' title='bbox 1159 2939 1188 3000; x_wconf 92' lang='lat' dir='ltr'><strong>in</strong></span> <span class='ocrx_word' id='word_1_252' title='bbox 1211 2957 1321 3019; x_wconf 90' lang='lat' dir='ltr'><strong>genere</strong></span> <span class='ocrx_word' id='word_1_253' title='bbox 1345 2938 1445 3018; x_wconf 86' lang='lat' dir='ltr'><strong>arguit</strong></span> <span class='ocrx_word' id='word_1_254' title='bbox 1468 2939 1601 3000; x_wconf 84' lang='lat' dir='ltr'><strong>stratio</strong></span> 
     </span>
     <span class='ocr_line' id='line_1_28' title="bbox 243 3026 1601 3109; baseline 0 -20"><span class='ocrx_word' id='word_1_255' title='bbox 243 3036 480 3089; x_wconf 88' lang='lat' dir='ltr'><strong>cousentaneum</strong></span> <span class='ocrx_word' id='word_1_256' title='bbox 504 3046 572 3089; x_wconf 87' lang='lat' dir='ltr'><strong>esse</strong></span> <span class='ocrx_word' id='word_1_257' title='bbox 595 3029 793 3109; x_wconf 85' lang='lat' dir='ltr'><strong>pronunciat:</strong></span> <span class='ocrx_word' id='word_1_258' title='bbox 819 3029 995 3109; x_wconf 91' lang='lat' dir='ltr'><strong>curitaque</strong></span> <span class='ocrx_word' id='word_1_259' title='bbox 1020 3030 1134 3090; x_wconf 87' lang='lat' dir='ltr'><strong>caudae</strong></span> <span class='ocrx_word' id='word_1_260' title='bbox 1158 3047 1215 3089; x_wconf 92' lang='lat' dir='ltr'><strong>uon</strong></span> <span class='ocrx_word' id='word_1_261' title='bbox 1238 3026 1375 3107; x_wconf 92' lang='lat' dir='ltr'><strong>praecise</strong></span> <span class='ocrx_word' id='word_1_262' title='bbox 1399 3026 1480 3089; x_wconf 89' lang='lat' dir='ltr'><strong>Solis</strong></span> <span class='ocrx_word' id='word_1_263' title='bbox 1505 3046 1601 3108; x_wconf 90' lang='lat' dir='ltr'><strong>oppo-</strong></span> 
     </span>
     <span class='ocr_line' id='line_1_29' title="bbox 243 3114 1600 3196; baseline 0 -19"><span class='ocrx_word' id='word_1_264' title='bbox 243 3115 337 3177; x_wconf 92' lang='lat' dir='ltr'><strong>situm</strong></span> <span class='ocrx_word' id='word_1_265' title='bbox 359 3114 544 3195; x_wconf 86' lang='lat' dir='ltr'><strong>respiciunt?</strong></span> <span class='ocrx_word' id='word_1_266' title='bbox 568 3136 619 3179; x_wconf 93' lang='lat' dir='ltr'><strong>cur</strong></span> <span class='ocrx_word' id='word_1_267' title='bbox 644 3119 706 3178; x_wconf 90' lang='lat' dir='ltr'><strong>fere</strong></span> <span class='ocrx_word' id='word_1_268' title='bbox 730 3136 847 3196; x_wconf 85' lang='lat' dir='ltr'><strong>semper</strong></span> <span class='ocrx_word' id='word_1_269' title='bbox 870 3118 1032 3193; x_wconf 89' lang='lat' dir='ltr'><strong>declinant,</strong></span> <span class='ocrx_word' id='word_1_270' title='bbox 1058 3137 1109 3178; x_wconf 92' lang='lat' dir='ltr'><strong>cur</strong></span> <span class='ocrx_word' id='word_1_271' title='bbox 1124 3124 1283 3179; x_wconf 87' lang='lat' dir='ltr'><strong>curvantur</strong></span> <span class='ocrx_word' id='word_1_272' title='bbox 1306 3116 1335 3177; x_wconf 92' lang='lat' dir='ltr'><strong>in</strong></span> <span class='ocrx_word' id='word_1_273' title='bbox 1351 3117 1475 3178; x_wconf 84' lang='lat' dir='ltr'><strong>arcum?</strong></span> <span class='ocrx_word' id='word_1_274' title='bbox 1503 3116 1600 3177; x_wconf 88' lang='lat' dir='ltr'><strong>Deni-</strong></span> 
     </span>
     <span class='ocr_line' id='line_1_30' title="bbox 244 3204 1599 3288; baseline 0.001 -22"><span class='ocrx_word' id='word_1_275' title='bbox 244 3223 301 3284; x_wconf 90' lang='lat' dir='ltr'><strong>que</strong></span> <span class='ocrx_word' id='word_1_276' title='bbox 326 3204 469 3283; x_wconf 88' lang='lat' dir='ltr'><strong>quidnam</strong></span> <span class='ocrx_word' id='word_1_277' title='bbox 492 3213 540 3266; x_wconf 90' lang='lat' dir='ltr'><strong>est</strong></span> <span class='ocrx_word' id='word_1_278' title='bbox 563 3206 653 3281; x_wconf 87' lang='lat' dir='ltr'><strong>illud,</strong></span> <span class='ocrx_word' id='word_1_279' title='bbox 679 3206 757 3285; x_wconf 92' lang='lat' dir='ltr'><strong>quod</strong></span> <span class='ocrx_word' id='word_1_280' title='bbox 781 3204 862 3268; x_wconf 89' lang='lat' dir='ltr'><strong>Solis</strong></span> <span class='ocrx_word' id='word_1_281' title='bbox 886 3208 1002 3267; x_wconf 87' lang='lat' dir='ltr'><strong>radium</strong></span> <span class='ocrx_word' id='word_1_282' title='bbox 1026 3205 1138 3285; x_wconf 81' lang='lat' dir='ltr'><strong>excipit</strong></span> <span class='ocrx_word' id='word_1_283' title='bbox 1161 3206 1282 3285; x_wconf 90' lang='lat' dir='ltr'><strong>ejusque</strong></span> <span class='ocrx_word' id='word_1_284' title='bbox 1306 3205 1439 3288; x_wconf 90' lang='lat' dir='ltr'><strong>impactu</strong></span> <span class='ocrx_word' id='word_1_285' title='bbox 1461 3206 1599 3284; x_wconf 89' lang='lat' dir='ltr'><strong>resplen-</strong></span> 
     </span>
     <span class='ocr_line' id='line_1_31' title="bbox 242 3293 1602 3374; baseline -0.001 -20"><span class='ocrx_word' id='word_1_286' title='bbox 242 3293 345 3354; x_wconf 91' lang='lat' dir='ltr'><strong>descit</strong></span> <span class='ocrx_word' id='word_1_287' title='bbox 367 3294 481 3354; x_wconf 88' lang='lat' dir='ltr'><strong>caudae</strong></span> <span class='ocrx_word' id='word_1_288' title='bbox 500 3294 626 3374; x_wconf 89' lang='lat' dir='ltr'><strong>figuram</strong></span> <span class='ocrx_word' id='word_1_289' title='bbox 640 3294 803 3357; x_wconf 83' lang='lat' dir='ltr'><strong>exhibens?</strong></span> <span class='ocrx_word' id='word_1_290' title='bbox 826 3296 905 3356; x_wconf 89' lang='lat' dir='ltr'><strong>Nam</strong></span> <span class='ocrx_word' id='word_1_291' title='bbox 920 3296 983 3357; x_wconf 89' lang='lat' dir='ltr'><strong>sive</strong></span> <span class='ocrx_word' id='word_1_292' title='bbox 1000 3295 1120 3367; x_wconf 82' lang='lat' dir='ltr'><strong>dixeris,</strong></span> <span class='ocrx_word' id='word_1_293' title='bbox 1145 3294 1302 3355; x_wconf 89' lang='lat' dir='ltr'><strong>materiam</strong></span> <span class='ocrx_word' id='word_1_294' title='bbox 1326 3313 1394 3355; x_wconf 90' lang='lat' dir='ltr'><strong>esse</strong></span> <span class='ocrx_word' id='word_1_295' title='bbox 1412 3294 1451 3355; x_wconf 92' lang='lat' dir='ltr'><strong>ad</strong></span> <span class='ocrx_word' id='word_1_296' title='bbox 1466 3302 1602 3355; x_wconf 87' lang='lat' dir='ltr'><strong>cometae</strong></span> 
     </span>
     <span class='ocr_line' id='line_1_32' title="bbox 243 3380 1602 3461; baseline 0.001 -19"><span class='ocrx_word' id='word_1_297' title='bbox 243 3380 411 3443; x_wconf 88' lang='lat' dir='ltr'><strong>essentiam</strong></span> <span class='ocrx_word' id='word_1_298' title='bbox 435 3392 634 3461; x_wconf 86' lang='lat' dir='ltr'><strong>spectantem,</strong></span> <span class='ocrx_word' id='word_1_299' title='bbox 660 3384 906 3444; x_wconf 89' lang='lat' dir='ltr'><strong>immanissimum</strong></span> <span class='ocrx_word' id='word_1_300' title='bbox 931 3384 1082 3445; x_wconf 84' lang='lat' dir='ltr'><strong>effinxeris</strong></span> <span class='ocrx_word' id='word_1_301' title='bbox 1105 3391 1280 3444; x_wconf 90' lang='lat' dir='ltr'><strong>monstrum.</strong></span> <span class='ocrx_word' id='word_1_302' title='bbox 1314 3381 1347 3445; x_wconf 85' lang='lat' dir='ltr'><strong>Si</strong></span> <span class='ocrx_word' id='word_1_303' title='bbox 1371 3402 1475 3446; x_wconf 88' lang='lat' dir='ltr'><strong>auram</strong></span> <span class='ocrx_word' id='word_1_304' title='bbox 1495 3383 1602 3445; x_wconf 91' lang='lat' dir='ltr'><strong>aethe-</strong></span> 
     </span>
     <span class='ocr_line' id='line_1_33' title="bbox 244 3470 1607 3552; baseline -0.001 -19"><span class='ocrx_word' id='word_1_305' title='bbox 244 3470 344 3545; x_wconf 88' lang='lat' dir='ltr'><strong>riam,</strong></span> <span class='ocrx_word' id='word_1_306' title='bbox 374 3489 500 3551; x_wconf 88' lang='lat' dir='ltr'><strong>quaero,</strong></span> <span class='ocrx_word' id='word_1_307' title='bbox 534 3491 587 3534; x_wconf 92' lang='lat' dir='ltr'><strong>cur</strong></span> <span class='ocrx_word' id='word_1_308' title='bbox 609 3472 663 3534; x_wconf 93' lang='lat' dir='ltr'><strong>illa</strong></span> <span class='ocrx_word' id='word_1_309' title='bbox 686 3491 743 3532; x_wconf 92' lang='lat' dir='ltr'><strong>non</strong></span> <span class='ocrx_word' id='word_1_310' title='bbox 768 3474 900 3552; x_wconf 89' lang='lat' dir='ltr'><strong>quotidie</strong></span> <span class='ocrx_word' id='word_1_311' title='bbox 924 3494 943 3534; x_wconf 90' lang='lat' dir='ltr'><strong>a</strong></span> <span class='ocrx_word' id='word_1_312' title='bbox 966 3470 1037 3534; x_wconf 88' lang='lat' dir='ltr'><strong>Sole</strong></span> <span class='ocrx_word' id='word_1_313' title='bbox 1061 3472 1105 3534; x_wconf 89' lang='lat' dir='ltr'><strong>sio</strong></span> <span class='ocrx_word' id='word_1_314' title='bbox 1128 3471 1322 3545; x_wconf 91' lang='lat' dir='ltr'><strong>illuminetur,</strong></span> <span class='ocrx_word' id='word_1_315' title='bbox 1357 3478 1390 3532; x_wconf 91' lang='lat' dir='ltr'><strong>ut</strong></span> <span class='ocrx_word' id='word_1_316' title='bbox 1412 3472 1607 3551; x_wconf 89' lang='lat' dir='ltr'><strong>resplendeat</strong></span> 
     </span>
     <span class='ocr_line' id='line_1_34' title="bbox 242 3559 1604 3642; baseline 0.002 -24"><span class='ocrx_word' id='word_1_317' title='bbox 242 3561 294 3621; x_wconf 87' lang='lat' dir='ltr'><strong>vel</strong></span> <span class='ocrx_word' id='word_1_318' title='bbox 318 3559 385 3621; x_wconf 91' lang='lat' dir='ltr'><strong>siue</strong></span> <span class='ocrx_word' id='word_1_319' title='bbox 408 3562 549 3622; x_wconf 84' lang='lat' dir='ltr'><strong>cometa?</strong></span> <span class='ocrx_word' id='word_1_320' title='bbox 582 3561 728 3642; x_wconf 89' lang='lat' dir='ltr'><strong>Adeoque</strong></span> <span class='ocrx_word' id='word_1_321' title='bbox 747 3561 848 3641; x_wconf 84' lang='lat' dir='ltr'><strong>Tycho</strong></span> <span class='ocrx_word' id='word_1_322' title='bbox 872 3561 1018 3635; x_wconf 89' lang='lat' dir='ltr'><strong>Braheus,</strong></span> <span class='ocrx_word' id='word_1_323' title='bbox 1044 3568 1125 3622; x_wconf 93' lang='lat' dir='ltr'><strong>tomo</strong></span> <span class='ocrx_word' id='word_1_324' title='bbox 1149 3561 1279 3621; x_wconf 90' lang='lat' dir='ltr'><strong>secundo</strong></span> <span class='ocrx_word' id='word_1_325' title='bbox 1302 3560 1604 3641; x_wconf 85' lang='lat' dir='ltr'><strong>Progymnasmatum</strong></span> 
     </span>
     <span class='ocr_line' id='line_1_35' title="bbox 242 3644 1604 3728; baseline -0.001 -18"><span class='ocrx_word' id='word_1_326' title='bbox 242 3668 311 3728; x_wconf 90' lang='lat' dir='ltr'><strong>cap.</strong></span> <span class='ocrx_word' id='word_1_327' title='bbox 339 3644 369 3708; x_wconf 81' lang='lat'><strong>7.</strong></span> <span class='ocrx_word' id='word_1_328' title='bbox 394 3666 471 3727; x_wconf 91' lang='lat' dir='ltr'><strong>pene</strong></span> <span class='ocrx_word' id='word_1_329' title='bbox 503 3650 534 3712; x_wconf 93' lang='lat' dir='ltr'><strong>in</strong></span> <span class='ocrx_word' id='word_1_330' title='bbox 563 3651 640 3711; x_wconf 90' lang='lat' dir='ltr'><strong>hauc</strong></span> <span class='ocrx_word' id='word_1_331' title='bbox 673 3650 825 3712; x_wconf 88' lang='lat' dir='ltr'><strong>concessit</strong></span> <span class='ocrx_word' id='word_1_332' title='bbox 853 3651 1050 3725; x_wconf 89' lang='lat' dir='ltr'><strong>sententiam,</strong></span> <span class='ocrx_word' id='word_1_333' title='bbox 1075 3656 1109 3711; x_wconf 94' lang='lat' dir='ltr'><strong>ut</strong></span> <span class='ocrx_word' id='word_1_334' title='bbox 1132 3649 1258 3710; x_wconf 85' lang='lat' dir='ltr'><strong>caudam</strong></span> <span class='ocrx_word' id='word_1_335' title='bbox 1282 3656 1417 3710; x_wconf 88' lang='lat' dir='ltr'><strong>cometae</strong></span> <span class='ocrx_word' id='word_1_336' title='bbox 1441 3669 1460 3709; x_wconf 93' lang='lat' dir='ltr'><strong>a</strong></span> <span class='ocrx_word' id='word_1_337' title='bbox 1484 3648 1604 3709; x_wconf 89' lang='lat' dir='ltr'><strong>Venere</strong></span> 
     </span>
     <span class='ocr_line' id='line_1_36' title="bbox 244 3733 1603 3820; baseline 0 -22"><span class='ocrx_word' id='word_1_338' title='bbox 244 3737 408 3799; x_wconf 88' lang='lat' dir='ltr'><strong>illuminari</strong></span> <span class='ocrx_word' id='word_1_339' title='bbox 432 3737 554 3814; x_wconf 89' lang='lat' dir='ltr'><strong>diceret,</strong></span> <span class='ocrx_word' id='word_1_340' title='bbox 580 3758 669 3820; x_wconf 93' lang='lat' dir='ltr'><strong>quam</strong></span> <span class='ocrx_word' id='word_1_341' title='bbox 693 3740 791 3817; x_wconf 89' lang='lat' dir='ltr'><strong>ipsam</strong></span> <span class='ocrx_word' id='word_1_342' title='bbox 815 3749 917 3801; x_wconf 90' lang='lat' dir='ltr'><strong>tamen</strong></span> <span class='ocrx_word' id='word_1_343' title='bbox 940 3739 1098 3800; x_wconf 87' lang='lat' dir='ltr'><strong>haesitans</strong></span> <span class='ocrx_word' id='word_1_344' title='bbox 1121 3738 1211 3817; x_wconf 92' lang='lat' dir='ltr'><strong>paulo</strong></span> <span class='ocrx_word' id='word_1_345' title='bbox 1234 3745 1304 3816; x_wconf 91' lang='lat' dir='ltr'><strong>post</strong></span> <span class='ocrx_word' id='word_1_346' title='bbox 1328 3738 1428 3817; x_wconf 90' lang='lat' dir='ltr'><strong>capite</strong></span> <span class='ocrx_word' id='word_1_347' title='bbox 1448 3733 1479 3800; x_wconf 83' lang='lat'><strong>9.</strong></span> <span class='ocrx_word' id='word_1_348' title='bbox 1503 3736 1603 3798; x_wconf 90' lang='lat' dir='ltr'><strong>iucre-</strong></span> 
     </span>
     <span class='ocr_line' id='line_1_37' title="bbox 242 3825 1603 3908; baseline -0.001 -21"><span class='ocrx_word' id='word_1_349' title='bbox 242 3826 311 3906; x_wconf 90' lang='lat' dir='ltr'><strong>puit</strong></span> <span class='ocrx_word' id='word_1_350' title='bbox 335 3825 524 3908; x_wconf 86' lang='lat' dir='ltr'><strong>lectoresque</strong></span> <span class='ocrx_word' id='word_1_351' title='bbox 554 3829 594 3889; x_wconf 90' lang='lat' dir='ltr'><strong>ad</strong></span> <span class='ocrx_word' id='word_1_352' title='bbox 616 3828 754 3890; x_wconf 89' lang='lat' dir='ltr'><strong>rimanda</strong></span> <span class='ocrx_word' id='word_1_353' title='bbox 787 3829 901 3907; x_wconf 85' lang='lat' dir='ltr'><strong>optines</strong></span> <span class='ocrx_word' id='word_1_354' title='bbox 926 3848 1038 3891; x_wconf 89' lang='lat' dir='ltr'><strong>arcana</strong></span> <span class='ocrx_word' id='word_1_355' title='bbox 1062 3835 1111 3888; x_wconf 87' lang='lat' dir='ltr'><strong>est</strong></span> <span class='ocrx_word' id='word_1_356' title='bbox 1133 3827 1322 3889; x_wconf 86' lang='lat' dir='ltr'><strong>adhortatus.</strong></span> <span class='ocrx_word' id='word_1_357' title='bbox 1368 3825 1493 3889; x_wconf 88' lang='lat' dir='ltr'><strong>Utinam</strong></span> <span class='ocrx_word' id='word_1_358' title='bbox 1517 3825 1603 3887; x_wconf 89' lang='lat' dir='ltr'><strong>saln-</strong></span> 
     </span>
     <span class='ocr_line' id='line_1_38' title="bbox 242 3914 1122 3997; baseline 0.003 -22"><span class='ocrx_word' id='word_1_359' title='bbox 242 3914 362 3975; x_wconf 89' lang='lat' dir='ltr'><strong>taribus</strong></span> <span class='ocrx_word' id='word_1_360' title='bbox 387 3914 452 3993; x_wconf 90' lang='lat' dir='ltr'><strong>ejus</strong></span> <span class='ocrx_word' id='word_1_361' title='bbox 476 3916 597 3978; x_wconf 87' lang='lat' dir='ltr'><strong>monitis</strong></span> <span class='ocrx_word' id='word_1_362' title='bbox 620 3918 677 3978; x_wconf 88' lang='lat' dir='ltr'><strong>hac</strong></span> <span class='ocrx_word' id='word_1_363' title='bbox 701 3916 766 3977; x_wconf 91' lang='lat' dir='ltr'><strong>vice</strong></span> <span class='ocrx_word' id='word_1_364' title='bbox 790 3918 967 3979; x_wconf 85' lang='lat' dir='ltr'><strong>satisfacere</strong></span> <span class='ocrx_word' id='word_1_365' title='bbox 991 3936 1122 3997; x_wconf 88' lang='lat' dir='ltr'><strong>possem.</strong></span> 
     </span>
    </p>

    <p class='ocr_par' dir='ltr' id='par_1_6' title="bbox 242 4002 1607 5064">
     <span class='ocr_line' id='line_1_39' title="bbox 332 4002 1603 4085; baseline -0.001 -21"><span class='ocrx_word' id='word_1_366' title='bbox 332 4002 378 4064; x_wconf 86' lang='lat' dir='ltr'><strong>At</strong></span> <span class='ocrx_word' id='word_1_367' title='bbox 400 4003 471 4082; x_wconf 92' lang='lat' dir='ltr'><strong>quia</strong></span> <span class='ocrx_word' id='word_1_368' title='bbox 494 4014 637 4084; x_wconf 92' lang='lat' dir='ltr'><strong>quantum</strong></span> <span class='ocrx_word' id='word_1_369' title='bbox 660 4004 729 4066; x_wconf 94' lang='lat' dir='ltr'><strong>volo</strong></span> <span class='ocrx_word' id='word_1_370' title='bbox 754 4025 812 4066; x_wconf 93' lang='lat' dir='ltr'><strong>non</strong></span> <span class='ocrx_word' id='word_1_371' title='bbox 836 4026 968 4085; x_wconf 87' lang='lat' dir='ltr'><strong>possum,</strong></span> <span class='ocrx_word' id='word_1_372' title='bbox 993 4006 1085 4067; x_wconf 90' lang='lat' dir='ltr'><strong>liceat</strong></span> <span class='ocrx_word' id='word_1_373' title='bbox 1105 4024 1176 4084; x_wconf 90' lang='lat' dir='ltr'><strong>ergo</strong></span> <span class='ocrx_word' id='word_1_374' title='bbox 1201 4011 1343 4083; x_wconf 89' lang='lat' dir='ltr'><strong>quantum</strong></span> <span class='ocrx_word' id='word_1_375' title='bbox 1367 4022 1490 4084; x_wconf 88' lang='lat' dir='ltr'><strong>possum</strong></span> <span class='ocrx_word' id='word_1_376' title='bbox 1513 4021 1603 4081; x_wconf 92' lang='lat' dir='ltr'><strong>prae·</strong></span> 
     </span>
     <span class='ocr_line' id='line_1_40' title="bbox 242 4088 1602 4158; baseline 0.001 -6"><span class='ocrx_word' id='word_1_377' title='bbox 242 4100 341 4153; x_wconf 89' lang='lat' dir='ltr'><strong>stare.</strong></span> <span class='ocrx_word' id='word_1_378' title='bbox 387 4088 520 4153; x_wconf 90' lang='lat' dir='ltr'><strong>Primum</strong></span> <span class='ocrx_word' id='word_1_379' title='bbox 545 4113 582 4153; x_wconf 86' lang='lat' dir='ltr'><strong>ex</strong></span> <span class='ocrx_word' id='word_1_380' title='bbox 606 4094 865 4155; x_wconf 89' lang='lat' dir='ltr'><strong>observationibus</strong></span> <span class='ocrx_word' id='word_1_381' title='bbox 899 4105 1034 4155; x_wconf 89' lang='lat' dir='ltr'><strong>cometae</strong></span> <span class='ocrx_word' id='word_1_382' title='bbox 1058 4095 1137 4156; x_wconf 91' lang='lat' dir='ltr'><strong>illius</strong></span> <span class='ocrx_word' id='word_1_383' title='bbox 1167 4092 1369 4155; x_wconf 89' lang='lat' dir='ltr'><strong>memorabilis</strong></span> <span class='ocrx_word' id='word_1_384' title='bbox 1402 4092 1472 4154; x_wconf 91' lang='lat' dir='ltr'><strong>anni</strong></span> <span class='ocrx_word' id='word_1_385' title='bbox 1508 4089 1602 4158; x_wconf 81' lang='lat'><strong>1577.</strong></span> 
     </span>
     <span class='ocr_line' id='line_1_41' title="bbox 242 4180 1604 4263; baseline -0.001 -20"><span class='ocrx_word' id='word_1_386' title='bbox 242 4180 324 4243; x_wconf 88' lang='lat' dir='ltr'><strong>satis</strong></span> <span class='ocrx_word' id='word_1_387' title='bbox 349 4192 494 4260; x_wconf 89' lang='lat' dir='ltr'><strong>apparet,</strong></span> <span class='ocrx_word' id='word_1_388' title='bbox 528 4183 735 4263; x_wconf 89' lang='lat' dir='ltr'><strong>quaestionem</strong></span> <span class='ocrx_word' id='word_1_389' title='bbox 759 4184 795 4243; x_wconf 90' lang='lat' dir='ltr'><strong>de</strong></span> <span class='ocrx_word' id='word_1_390' title='bbox 819 4183 1011 4245; x_wconf 89' lang='lat' dir='ltr'><strong>inclinatione</strong></span> <span class='ocrx_word' id='word_1_391' title='bbox 1040 4191 1072 4245; x_wconf 92' lang='lat' dir='ltr'><strong>et</strong></span> <span class='ocrx_word' id='word_1_392' title='bbox 1096 4185 1132 4243; x_wconf 91' lang='lat' dir='ltr'><strong>de</strong></span> <span class='ocrx_word' id='word_1_393' title='bbox 1156 4191 1317 4243; x_wconf 89' lang='lat' dir='ltr'><strong>curvatura</strong></span> <span class='ocrx_word' id='word_1_394' title='bbox 1339 4182 1452 4242; x_wconf 88' lang='lat' dir='ltr'><strong>caudae</strong></span> <span class='ocrx_word' id='word_1_395' title='bbox 1477 4180 1604 4241; x_wconf 91' lang='lat' dir='ltr'><strong>eandem</strong></span> 
     </span>
     <span class='ocr_line' id='line_1_42' title="bbox 243 4267 1605 4352; baseline -0.001 -21"><span class='ocrx_word' id='word_1_396' title='bbox 243 4288 324 4331; x_wconf 89' lang='lat' dir='ltr'><strong>esse.</strong></span> <span class='ocrx_word' id='word_1_397' title='bbox 373 4267 472 4340; x_wconf 85' lang='lat' dir='ltr'><strong>Quam</strong></span> <span class='ocrx_word' id='word_1_398' title='bbox 497 4271 575 4333; x_wconf 91' lang='lat' dir='ltr'><strong>euim</strong></span> <span class='ocrx_word' id='word_1_399' title='bbox 599 4271 629 4333; x_wconf 91' lang='lat' dir='ltr'><strong>in</strong></span> <span class='ocrx_word' id='word_1_400' title='bbox 652 4283 770 4352; x_wconf 90' lang='lat' dir='ltr'><strong>partem</strong></span> <span class='ocrx_word' id='word_1_401' title='bbox 794 4273 891 4333; x_wconf 91' lang='lat' dir='ltr'><strong>cauda</strong></span> <span class='ocrx_word' id='word_1_402' title='bbox 914 4273 1078 4334; x_wconf 88' lang='lat' dir='ltr'><strong>declinavit</strong></span> <span class='ocrx_word' id='word_1_403' title='bbox 1100 4293 1120 4332; x_wconf 93' lang='lat' dir='ltr'><strong>a</strong></span> <span class='ocrx_word' id='word_1_404' title='bbox 1141 4271 1287 4332; x_wconf 90' lang='lat' dir='ltr'><strong>diametro</strong></span> <span class='ocrx_word' id='word_1_405' title='bbox 1308 4268 1399 4342; x_wconf 92' lang='lat' dir='ltr'><strong>Solis,</strong></span> <span class='ocrx_word' id='word_1_406' title='bbox 1424 4269 1452 4328; x_wconf 89' lang='lat' dir='ltr'><strong>in</strong></span> <span class='ocrx_word' id='word_1_407' title='bbox 1478 4269 1605 4330; x_wconf 88' lang='lat' dir='ltr'><strong>eandem</strong></span> 
     </span>
     <span class='ocr_line' id='line_1_43' title="bbox 244 4356 1606 4442; baseline -0.001 -22"><span class='ocrx_word' id='word_1_408' title='bbox 244 4369 276 4420; x_wconf 86' lang='lat' dir='ltr'><strong>et</strong></span> <span class='ocrx_word' id='word_1_409' title='bbox 299 4359 396 4432; x_wconf 84' lang='lat' dir='ltr'><strong>flexus</strong></span> <span class='ocrx_word' id='word_1_410' title='bbox 422 4360 577 4421; x_wconf 89' lang='lat' dir='ltr'><strong>tendebat.</strong></span> <span class='ocrx_word' id='word_1_411' title='bbox 625 4359 678 4423; x_wconf 87' lang='lat' dir='ltr'><strong>Sic</strong></span> <span class='ocrx_word' id='word_1_412' title='bbox 702 4361 780 4421; x_wconf 90' lang='lat' dir='ltr'><strong>enim</strong></span> <span class='ocrx_word' id='word_1_413' title='bbox 804 4362 915 4423; x_wconf 90' lang='lat' dir='ltr'><strong>diserte</strong></span> <span class='ocrx_word' id='word_1_414' title='bbox 939 4361 1041 4442; x_wconf 89' lang='lat' dir='ltr'><strong>Tycho</strong></span> <span class='ocrx_word' id='word_1_415' title='bbox 1070 4381 1124 4422; x_wconf 88' lang='lat' dir='ltr'><strong>nec</strong></span> <span class='ocrx_word' id='word_1_416' title='bbox 1152 4379 1210 4420; x_wconf 92' lang='lat' dir='ltr'><strong>nno</strong></span> <span class='ocrx_word' id='word_1_417' title='bbox 1239 4360 1320 4420; x_wconf 91' lang='lat' dir='ltr'><strong>loco:</strong></span> <span class='ocrx_word' id='word_1_418' title='bbox 1351 4366 1543 4419; x_wconf 90' lang='lat' dir='ltr'><strong>curvaturam</strong></span> <span class='ocrx_word' id='word_1_419' title='bbox 1567 4356 1606 4418; x_wconf 90' lang='lat' dir='ltr'><strong>ad</strong></span> 
     </span>
     <span class='ocr_line' id='line_1_44' title="bbox 243 4443 1603 4529; baseline -0.002 -20"><span class='ocrx_word' id='word_1_420' title='bbox 243 4446 356 4521; x_wconf 83' lang='lat' dir='ltr'><strong>aenith,</strong></span> <span class='ocrx_word' id='word_1_421' title='bbox 381 4466 488 4510; x_wconf 92' lang='lat' dir='ltr'><strong>cavum</strong></span> <span class='ocrx_word' id='word_1_422' title='bbox 513 4450 552 4510; x_wconf 92' lang='lat' dir='ltr'><strong>ad</strong></span> <span class='ocrx_word' id='word_1_423' title='bbox 575 4450 761 4511; x_wconf 90' lang='lat' dir='ltr'><strong>horizontem</strong></span> <span class='ocrx_word' id='word_1_424' title='bbox 776 4459 943 4529; x_wconf 89' lang='lat' dir='ltr'><strong>spectasse,</strong></span> <span class='ocrx_word' id='word_1_425' title='bbox 969 4469 1092 4529; x_wconf 90' lang='lat' dir='ltr'><strong>cumque</strong></span> <span class='ocrx_word' id='word_1_426' title='bbox 1107 4443 1353 4528; x_wconf 83' lang='lat' dir='ltr'><strong>septentrionalis</strong></span> <span class='ocrx_word' id='word_1_427' title='bbox 1378 4454 1460 4506; x_wconf 90' lang='lat' dir='ltr'><strong>esset</strong></span> <span class='ocrx_word' id='word_1_428' title='bbox 1475 4454 1603 4514; x_wconf 86' lang='lat' dir='ltr'><strong>cometa,</strong></span> 
     </span>
     <span class='ocr_line' id='line_1_45' title="bbox 243 4534 1605 4619; baseline -0.002 -22"><span class='ocrx_word' id='word_1_429' title='bbox 243 4536 388 4616; x_wconf 84' lang='lat' dir='ltr'><strong>angulum</strong></span> <span class='ocrx_word' id='word_1_430' title='bbox 412 4557 431 4598; x_wconf 92' lang='lat' dir='ltr'><strong>a</strong></span> <span class='ocrx_word' id='word_1_431' title='bbox 455 4535 475 4599; x_wconf 84' lang='lat'><strong>3</strong></span> <span class='ocrx_word' id='word_1_432' title='bbox 499 4537 530 4600; x_wconf 90' lang='lat' dir='ltr'><strong>in</strong></span> <span class='ocrx_word' id='word_1_433' title='bbox 554 4535 594 4601; x_wconf 83' lang='lat'><strong>9⁰</strong></span> <span class='ocrx_word' id='word_1_434' title='bbox 615 4539 759 4600; x_wconf 89' lang='lat' dir='ltr'><strong>minorem</strong></span> <span class='ocrx_word' id='word_1_435' title='bbox 785 4538 877 4600; x_wconf 90' lang='lat' dir='ltr'><strong>fuisse</strong></span> <span class='ocrx_word' id='word_1_436' title='bbox 901 4539 1049 4619; x_wconf 91' lang='lat' dir='ltr'><strong>producta</strong></span> <span class='ocrx_word' id='word_1_437' title='bbox 1072 4539 1186 4600; x_wconf 91' lang='lat' dir='ltr'><strong>caudae</strong></span> <span class='ocrx_word' id='word_1_438' title='bbox 1202 4537 1281 4597; x_wconf 91' lang='lat' dir='ltr'><strong>linea</strong></span> <span class='ocrx_word' id='word_1_439' title='bbox 1304 4536 1343 4596; x_wconf 90' lang='lat' dir='ltr'><strong>ad</strong></span> <span class='ocrx_word' id='word_1_440' title='bbox 1358 4534 1522 4596; x_wconf 89' lang='lat' dir='ltr'><strong>sectionem</strong></span> <span class='ocrx_word' id='word_1_441' title='bbox 1537 4553 1605 4595; x_wconf 89' lang='lat' dir='ltr'><strong>cum</strong></span> 
     </span>
     <span class='ocr_line' id='line_1_46' title="bbox 244 4623 1605 4707; baseline -0.002 -21"><span class='ocrx_word' id='word_1_442' title='bbox 244 4624 408 4704; x_wconf 88' lang='lat' dir='ltr'><strong>ecliptica,</strong></span> <span class='ocrx_word' id='word_1_443' title='bbox 441 4646 530 4705; x_wconf 90' lang='lat' dir='ltr'><strong>quam</strong></span> <span class='ocrx_word' id='word_1_444' title='bbox 555 4628 658 4707; x_wconf 90' lang='lat' dir='ltr'><strong>siper</strong></span> <span class='ocrx_word' id='word_1_445' title='bbox 686 4634 778 4707; x_wconf 90' lang='lat' dir='ltr'><strong>caput</strong></span> <span class='ocrx_word' id='word_1_446' title='bbox 801 4636 833 4687; x_wconf 92' lang='lat' dir='ltr'><strong>et</strong></span> <span class='ocrx_word' id='word_1_447' title='bbox 856 4626 960 4689; x_wconf 88' lang='lat' dir='ltr'><strong>Solem</strong></span> <span class='ocrx_word' id='word_1_448' title='bbox 984 4628 1064 4688; x_wconf 91' lang='lat' dir='ltr'><strong>linea</strong></span> <span class='ocrx_word' id='word_1_449' title='bbox 1092 4628 1264 4687; x_wconf 90' lang='lat' dir='ltr'><strong>duceretur:</strong></span> <span class='ocrx_word' id='word_1_450' title='bbox 1299 4643 1356 4705; x_wconf 94' lang='lat' dir='ltr'><strong>quo</strong></span> <span class='ocrx_word' id='word_1_451' title='bbox 1383 4631 1473 4704; x_wconf 89' lang='lat' dir='ltr'><strong>pacto</strong></span> <span class='ocrx_word' id='word_1_452' title='bbox 1507 4623 1605 4684; x_wconf 90' lang='lat' dir='ltr'><strong>canda</strong></span> 
     </span>
     <span class='ocr_line' id='line_1_47' title="bbox 244 4712 1604 4793; baseline -0.003 -17"><span class='ocrx_word' id='word_1_453' title='bbox 244 4713 415 4776; x_wconf 88' lang='lat' dir='ltr'><strong>diametrali</strong></span> <span class='ocrx_word' id='word_1_454' title='bbox 430 4712 512 4776; x_wconf 90' lang='lat' dir='ltr'><strong>Solis</strong></span> <span class='ocrx_word' id='word_1_455' title='bbox 537 4716 616 4777; x_wconf 91' lang='lat' dir='ltr'><strong>linea</strong></span> <span class='ocrx_word' id='word_1_456' title='bbox 638 4716 859 4778; x_wconf 90' lang='lat' dir='ltr'><strong>meridionalior</strong></span> <span class='ocrx_word' id='word_1_457' title='bbox 883 4715 948 4777; x_wconf 89' lang='lat' dir='ltr'><strong>fuit.</strong></span> <span class='ocrx_word' id='word_1_458' title='bbox 973 4716 1135 4778; x_wconf 89' lang='lat' dir='ltr'><strong>Inclinatio</strong></span> <span class='ocrx_word' id='word_1_459' title='bbox 1160 4713 1250 4793; x_wconf 90' lang='lat' dir='ltr'><strong>igitur</strong></span> <span class='ocrx_word' id='word_1_460' title='bbox 1273 4733 1326 4775; x_wconf 89' lang='lat' dir='ltr'><strong>sen</strong></span> <span class='ocrx_word' id='word_1_461' title='bbox 1341 4714 1474 4775; x_wconf 82' lang='lat' dir='ltr'><strong>deflexus</strong></span> <span class='ocrx_word' id='word_1_462' title='bbox 1490 4712 1604 4775; x_wconf 90' lang='lat' dir='ltr'><strong>caudae</strong></span> 
     </span>
     <span class='ocr_line' id='line_1_48' title="bbox 245 4802 1606 4886; baseline -0.003 -20"><span class='ocrx_word' id='word_1_463' title='bbox 245 4802 370 4866; x_wconf 88' lang='lat' dir='ltr'><strong>aSolis</strong></span> <span class='ocrx_word' id='word_1_464' title='bbox 394 4804 542 4866; x_wconf 90' lang='lat' dir='ltr'><strong>diametro</strong></span> <span class='ocrx_word' id='word_1_465' title='bbox 566 4804 711 4867; x_wconf 86' lang='lat' dir='ltr'><strong>estnihil</strong></span> <span class='ocrx_word' id='word_1_466' title='bbox 736 4804 816 4865; x_wconf 91' lang='lat' dir='ltr'><strong>aliud</strong></span> <span class='ocrx_word' id='word_1_467' title='bbox 844 4824 934 4885; x_wconf 87' lang='lat' dir='ltr'><strong>quam</strong></span> <span class='ocrx_word' id='word_1_468' title='bbox 961 4823 1032 4886; x_wconf 88' lang='lat' dir='ltr'><strong>pars</strong></span> <span class='ocrx_word' id='word_1_469' title='bbox 1057 4810 1243 4868; x_wconf 87' lang='lat' dir='ltr'><strong>curvaturae.</strong></span> <span class='ocrx_word' id='word_1_470' title='bbox 1290 4804 1397 4884; x_wconf 84' lang='lat' dir='ltr'><strong>ltaque</strong></span> <span class='ocrx_word' id='word_1_471' title='bbox 1422 4821 1497 4883; x_wconf 90' lang='lat' dir='ltr'><strong>qnae</strong></span> <span class='ocrx_word' id='word_1_472' title='bbox 1521 4809 1606 4863; x_wconf 90' lang='lat' dir='ltr'><strong>recta</strong></span> 
     </span>
     <span class='ocr_line' id='line_1_49' title="bbox 245 4885 1605 4974; baseline -0.003 -19"><span class='ocrx_word' id='word_1_473' title='bbox 245 4914 266 4955; x_wconf 89' lang='lat' dir='ltr'><strong>a</strong></span> <span class='ocrx_word' id='word_1_474' title='bbox 289 4890 361 4955; x_wconf 86' lang='lat' dir='ltr'><strong>Sole</strong></span> <span class='ocrx_word' id='word_1_475' title='bbox 385 4902 528 4974; x_wconf 87' lang='lat' dir='ltr'><strong>coeperat</strong></span> <span class='ocrx_word' id='word_1_476' title='bbox 550 4894 689 4974; x_wconf 92' lang='lat' dir='ltr'><strong>produci,</strong></span> <span class='ocrx_word' id='word_1_477' title='bbox 714 4893 850 4956; x_wconf 90' lang='lat' dir='ltr'><strong>omnibns</strong></span> <span class='ocrx_word' id='word_1_478' title='bbox 874 4892 1010 4956; x_wconf 90' lang='lat' dir='ltr'><strong>articulis</strong></span> <span class='ocrx_word' id='word_1_479' title='bbox 1034 4894 1190 4957; x_wconf 88' lang='lat' dir='ltr'><strong>incurvata</strong></span> <span class='ocrx_word' id='word_1_480' title='bbox 1213 4893 1336 4953; x_wconf 90' lang='lat' dir='ltr'><strong>tandem</strong></span> <span class='ocrx_word' id='word_1_481' title='bbox 1359 4885 1490 4971; x_wconf 87' lang='lat' dir='ltr'><strong>speciem</strong></span> <span class='ocrx_word' id='word_1_482' title='bbox 1512 4909 1605 4971; x_wconf 90' lang='lat' dir='ltr'><strong>prae-</strong></span> 
     </span>
     <span class='ocr_line' id='line_1_50' title="bbox 246 4978 1607 5064; baseline 0 -20"><span class='ocrx_word' id='word_1_483' title='bbox 246 4980 314 5045; x_wconf 91' lang='lat' dir='ltr'><strong>buit</strong></span> <span class='ocrx_word' id='word_1_484' title='bbox 342 4981 533 5047; x_wconf 85' lang='lat' dir='ltr'><strong>declinantis.</strong></span> <span class='ocrx_word' id='word_1_485' title='bbox 580 4983 692 5057; x_wconf 91' lang='lat' dir='ltr'><strong>Dicite,</strong></span> <span class='ocrx_word' id='word_1_486' title='bbox 714 4981 863 5059; x_wconf 88' lang='lat' dir='ltr'><strong>Pierides,</strong></span> <span class='ocrx_word' id='word_1_487' title='bbox 895 5001 971 5064; x_wconf 88' lang='lat' dir='ltr'><strong>quae</strong></span> <span class='ocrx_word' id='word_1_488' title='bbox 995 4982 1037 5046; x_wconf 90' lang='lat' dir='ltr'><strong>sit</strong></span> <span class='ocrx_word' id='word_1_489' title='bbox 1058 5002 1151 5048; x_wconf 88' lang='lat' dir='ltr'><strong>causa</strong></span> <span class='ocrx_word' id='word_1_490' title='bbox 1173 4979 1341 5048; x_wconf 83' lang='lat' dir='ltr'><strong>inflexionis</strong></span> <span class='ocrx_word' id='word_1_491' title='bbox 1373 4979 1475 5061; x_wconf 84' lang='lat' dir='ltr'><strong>hujus,</strong></span> <span class='ocrx_word' id='word_1_492' title='bbox 1508 4987 1539 5043; x_wconf 88' lang='lat' dir='ltr'><strong>et</strong></span> <span class='ocrx_word' id='word_1_493' title='bbox 1570 4978 1607 5044; x_wconf 87' lang='lat' dir='ltr'><strong>dc</strong></span> 
     </span>
    </p>
   </div>
   <div class='ocr_carea' id='block_1_5' title="bbox 0 0 1854 5842">
    <p class='ocr_par' dir='ltr' id='par_1_7' title="bbox 0 0 1854 5842">
     <span class='ocr_line' id='line_1_51' title="bbox 0 0 1854 5842; baseline 0 0"><span class='ocrx_word' id='word_1_494' title='bbox 0 0 1854 5842; x_wconf 95' lang='lat' dir='ltr'><strong> </strong></span> 
     </span>
    </p>
   </div>
  </div>
 </body>
</html>
