3692 5842
706 470 832 536 160
1399 412 1409 422 ·
1645 465 2027 534 Putlipomena
2062 468 2115 518 in
2150 466 2493 518 Vitellionem.

1251 644 1360 709 rig.
1402 639 1486 689 ⁴9·
2044 645 2264 724 angulo
2314 665 2349 705 ο
2397 642 2543 705 facit
2587 640 2807 704 lineam
2855 643 2980 716 003
3046 640 3239 703 latere
3286 657 3431 702 vero

1104 787 1133 820 ,-
1177 815 1182 820 ,
1618 760 1659 810 ,ι
2047 730 2114 804 ’ξ
2152 733 2371 793 lineam
2408 729 2496 804 ξο,
2545 730 2631 791 sic
2662 725 2759 807 εζη
2803 727 3132 810 descripsit
3157 723 3202 791 4
3238 727 3433 792 lineas

1077 814 1172 880 ’ΛΓ
1191 815 1473 824 ““““““““““
1519 817 1620 907 '''J.-
2050 821 2447 882 terminantes
2525 820 2776 898 figuram
2849 820 2940 890 ιλ,
2987 816 3103 894 μξ,
3160 816 3274 892 ξο,
3328 822 3435 892 οθ,

1577 913 1585 924 ’
2054 909 2376 988 parallelos
2424 915 2682 989 quatuor
2725 907 2896 969 lineis
2945 907 3273 969 fenestrae.

2228 998 2330 1060 Ad
2377 997 2628 1058 eundem
2674 996 2910 1058 modum
2941 1004 3259 1057 moveatur
3285 1015 3432 1057 cen-

1831 1157 1840 1168 .
2055 1097 2210 1148 trum
2283 1087 2506 1165 figurae
2581 1087 2728 1163 αβγῦ
2797 1104 2904 1165 per
2982 1103 3191 1147 omnes
3265 1103 3433 1147 mar-

1839 1171 1885 1243 ²x
2056 1178 2228 1255 gines
2294 1172 2410 1253 εζη.
2520 1173 2654 1236 Erit
2726 1175 2880 1235 situs
2953 1173 3084 1253 ejus
3159 1173 3323 1236 circa
3384 1196 3432 1244 a.

1453 1338 1466 1345 ,
1717 1246 1930 1346 m--)
1964 1331 2011 1358 ,‚
2053 1270 2224 1337 θκνο,
2286 1265 2447 1325 circa
2492 1287 2544 1342 η,
2609 1261 2796 1340 μπξρ,
2863 1261 3024 1324 circa
3070 1258 3129 1336 ζ,
3172 1264 3324 1337 «iro,
3373 1270 3435 1325 et

1583 1424 1592 1435 ,
1654 1381 1662 1390 ·
1916 1319 1950 1418 ³!
2058 1352 2380 1432 descripsit
2427 1353 2586 1414 linea
2631 1357 2695 1429 ῦγ
2742 1353 2958 1413 lineam
3006 1349 3096 1425 οξ,
3144 1352 3435 1431 angulop

1559 1442 1582 1477 ‘'
1943 1449 1950 1521 ξ
2059 1443 2278 1503 lineam
2321 1444 2418 1517 μλ,
2469 1441 2687 1520 angulo
2732 1445 2784 1500 θ
2829 1440 3047 1501 lineam
3091 1445 3182 1502 θα.

1213 1554 1224 1570 =
1740 1523 1774 1579 ‘N
1941 1530 1948 1602 ξ
2233 1530 2349 1592 Hic
2395 1530 2566 1590 vides
2614 1538 2678 1590 et
2731 1529 3016 1610 trianguli
3062 1529 3321 1591 declivia
3375 1538 3439 1591 et

899 1654 935 1711 ‘s
1057 1654 1093 1712 5
1248 1613 1256 1622 “
1633 1665 1686 1724 Γ
1776 1582 1855 1717 &X-
1940 1609 1947 1678 l
2058 1619 2335 1700 quadrati
2400 1627 2567 1721 recta
2623 1625 2833 1680 extare
2897 1619 3094 1680 latera
3140 1617 3199 1678 in
3252 1616 3437 1680 totius

861 1714 900 1781 s
1297 1683 1395 1873 lv·
2056 1707 3437 1877 fiff‘zsmfi’ss?ffsffiz’mpzzsst‘ffzdzffdssqssssz

1007 1865 1046 1871 Η
1159 1864 1199 1871 „‚
1249 1865 1450 1928 ’Ὑί
1493 1866 1502 1871 ,
1757 1866 1879 1872 *⁵-
1956 1847 1985 1888 ²
2056 1887 2188 1948 culo
2256 1894 2526 1966 utraque.
2638 1885 2794 1945 Nam
2854 1884 3139 1964 trianguli
3206 1885 3439 1965 majora

710 1991 888 2057 sunt,
958 1981 1097 2062 quia
1139 1980 1462 2063 pauciora,
1524 1976 1678 2039 unde
1738 1993 1853 2035 non
1914 1976 2106 2054 magis
2174 1973 2591 2055 quadrangula
2653 1981 2825 2035 curta
2891 1992 3065 2055 quam
3133 1971 3439 2055 triangula

710 2071 857 2133 talis
908 2069 1024 2131 dici
1071 2078 1297 2151 potest.

888 2157 1029 2221 Jam
1077 2159 1162 2222 sit
1207 2158 1525 2220 dimetiens
1575 2150 1922 2216 fenestralis
1970 2152 2193 2231 figurae
2260 2152 2490 2232 major,
2541 2150 2733 2230 sitque
2781 2152 2926 2229 αβγῦ
2971 2159 3102 2224 (rig.
3145 2156 3269 2224 5⁰),
3320 2149 3425 2213 sed

1104 2283 1195 2349 Fig
1255 2278 1339 2331 50.
1726 2242 1916 2322 figura
1962 2260 1999 2301 a
2046 2242 2281 2304 lucente
2331 2242 2572 2303 inversa
2618 2240 2699 2301 sit
2745 2237 2868 2316 εζη,
2925 2240 3124 2319 sitque
3173 2249 3427 2320 utraque

1200 2320 1212 2332 ⁸
1729 2339 1798 2392 ut
1840 2330 2005 2408 prius
2053 2331 2132 2392 ad
2177 2331 2335 2392 idem
2400 2337 2668 2391 centrum
2734 2330 3049 2391 collocata.
3147 2326 3429 2392 Circum-

1567 2477 1571 2482 .
1732 2419 1960 2481 feratur
1999 2420 2125 2499 jam
2165 2430 2434 2481 centrum
2467 2417 2746 2497 trianguli
2778 2419 2835 2479 in
2867 2417 3239 2498 marginibus
3266 2419 3431 2497 αβγδ,

1591 2517 1663 2575 N..
1730 2516 1903 2569 erunt
1950 2508 2077 2587 ejus
2127 2510 2281 2571 situs
2310 2514 2441 2578 θιπ,
2474 2511 2600 2583 κλμ,
2632 2505 2750 2582 ng,
2779 2528 2891 2586 οσρ
2941 2514 3003 2567 et
3046 2505 3428 2580 intermedii;

1728 2597 1900 2658 vides
1949 2598 2102 2677 quod
2171 2598 2478 2659 describat
2526 2595 2711 2659 ternis
2778 2595 3014 2674 angulis
3062 2604 3187 2658 tres
3238 2594 3431 2657 lineas

1615 2691 1620 2708 '
1730 2690 1835 2759 οθ,
1867 2689 1940 2759 ιλ,
1969 2683 2064 2761 μξ,
2117 2687 2307 2748 latere
2354 2704 2497 2747 vero
2548 2685 2764 2747 lineam
2796 2682 2881 2756 οξ.
2955 2682 3433 2747 Circumferatur

1615 2805 1620 2813 ·
1727 2774 1935 2835 itidem
2010 2784 2279 2836 centrum
2345 2773 2690 2838 fenestralis
2757 2774 2813 2834 in
2880 2773 3249 2853 marginibus
3312 2769 3433 2846 ιζη,

1614 2853 1620 2932 ζ
1725 2871 1903 2925 erunt
1964 2865 2093 2942 ejus
2152 2864 2304 2926 situs
2368 2873 2493 2926 tres
2567 2864 2729 2925 circa
2776 2887 2825 2937 s,
2871 2859 2921 2935 ζ,
2967 2884 3003 2939 η
3046 2870 3275 2941 puncta
3330 2862 3426 2923 hi:

1611 3007 1618 3036 ἶ
1722 2957 1893 3025 Bure,
1942 2950 2101 3031 πρξμ
2149 2962 2211 3014 et
2257 2957 2423 3026 ιλτσ;
2469 2953 2640 3014 vides
2691 2953 2845 3031 quod
2908 2950 3216 3013 describat
3273 2950 3429 3014 binis

1612 3049 1618 3108 ξ
1724 3041 1985 3119 angulis·
2011 3042 2182 3103 binas
2253 3043 2443 3103 lineas
2488 3047 2576 3115 θι,
2629 3044 2723 3116 λμ,
2773 3039 3017 3121 reliquis
3082 3040 3317 3103 duobus
3364 3049 3429 3102 et

1723 3130 2042 3207 interjecto
2110 3132 2300 3192 latere
2371 3131 2587 3192 lineam
2651 3127 2722 3201 οξ
2782 3149 3175 3192 communem.
3272 3129 3429 3190 Huic

1725 3237 1866 3298 ergo
1915 3221 2138 3299 figurae
2205 3219 2507 3281 minimum
2572 3218 2795 3298 aliquid
2845 3219 3020 3280 deest
3068 3238 3184 3299 quo
3232 3217 3429 3280 minus

772 1236 888 1358 tva.

892 1333 1012 1344 ἓ

1034 1335 1074 1344 l

783 1395 861 1906 εκ.ζ.,--,.-........-.-

1057 3312 1162 3376 Fig.
1203 3309 1286 3359 5¹·
1629 3307 1931 3368 fenestrae
1960 3309 2264 3387 perfectae
2295 3308 2505 3370 similis
2536 3308 2633 3371 sit.
2703 3306 2959 3387 Figurae
2992 3326 3133 3368 vero
3173 3307 3429 3370 lucentis

1089 3431 1101 3472 ς
1202 3415 1234 3447 -ι
1616 3397 1950 3474 superficiei
1998 3398 2260 3477 vestigia
2304 3417 2591 3477 perquam
2640 3396 2858 3476 exigua
2906 3405 3064 3459 sunt.

1085 3459 1247 3595 Π
1706 3486 2064 3547 Econtrario
2086 3487 2167 3547 sit
2203 3487 2518 3547 dimetiens
2557 3486 2902 3547 fenestralis
2944 3486 3168 3565 figurae
3212 3485 3422 3558 minor,

1057 3567 1270 3723 Ὗ
1330 3663 1334 3667 -
1618 3575 2011 3725 ῗὲὶἶῖἰὲἷίδ
2029 3581 2189 3725 esti-1⁵3³
2231 3575 2682 3734 ξ’ἴὲέἱιῗίκὲ
2716 3575 2872 3725 ³⁶5?
2893 3582 3191 3726 „53:53
3211 3574 3427 3726 :3522

1150 3687 1154 3695 ·
1706 3683 1720 3696 ’
2067 3686 2093 3726 ι·
2172 3686 2247 3726 iel
2411 3686 2438 3724 e
2536 3686 2564 3726 s
2613 3689 2637 3725 ε
2876 3687 2889 3725 ι

1057 3723 1314 3837 *ar—3³³2
1622 3683 2028 3813 circumducti}
2076 3754 2331 3833 gemin0,
2383 3687 2717 3816 scribentur}
2755 3754 2929 3814 modo
2970 3754 3170 3814 dictae
3211 3752 3425 3826 lineae,

825 3895 833 3903 ,
901 3839 961 3935 fs
1069 3809 1098 3927 Ι
1193 3843 1214 3923 ,Ε
1270 3799 1470 3979 ,Χ
1622 3843 1754 3903 sola
1799 3844 2186 3920 proportione
2236 3851 2487 3904 mutata.
2585 3844 2795 3922 Itaque
2855 3843 3155 3904 minimum
3203 3839 3429 3923 aliquid

751 3935 781 3967 ¹*
849 3983 853 3991 ,
937 3935 993 3975 *r
1053 3927 1073 3947 ⁹
1214 3923 1558 4020 ''J-415⁹
1623 3932 1736 3992 toti
1802 3931 2028 4010 figurae
2110 3933 2317 4006 deest,
2407 3951 2521 4012 quo
2602 3931 2793 3992 minus
2869 3932 3157 4010 originem
3238 3951 3425 4005 suam,

837 4039 853 4067 f

1374 4023 1450 4039 4—11

1362 4002 1534 4139 gij!
1622 4019 1860 4081 scilicet
1907 4021 2281 4101 superficiem
2332 4021 2606 4095 lucentis,
2656 4022 2958 4082 contrario
3009 4021 3128 4083 situ
3177 4039 3429 4100 reprae-

1622 4117 1845 4171 sentet.

893 4198 1241 4279 Prop.v11.
1291 4197 1690 4260 Problema.
1743 4199 1820 4258 In
1863 4217 2154 4260 camera
2193 4199 2456 4260 clausa
2485 4208 2556 4260 et
2596 4198 2663 4259 in
2706 4196 3096 4278 proposito
3136 4199 3432 4278 pariete

715 4298 1297 4369 repraesentare
1361 4287 1718 4367 quicquid
1786 4298 2000 4350 extra
2065 4306 2437 4349 cameram
2499 4309 2529 4348 e
2592 4288 2892 4366 regione
2958 4288 3075 4348 vel
3137 4296 3255 4349 est
3322 4289 3431 4351 vel

715 4380 1034 4456 geritur,
1086 4377 1269 4457 quod
1319 4376 1606 4455 quidem
1656 4376 1725 4437 in
1775 4378 2034 4438 oculos
2085 4376 2418 4439 incurrit.
2513 4377 2684 4436 Hanc
2735 4385 2929 4437 artem
2975 4375 3220 4454 primus,
3272 4376 3431 4458 quod

715 4467 923 4538 sciam,
973 4467 1031 4526 J.
1063 4465 1354 4544 Baptista
1384 4465 1570 4526 Porta
1617 4466 1886 4539 tradidit,
1937 4465 2298 4545 Magiaeque
2347 4465 2635 4527 naturalis
2676 4485 2789 4527 non
2842 4464 3147 4526 minimam
3192 4475 3429 4545 partem

718 4557 881 4619 fecit.
924 4552 1005 4626 ¹⁶)
1101 4554 1223 4617 Sed
1283 4554 1655 4633 experientia
1706 4564 2023 4616 contentus
2081 4555 2650 4617 demonstrationem
2710 4575 2825 4616 non
2893 4554 3144 4616 addidit.
3239 4554 3430 4634 Atqui

713 4648 812 4708 vel
877 4646 989 4707 hoc
1058 4645 1187 4706 solo
1254 4643 1660 4723 experimento
1728 4644 2069 4724 potuissent
2135 4646 2460 4706 astronomi
2525 4651 2794 4705 statuere
2866 4645 2940 4705 de
3005 4662 3115 4704 sua
3183 4642 3430 4724 deliquii

720 4733 953 4797 Solaris
1005 4733 1283 4812 imagine.

897 4823 1275 4887 Claudantur
1340 4821 1522 4901 igitur
1586 4840 1792 4883 omnes
1860 4821 2043 4881 rimae
2109 4841 2413 4895 camerae,
2478 4822 2630 4882 adeo
2678 4829 2745 4882 ut
2791 4840 2863 4881 ne
2919 4819 3167 4882 minima
3230 4821 3431 4883 lucula

717 4914 913 4993 possit
981 4913 1247 4994 ingredi,
1298 4933 1330 4973 e
1380 4909 1621 4989 regione
1685 4929 1822 4972 vero
1893 4911 2231 4983 fenestrae,
2285 4930 2433 4991 quae
2498 4917 2881 4990 prospectum
2946 4909 3135 4971 habet
3190 4910 3269 4972 ad
3330 4929 3429 4974 res

720 5002 1302 5085 repraesentandas,
1371 4999 1454 5060 sit
1517 4999 1717 5080 paries
1782 5000 1994 5073 albus,
2073 5000 2257 5063 ceteri
2330 4999 2505 5081 nigri.
2638 4998 2968 5081 Aperiatur
3032 4999 3303 5062 foramen
3365 4998 3427 5060 in
