3692 5842
737 484 820 550 ⁰⁸9⁸
835 481 912 535 XXV·
1435 481 1498 549 703

149 659 367 740 magnitudinis
398 658 646 738 circumstabunt,
679 663 818 741 vulgares
847 669 947 723 tamen
975 662 1045 724 illae
1078 662 1197 724 fuerunt
1219 662 1310 725 etde
1331 661 1501 743 promiscuo

149 751 276 812 fixarum
300 767 433 823 numero,
456 749 539 811 nulla
560 751 672 831 proprii
695 761 794 814 100100
817 751 977 815 0011111010
1004 751 1148 832 insignes.
1194 752 1278 814 Haec
1302 760 1407 814 nostra
1429 769 1502 815 veru

149 840 181 902 in
203 838 334 902 medium
356 838 447 905 triam
470 839 655 919 superiorum
676 841 866 921 planetarum
889 860 957 905 sese
981 841 1117 921 ingessit,
1140 839 1216 902 Jove
1232 846 1264 902 et
1277 841 1378 903 Marte
1402 841 1501 903 satel-

151 927 255 990 litibus
278 927 566 1002 anteambulouibus,
582 928 715 992 Saturno
738 929 884 1012 stipatore
907 930 1088 1012 pedissequo
1107 949 1171 993 usa.
1209 930 1268 991 Illa
1285 930 1360 992 coeli
1383 938 1502 1010 partem

151 1017 368 1089 duodecimam,
392 1036 468 1097 quse
484 1039 503 1079 a
517 1017 616 1081 Tauro
635 1019 720 1098 siguo
740 1029 838 1083 terreo
852 1038 960 1082 nomeu
976 1020 1077 1091 habet,
1101 1019 1269 1099 occupavit,
1293 1019 1375 1081 nulla
1393 1019 1501 1099 plane-

150 1115 250 1168 tarum
274 1106 480 1188 conjunctione
503 1125 576 1186 prae
599 1108 708 1170 ceteris
723 1117 793 1171 tunc
813 1109 962 1190 temporis
986 1110 1150 1172 illustrem:
1175 1108 1250 1169 haec
1265 1107 1295 1169 iu
1311 1108 1396 1187 signu
1415 1108 1503 1187 igneo

150 1195 314 1275 Sagittarii
338 1194 464 1269 exarsit,
488 1195 517 1257 iu
537 1216 595 1276 quo
618 1197 858 1261 celebratissima
880 1199 934 1261 illa
952 1198 1100 1260 revolutio
1124 1196 1235 1277 trigoni
1254 1197 1333 1277 ignei
1356 1195 1503 1278 superiori

149 1285 313 1350 Decembri
345 1292 495 1347 sumserat
525 1285 661 1361 initium:
691 1289 769 1370 quod
797 1307 855 1349 uon
885 1288 944 1349 uisi
973 1295 1044 1369 post
1070 1283 1136 1350 800
1169 1305 1311 1348 annorum
1341 1281 1503 1348 intervalla

149 1373 214 1437 lieri
237 1380 350 1455 potest.
396 1374 454 1436 Illa
476 1373 600 1453 vulgare
623 1382 656 1437 et
682 1376 812 1457 ignobile
842 1384 962 1458 tempus
991 1377 1117 1452 invasit,
1150 1376 1235 1438 nulla
1262 1373 1406 1457 peculiari
1430 1382 1504 1438 0010

149 1462 288 1544 insigne:
312 1463 388 1525 haec
407 1462 513 1524 incidit
532 1464 562 1525 in
582 1484 648 1526 euru
666 1465 802 1546 praecise
823 1486 941 1543 aunum,
967 1486 1054 1548 quem
1074 1466 1219 1544 astrologi
1242 1464 1374 1527 universi
1393 1463 1504 1545 trigoni

149 1551 233 1633 ignei
255 1550 401 1634 principio
433 1552 643 1636 eventurisque
671 1556 818 1635 prodigiis
848 1556 1030 1618 coelestibus
1060 1553 1301 1635 diligentissimis
1329 1552 1502 1636 0100010οἰ,-

150 1642 286 1704 tionibus
318 1639 528 1719 designarunt3
560 1641 590 1704 iu
619 1662 685 1705 eum
713 1645 850 1725 praecise
881 1641 1030 1720 mensem,
1065 1664 1121 1725 quo
1149 1663 1252 1706 mense
1276 1644 1387 1706 Martis
1410 1643 1503 1704 stella

150 1730 269 1793 duobus
292 1730 493 1810 superioribus
512 1731 579 1811 ipsa
597 1751 711 1816 quoque
730 1735 872 1809 accessit,
893 1753 1034 1815 magnam
1053 1733 1290 1813 conjunctionem
1305 1733 1341 1793 de
1358 1730 1503 1814 Cypriani

151 1819 292 1883 doctrina
314 1819 459 1899 impleus:
483 1819 512 1881 iu
536 1839 603 1882 eum
624 1823 762 1902 praecise
785 1824 873 1897 diem,
896 1842 955 1910 000
975 1823 1022 1884 die
1041 1823 1126 1885 Mars
1148 1831 1220 1903 post
1233 1821 1396 1885 Saturnum
1419 1821 1502 1901 prius

150 1917 327 1990 superatum
351 1906 441 1970 etiarn
464 1908 572 1972 Jovem
595 1919 660 1973 erat
688 1922 863 1974 assecutus:
893 1912 963 1994 quid
987 1911 1101 1987 multis,
1126 1911 1156 1973 iu
1180 1930 1246 1972 0001
1268 1911 1404 1991 praecise
1427 1908 1504 1972 coeli

151 1999 272 2074 locum,
307 1997 345 2058 ad
374 2016 461 2079 quern
493 1998 622 2061 omnium
652 2001 871 2081 astrologorum
894 2002 990 2074 oculi,
1016 2018 1207 2081 congressum
1229 1998 1317 2061 Jovis
1341 2007 1373 2061 01
1395 1997 1505 2061 Martis

152 2095 377 2167 exspectantes,
402 2086 617 2166 dirigebantur.
664 2091 770 2172 Itaque
793 2091 874 2171 prior
897 2091 952 2153 illa
974 2090 1082 2152 mundo
1103 2108 1162 2150 non
1185 2083 1372 2168 praemonito
1396 2105 1504 2167 super·

150 2176 237 2239 venit
259 2185 291 2239 et
312 2176 396 2237 velut
418 2175 597 2256 improvisus
620 2178 726 2254 bostis,
751 2179 906 2260 occupatis
926 2178 1007 2241 urbis
1031 2176 1155 2239 moeniis
1178 2177 1260 2258 prius
1280 2176 1311 2238 iu
1332 2178 1395 2239 loro
1420 2181 1506 2238 com-'

153 2266 266 2348 paruit,
290 2284 379 2348 quam
402 2264 485 2326 cives
509 2266 728 2345 expeditionem
751 2269 816 2349 ejus
841 2269 922 2331 10010
943 2267 1165 2349 percepissent:
1191 2275 1298 2328 nostra
1319 2284 1390 2327 vero
1414 2265 1505 2345 vulgo

152 2362 336 2435 exspectata
359 2353 489 2433 alonge
518 2362 670 2435 tempore,
703 2375 770 2421 curu
798 2360 894 2421 multa
923 2357 1106 2420 solennitate
1134 2363 1167 2417 et
1192 2354 1366 2435 triumphali
1395 2371 1506 2435 pompa

152 2445 195 2507 ad
218 2443 298 2507 diem
326 2442 521 2505 coustitutum
549 2453 597 2506 est
624 2445 774 2526 ingressa,
808 2465 890 2509 ruore
921 2445 1128 2527 praepotentis
1159 2444 1284 2525 alicujus
1308 2443 1503 2518 Monarchae,

152 2532 206 2616 qui
233 2531 420 2612 metropolim
454 2532 538 2613 regui
574 2534 723 2597 invisurus
761 2534 935 2618 praemissis
967 2536 1054 2615 louge
1087 2541 1180 2596 antea
1211 2534 1409 2598 metatoribus
1438 2532 1508 2594 loca

154 2622 315 2687 comitatui
338 2621 497 2702 designat:
521 2622 643 2704 jamque
665 2625 787 2705 purgari
815 2627 952 2706 plateae,
976 2625 1040 2706 jam
1068 2623 1184 2686 excitus
1206 2623 1374 2686 rumoribus
1397 2622 1506 2701 vulgus

152 2713 332 2786 discurrere,
354 2710 417 2790 jarn
440 2711 647 2791 pueriurores
669 2713 826 2790 1000001ος
850 2734 917 2777 0001
941 2714 1088 2788 sarcinae,
1112 2733 1178 2776 cum
1201 2713 1337 2793 supellex
1361 2719 1508 2792 argentea

149 2803 219 2883 jam
241 2801 372 2862 adsunt:
405 2819 475 2861 mox
498 2800 657 2863 subsecuto
680 2803 823 2885 principis
845 2804 1006 2878 comitatu,
1038 2805 1107 2865 durn
1134 2802 1223 2883 primi
1250 2809 1354 2883 portas
1378 2800 1509 2863 subeunt

153 2907 354 2973 equorumque
384 2888 528 2969 strepitus
559 2909 614 2970 per
650 2899 750 2956 strata
780 2893 896 2956 viarum
929 2902 961 2955 et
992 2893 1130 2956 lituorum
1173 2892 1296 2971 claugor
1332 2895 1509 2970 personant,

155 2978 250 3042 exciti
272 2977 402 3040 universi
428 2979 576 3041 fenestras
607 2990 769 3063 occupant,
802 2984 922 3063 plateas
953 2984 1121 3062 complent,
1153 2980 1256 3062 pavidi
1283 2980 1402 3043 laetitia
1424 2977 1508 3060 pueri

154 3078 338 3148 teneraeque
367 3068 495 3147 puellae.
547 3069 693 3131 Incedunt
725 3072 869 3133 sublimes
901 3072 931 3134 in
965 3072 1048 3152 equis
1078 3072 1184 3133 heroes
1215 3070 1324 3151 fidique
1358 3067 1507 3131 ministri:

153 3160 268 3222 lustrat
290 3156 386 3219 hianti
409 3176 460 3217 ore
483 3158 680 3239 sollicitisque
704 3161 798 3223 oculis
821 3180 1057 3242 unumquemque
1077 3160 1163 3240 plebs
1183 3159 1405 3237 contemplandi
1428 3156 1509 3236 regis

153 3248 266 3311 avida:
290 3245 416 3327 denique
435 3253 505 3325 post
519 3248 640 3326 longum
655 3267 762 3328 agmen
783 3250 878 3311 oritur
897 3249 1149 3332 tympanistarum
1167 3259 1199 3310 et
1213 3248 1377 3322 tubicinum
1401 3256 1508 3322 turma,

154 3337 292 3419 sequitur
315 3343 496 3397 armatorum
519 3338 747 3399 venerabundus
771 3339 854 3411 ordo,
879 3357 1033 3400 cursorum
1057 3338 1180 3417 elegans
1204 3356 1242 3399 ex
1264 3346 1389 3418 utroque
1413 3337 1509 3398 latere

153 3425 344 3505 manipulus:
370 3424 398 3485 iu
424 3424 521 3486 medio
544 3424 624 3487 Rex
647 3445 793 3506 generoso
818 3428 986 3507 tripudians
1010 3426 1138 3500 caballo,
1164 3435 1304 3508 ostroque
1328 3426 1455 3505 insignis
1478 3430 1511 3485 et

154 3535 249 3580 auro:
274 3533 329 3576 000
353 3511 513 3592 digitorum
537 3514 645 3577 iudicio
664 3536 720 3578 uec
734 3516 1021 3596 interrogationibus
1036 3535 1132 3596 opus:
1157 3532 1210 3576 suo
1229 3515 1354 3597 quisque
1370 3514 1511 3596 privatim

156 3606 257 3670 animo
281 3602 347 3665 visu
370 3602 516 3664 satellitio
540 3602 633 3665 dicit:
656 3605 704 3666 Eu
728 3606 784 3667 tibi
806 3606 929 3669 taudem
953 3624 1041 3686 quem
1065 3603 1254 3666 desiderasti.

248 3691 334 3756 Talis
357 3691 451 3771 igitur
474 3692 531 3754 1011
554 3693 704 3773 apparitio
727 3695 823 3757 nostri
847 3694 966 3757 sideris.

246 3781 362 3854 Quodsi
386 3781 457 3862 quid
481 3781 537 3843 hoc
561 3782 599 3843 ad
623 3800 684 3844 rem
708 3784 791 3859 facit,
816 3785 908 3846 stella
932 3784 1000 3847 anui
1024 3780 1116 3846 1572.
1142 3781 1327 3844 sublimitate
1351 3778 1510 3841 claritate-

155 3893 214 3957 que
241 3891 298 3934 sua
325 3873 465 3952 (quarum
497 3870 551 3932 illa
580 3890 639 3932 uon
671 3891 766 3952 passa
794 3882 843 3936 est
875 3874 960 3937 illam
991 3872 1141 3949 occidere,
1173 3872 1249 3934 haec
1273 3872 1311 3933 de
1341 3869 1390 3932 die
1420 3868 1511 3931 etiarn

155 3960 294 4026 exhibuit
316 3959 530 4041 spectandam)
545 3960 574 4021 iu
589 3960 671 4039 vulgi
695 3963 831 4042 primum,
856 3972 890 4026 ut
912 3963 1070 4044 plurimum
1084 3963 1139 4024 sub
1154 3961 1203 4023 dio
1223 3960 1383 4035 versantis,
1408 3958 1512 4020 oculos

155 4071 226 4114 sese
240 4050 379 4130 ingessit,
404 4056 522 4110 tantum
541 4067 599 4110 nou
620 4069 691 4112 aure
710 4053 855 4116 vellicans
878 4053 1013 4134 singulos
1032 4053 1071 4114 ad
1091 4051 1136 4113 sui
1160 4050 1382 4130 spectaculum:
1406 4057 1512 4111 nostra

155 4143 235 4204 baec
258 4138 326 4203 sliis
349 4158 405 4201 usa
428 4136 681 4217 circumstantiis,
712 4161 780 4205 cum
802 4161 897 4224 neque
922 4143 984 4205 alte
1008 4141 1187 4221 pervaderet
1210 4146 1241 4201 et
1268 4139 1403 4219 proxime
1427 4136 1511 4200 11100-

155 4236 299 4314 00010101
321 4226 423 4291 801001
447 4227 477 4289 10
505 4245 658 4303 00000010,
691 4234 857 4311 crepusculi
885 4230 1062 4294 claritudine
1091 4229 1328 4299 circumamicta,
1361 4227 1405 4289 uti
1433 4227 1512 4289 solet

154 4321 322 4400 Hesperus,
346 4325 578 4397 versareturque
597 4317 676 4380 iuter
694 4321 809 4383 medius
827 4322 978 4401 planetas,
1003 4318 1087 4401 quasi
1108 4338 1184 4381 uuus
1197 4336 1235 4380 ex
1254 4318 1371 4380 illorum
1390 4334 1511 4377 nurnero

155 4419 251 4485 esset,
275 4405 386 4470 nemini
409 4406 491 4487 prius
514 4424 604 4486 quam
627 4406 736 4478 doctis,
760 4410 939 4490 praesertim
961 4410 1011 4492 qui
1034 4407 1249 4471 astronomiam
1273 4414 1304 4468 et
1322 4405 1512 4487 planetarum

157 4497 253 4561 situm
276 4497 456 4568 didicerant,
478 4494 578 4575 putuit
600 4495 788 4563 innotescere
813 4499 1016 4581 novitatisque
1036 4518 1108 4561 suae
1132 4495 1295 4560 manifesta
1318 4494 1391 4559 lieri.
1414 4500 1511 4568 (temp.

154 4597 215 4656 vol.
234 4598 259 4661 1,
279 4614 304 4664 p.
323 4591 375 4645 171
397 4591 442 4655 ss.)
496 4586 603 4665 Itaque
627 4587 749 4665 pulchre
772 4588 974 4651 Weidnems:

427 4688 535 4764 Quippe
556 4690 758 4750 mathematicis
780 4697 838 4745 tam
858 4706 950 4745 rarum
971 4686 1113 4743 01001110
1134 4684 1243 4759 signum

425 4771 498 4828 lova
517 4776 567 4830 dat
587 4770 725 4845 imprimis,
747 4788 801 4825 non
822 4769 997 4825 observabile
1018 4768 1113 4841 vulgo.

246 4857 345 4941 Hujus
369 4879 484 4942 quoque
508 4863 566 4925 loci
590 4860 799 4923 videturesse
824 4857 1010 4939 comparatio
1034 4855 1142 4919 sideris
1166 4855 1261 4917 nostri
1285 4873 1350 4917 cum
1374 4849 1512 4916 cometis.

157 4948 241 5014 Sunt
262 4948 341 5011 euim
364 4950 414 5029 qui
438 4961 613 5014 cometam
636 4948 800 5031 appellent,
820 4944 1005 5021 Guutherus,
1020 4945 1175 5020 Mollerus,
1195 4946 1355 5014 Biituerus,
1370 4941 1512 5004 Krabbus

158 5045 193 5102 et
214 5036 277 5101 alii.
313 5036 357 5099 Et
373 5037 573 5113 inveniuntur,
596 5039 645 5121 qui
660 5057 695 5100 00
714 5037 780 5125 ipso
804 5045 915 5116 negent
938 5035 1059 5099 stellam
1082 5034 1250 5106 dicendam,
1272 5033 1350 5114 quud
1372 5031 1512 5112 perierit:
