3692 5842
680 1196 1180 1331 lltllltttlt

902 1356 954 1406 siro

250 1467 506 1538 umulslnlllo
535 1469 665 1544 EORUM,
698 1465 785 1545 curt
813 1464 897 1531 visui
918 1466 963 1531 ΕΤ
986 1467 1170 1535 llSlBlllBUS
1201 1466 1353 1535 PROPTER
1385 1466 1584 1544 colselcltt

875 1585 921 1635 lroc
941 1591 979 1634 ert

497 1695 603 1745 VITRA
623 1692 687 1743 SEU
707 1689 925 1743 CRYSTALLOS
944 1691 1158 1745 PELLUGIDOS
1177 1691 1361 1744 nchnun'r.

338 1822 362 1883 I.
409 1818 603 1881 Definitio.
650 1817 810 1879 Inclinatio
839 1837 929 1897 snper
960 1819 1145 1898 superficiem
1178 1818 1306 1880 sumitur
1329 1819 1367 1880 de
1397 1820 1507 1898 angulo
1528 1819 1587 1881 inter

248 1909 525 1991 perpendicularem
545 1905 709 1986 superficiei
730 1915 760 1967 et
775 1925 978 1986 quemcunque
1001 1907 1091 1969 alium
1111 1908 1237 1982 radium,
1262 1908 1312 1988 qui
1331 1909 1590 1988 perpendicularem

248 2010 335 2062 secat
357 2000 386 2059 in
410 2006 522 2077 puncto
546 1995 727 2075 superficiei.

336 2090 375 2151 ll.
431 2087 584 2149 Anioma
614 2082 792 2163 Opticum.
849 2082 940 2144 Radii
978 2082 1007 2144 iu
1044 2084 1174 2146 medinm
1212 2085 1334 2148 densius
1374 2085 1505 2164 ingressi
1536 2103 1591 2146 curu

247 2177 439 2240 inclinatione
473 2174 677 2253 refringuntur
700 2180 731 2234 et
753 2171 875 2233 refracti
904 2173 984 2234 intra
1017 2190 1125 2252 corpus
1158 2175 1308 2236 accedunt
1339 2193 1449 2236 versus
1478 2193 1591 2254 perpen-

247 2267 409 2327 dicularem
433 2272 565 2326 erectam
590 2280 680 2340 super
703 2260 788 2322 densi
813 2261 1000 2340 superficiem
1020 2260 1048 2321 iu
1064 2271 1177 2341 puncto
1202 2262 1363 2325 incidentis
1387 2263 1476 2326 radii.
1509 2264 1587 2324 Iidem

246 2354 361 2435 egressi
385 2373 423 2414 ex
447 2353 545 2414 medio
569 2351 700 2412 densiori
724 2349 935 2429 refringuutur,
956 2361 986 2410 et
1010 2352 1130 2412 refracti
1147 2361 1234 2413 extra
1253 2371 1364 2431 corpus
1389 2353 1515 2415 densum
1535 2352 1590 2413 dir·

247 2445 357 2505 cedunt
380 2443 418 2503 ab
442 2442 499 2526 hac
522 2439 773 2520 perpendiculari.

335 2534 389 2594 Ill.
436 2530 592 2592 Axioma
625 2526 807 2608 Opticum.
858 2526 974 2589 Eadem
1005 2536 1053 2588 eat
1086 2528 1227 2590 retractio
1261 2528 1434 2602 radiorum,
1469 2529 1530 2592 sire
1555 2527 1590 2590 illi

246 2629 354 2683 natura
378 2640 433 2682 sua
457 2617 664 2698 ingrediantur
686 2617 750 2677 sivo
775 2616 976 2695 egrediantur,
1003 2617 1108 2678 velut
1131 2618 1210 2678 tales
1235 2616 1476 2682 considerentur.

334 2711 391 2771 IV.
438 2707 642 2770 Problema.
684 2705 832 2767 Pellucidi
855 2706 988 2785 corporis
1007 2705 1073 2767 duri
1095 2706 1296 2768 retractiones
1320 2708 1487 2769 artificiose
1508 2705 1590 2770 metiri

245 2801 274 2862 in
300 2799 379 2861 omni
403 2798 552 2859 radiorum
577 2794 781 2857 inclinatione.

334 2887 383 2949 Sit
406 2905 513 2965 corpus
538 2886 642 2947 durum
666 2883 845 2961 pellucidum
862 2883 929 2945 ΑΕ.
976 2883 1010 2943 Id
1036 2883 1212 2946 terminetur
1235 2903 1296 2945 una
1320 2884 1474 2965 exquisita
1497 2902 1590 2964 super·

1024 2971 1089 3033 licie
1117 2973 1210 3052 plana
1232 2972 1309 3048 DE,
1340 2973 1380 3035 ad
1409 2992 1499 3054 quam
1525 2971 1589 3033 duae

1023 3061 1102 3122 aliae
1127 3063 1280 3141 erigantur
1300 3063 1411 3140 planae
1431 3061 1590 3143 superficies

1022 3150 1099 3211 inter
1128 3170 1161 3212 se
1190 3151 1355 3229 parallelae
1386 3163 1418 3212 et
1446 3151 1534 3231 priori
1558 3148 1589 3210 ad

1023 3239 1149 3317 angulos
1174 3249 1284 3314 rectos,
1310 3259 1387 3320 quae
1412 3241 1474 3301 sint
1490 3241 1543 3301 BA
1563 3247 1588 3300 ct

1021 3327 1084 3389 EF.
1133 3329 1208 3390 lluic
1233 3348 1377 3408 compara
1401 3330 1537 3409 capulum
1556 3344 1588 3388 ex

1021 3436 1196 3497 quacunque
1209 3418 1346 3491 materia,
1361 3418 1454 3480 veluti
1465 3418 1588 3498 ealigne,

577 3026 631 3089 rig.
650 3020 675 3072 2.

1021 3506 1106 3584 cujus
1131 3507 1320 3587 superficies,
1346 3508 1527 3588 praesertim
1549 3505 1585 3566 in·

1020 3595 1158 3667 teriones,
1184 3595 1246 3657 sint
1275 3597 1352 3658 bene
1377 3599 1586 3677 complanatae,

439 3697 442 3702 ·
623 3677 742 3789 Ἀ
847 3659 891 3732 -s
908 3671 985 3898 s
1021 3683 1092 3743 bina
1125 3685 1223 3746 latera
1252 3706 1289 3747 ex
1321 3687 1413 3747 fundo
1438 3688 1467 3746 ll
1495 3703 1584 3747 assur·

559 3750 574 3785 ⁰
752 3780 770 3814 ¹¹
1021 3773 1125 3850 geutia
1159 3775 1251 3836 rectis
1292 3776 1428 3854 angulis,
1470 3787 1501 3837 ut
1537 3774 1586 3834 sint

710 3913 734 3944 ι
902 3901 908 3916 .
1020 3861 1106 3922 ΒΕΗ
1126 3871 1157 3923 et
1181 3863 1288 3943 reliqui
1312 3866 1398 3938 recti,
1424 3877 1455 3925 et
1474 3861 1586 3944 pelluci-

874 3919 901 4000 Ἀ
1021 3951 1089 4010 dum
1120 3952 1230 4030 angulo
1264 3963 1408 4015 exstante
1438 3954 1467 4014 in
1501 3947 1584 4031 capuli

1020 4040 1160 4117 angulum
1194 4059 1301 4102 carum
1335 4044 1453 4110 sedeat,
1481 4043 1586 4123 penitus

242 4149 307 4190 eum
340 4131 475 4210 expiem.
530 4130 702 4192 Promineat
736 4139 834 4193 autem
867 4134 946 4193 latus
981 4129 1079 4207 capuli
1108 4127 1163 4190 DC
1194 4131 1275 4191 ultra
1308 4131 1469 4194 terminum
1498 4129 1587 4194 lateris

240 4219 379 4295 pellucidi
401 4220 455 4278 DB
482 4220 666 4299 aliquantulo
691 4222 790 4300 spatio
808 4219 870 4294 BC,
897 4222 1056 4281 altitudine
1081 4236 1152 4277 vcro
1171 4218 1226 4279 BE
1250 4220 1314 4281 sint
1337 4220 1426 4283 ambo
1453 4218 1586 4301 aequalia

241 4316 270 4365 et
296 4326 386 4384 supra
411 4308 451 4367 sit
476 4309 647 4387 superficies
672 4311 755 4387 quasi
781 4329 839 4369 nna
863 4310 1004 4387 pellucidi
1029 4314 1060 4368 et
1084 4308 1180 4385 opaci.

330 4394 396 4465 Quo
431 4397 511 4456 facto
545 4404 577 4455 et
609 4397 782 4475 corporibus
814 4399 1001 4474 conjunctis,
1036 4398 1117 4457 latus
1148 4394 1223 4469 DC,
1259 4397 1337 4476 quod
1372 4399 1521 4476 particula
1541 4395 1587 4458 ΠΒ

241 4482 355 4562 utrique
389 4484 504 4562 corpori
539 4492 586 4544 est
619 4504 787 4559 commune,
821 4487 981 4564 objicimur
1014 4485 1304 4566 perpendiculariter
1333 4484 1416 4548 Solis
1450 4486 1587 4549 radiisin

240 4589 414 4650 quacunque
440 4572 630 4633 inclinatione
653 4575 734 4652 plani
760 4576 814 4637 BA
841 4576 877 4636 ad
904 4576 1025 4635 cosdem
1050 4574 1161 4634 radios.

329 4659 398 4720 Sint
421 4661 496 4720 radii
522 4660 602 4721 Solis
627 4662 692 4734 LD,
718 4664 787 4739 ΜΒ,
813 4665 878 4726 NC.
917 4664 964 4723 Ex
990 4664 1095 4743 quibus
1120 4662 1168 4743 qui
1193 4672 1263 4724 sunt
1288 4663 1367 4725 inter
1393 4664 1453 4725 ΜΒ
1477 4672 1509 4726 et
1529 4659 1585 4726 Ns.

240 4748 308 4826 quia
338 4749 447 4809 nullum
481 4751 607 4811 occurrit
638 4750 710 4827 ipsis
740 4773 846 4833 corpus
879 4753 1058 4831 pellucidum
1087 4762 1208 4831 praeter
1241 4759 1358 4823 a'c'rem.
1387 4755 1407 4814 ii
1436 4767 1520 4816 trans
1540 4745 1585 4812 Bt

241 4836 365 4898 tendent
398 4837 425 4897 in
459 4837 604 4898 directum
638 4839 746 4912 utun,
780 4840 877 4904 NCK.
926 4843 1032 4920 ltaque
1067 4840 1119 4903 CB
1153 4841 1291 4920 projiciet
1325 4844 1462 4904 umbram
1487 4841 1540 4906 llll
1560 4841 1584 4902 iu

240 4921 360 4983 fundum
385 4925 482 5004 capuli
507 4937 537 4986 ct
561 4926 720 5006 aliquando
746 4929 773 4989 in
798 4930 862 5008 ejus
888 4931 969 4990 latus
993 4931 1173 5009 oppositum.
