3692 5842
810 456 892 521 Caput
908 456 953 508 XI.
1494 454 1559 526 385

224 655 228 693 s
248 631 376 714 eclipsis
397 635 430 699 in
452 641 576 712 oc'casn,
601 635 628 697 si
651 634 733 698 Solis
757 634 879 714 eclipsis
902 635 941 695 ab
966 642 1033 696 ortu
1063 633 1195 714 incipere
1226 635 1327 698 debet.
1374 633 1506 699 Rursum
1530 636 1556 698 si

224 742 371 787 11111111
393 724 542 799 desinere,
564 725 668 787 Lunae
693 723 883 786 latitudinem
906 724 955 785 vel
980 724 1249 802 septentrionalem
1277 732 1464 788 crescentem
1489 743 1558 787 esse

224 819 327 884 arcet,
350 812 457 894 eclipsi
479 814 510 876 in
534 832 655 886 occasu,
678 814 728 875 vel
750 813 975 876 meridionalem
999 822 1194 888 crescentem,
1220 814 1326 893 eclipsi
1349 813 1381 875 in
1404 820 1483 876 ortu

283 901 349 964 Sed
372 904 450 983 qnod
473 904 647 983 parallaxes
670 902 798 977 attinet,
823 922 917 983 penes
942 921 1016 981 quas
1041 911 1089 963 est
1112 902 1298 982 principatus
1322 920 1447 976 causae,
1480 921 1556 965 con-

224 990 359 1054 deranda
380 1000 451 1053 eunt
465 1012 510 1066 ea,
536 1011 612 1073 qnae
636 992 737 1072 capite
760 1010 838 1054 nouo
854 1000 924 1053 sunt
948 991 1164 1065 demonstrata,
1190 1002 1221 1052 et
1241 991 1428 1072 inspicienda
1450 990 1556 1054 tabula

224 1080 357 1161 >pernici
372 1081 549 1161 angulorum
564 1081 770 1143 horizontalis.
798 1087 849 1151 (Da
868 1088 954 1139 Revol.
975 1088 1043 1139 0001.
1061 1088 1095 1149 11,
1114 1086 1170 1147 10.)
1202 1080 1327 1143 Oriente
1342 1078 1435 1159 igitur
1448 1080 1555 1143 Ariete

224 1169 343 1249 cipiunt
366 1170 468 1249 anguli
491 1189 628 1232 crescere
652 1189 745 1250 usque
770 1171 798 1231 in
814 1170 947 1243 Libram,
973 1170 1088 1231 oriente
1110 1170 1227 1232 Cancro
1251 1175 1392 1232 crescunt
1413 1168 1553 1233 maxime.

224 1277 277 1320 mc
301 1258 394 1337 igitur
416 1259 583 1338 parallaxis
607 1258 777 1322 latitudinis
802 1260 951 1322 decrescit
982 1259 1131 1335 maxime,
1161 1268 1193 1321 et
1215 1259 1303 1321 Luna
1325 1276 1501 1339 quocunque
1525 1260 1552 1320 in

224 1364 279 1426 gno
303 1366 395 1427 snper
418 1348 602 1410 horizontem
617 1367 742 1410 versans
767 1348 927 1410 visibiliter
942 1349 970 1409 in
995 1349 1231 1428 septentrionem
1247 1348 1350 1421 fertur,
1376 1346 1554 1425 plusquam

225 1454 264 1500 ro
288 1444 373 1497 motu
396 1436 426 1498 in
451 1444 601 1512 anstrum,
627 1445 660 1499 et
683 1439 776 1500 multo
799 1438 867 1517 plus
891 1438 917 1498 si
943 1438 1033 1499 etiam
1057 1457 1128 1500 vero
1159 1445 1243 1499 motu
1267 1436 1422 1498 ascendat.
1471 1437 1554 1499 Tunc

224 1524 297 1599 itur,
323 1523 397 1587 Sole
420 1544 527 1588 versus
550 1546 690 1588 occasnrn
708 1527 858 1588 existente
874 1526 904 1587 in
926 1546 1022 1606 parva
1046 1527 1150 1606 eclipsi
1174 1526 1311 1599 australi,
1336 1523 1481 1606 possibile
1506 1533 1554 1588 est

225 1612 256 1677 ri
281 1614 362 1693 quod
384 1614 623 1694 pmponebatur,
659 1625 692 1678 nt
715 1614 769 1678 Sol
793 1617 830 1678 ab
855 1624 924 1676 ortu
948 1615 1072 1696 incipiat
1101 1616 1238 1678 delicere.
1287 1612 1404 1678 Contra
1426 1622 1553 1692 septen-

225 1701 331 1765 onalis
354 1722 450 1781 parva
472 1703 594 1784 eclipsis
617 1723 722 1767 versus
747 1713 843 1767 ortum
868 1705 1003 1767 existens
1027 1705 1139 1783 poterit
1163 1705 1201 1765 ab
1225 1722 1334 1765 occasu
1357 1702 1486 1782 impleri.

280 1788 400 1854 Contra
426 1792 542 1854 oriente
566 1792 751 1872 Capricorno
776 1815 795 1855 a
818 1794 912 1856 Libra
935 1795 964 1854 in
988 1794 1126 1855 Arietem
1154 1793 1296 1855 minuitur
1319 1792 1446 1871 angulus
1470 1791 1554 1854 hori-

224 1880 298 1955 ntis,
324 1889 453 1960 angetur
473 1883 658 1961 parallaxis‚
683 1883 771 1945 Luna
798 1883 909 1944 visibili
934 1891 1015 1944 motu
1049 1884 1144 1943 lortur
1167 1883 1197 1944 in
1222 1889 1366 1943 anstrum.
1413 1879 1552 1960 Eclipses

224 1988 261 2049 30
285 1971 543 2050 septentrionales
564 1971 595 2032 in
621 1972 788 2050 quadrante
812 1972 952 2034 orientali
984 1971 1150 2034 existentes
1179 1971 1324 2048 incipient
1347 1968 1385 2030 ab
1405 1977 1473 2029 ortu
1496 1970 1552 2029 de-

224 2078 299 2121 cre:
326 2061 476 2122 australes
500 2060 531 2121 in
554 2060 695 2123 orientali
725 2061 893 2140 quadrante
924 2060 963 2122 ab
987 2080 1098 2122 occasu
1121 2061 1269 2122 desinent.
1309 2059 1426 2119 Vemm
1449 2065 1551 2121 tamen

226 2165 266 2209 ec
300 2167 395 2210 causa
420 2158 483 2211 tarn
516 2157 566 2211 est
598 2149 741 2223 evidens,
773 2150 859 2212 utin
887 2151 952 2229 ipso
985 2168 1061 2229 pene
1093 2150 1215 2210 meridie
1245 2148 1349 2209 valeat
1381 2147 1551 2227 adjumento

224 2244 368 2299 terarum.
405 2239 483 2301 Nam
506 2238 536 2299 in
560 2239 683 2300 meridie
707 2239 845 2301 celeriter
860 2240 949 2300 Luna
971 2239 1154 2318 retroagitur
1172 2256 1226 2318 per
1244 2236 1328 2298 visus
1347 2234 1550 2316 phantasiam.

224 2344 295 2406 tque
322 2326 383 2389 iere
414 2335 531 2389 tantum
555 2328 584 2388 in
618 2330 854 2407 septentrionem
888 2328 1050 2389 ascendere
1085 2328 1222 2401 videtur,
1256 2326 1284 2388 in
1309 2324 1404 2405 signis
1433 2326 1552 2407 quidem

224 2433 320 2478 iners.

276 2503 367 2566 Anno
394 2499 488 2567 1599.
522 2502 573 2567 12.
598 2504 647 2566 rel
675 2500 827 2567 2211111
860 2524 946 2567 mane
979 2504 1009 2566 in
1042 2505 1107 2585 ipso
1141 2510 1247 2566 exortu
1272 2500 1353 2565 Solis
1385 2502 1468 2565 risus
1502 2509 1551 2565 est

224 2592 314 2672 ignns
340 2593 477 2655 delectus
501 2593 619 2671 Pragae
643 2614 661 2654 a
684 2594 824 2675 Tychone
848 2595 879 2655 in
909 2595 974 2674 ipso
1005 2613 1081 2675 pene
1112 2595 1225 2656 vertice
1259 2591 1394 2673 corporis
1418 2590 1547 2655 Solaria.

276 2680 355 2745 (lum
378 2682 469 2761 igitur
491 2682 579 2744 Luna
611 2682 729 2761 quidem
753 2703 823 2745 vero
848 2691 930 2745 motu
963 2684 1153 2746 descenderit
1184 2701 1291 2744 versus
1319 2681 1429 2744 nodum
1452 2682 1548 2743 deve-

224 2779 323 2847 ntem,
359 2780 392 2832 at
414 2778 521 2833 contra
543 2790 596 2850 per
619 2770 702 2832 visus
732 2773 923 2851 phantasiam
954 2773 1111 2852 plurimum
1135 2774 1163 2834 in
1188 2771 1426 2851 septentrionem
1454 2770 1559 2833 inerit'

224 2866 304 2934 ecta,
328 2860 451 2922 minutis
474 2860 643 2922 latitudinis
666 2862 883 2939 parallaxibus,
908 2862 1016 2942 quippe
1032 2863 1145 2924 oriente
1161 2863 1283 2923 Leone:
1310 2860 1400 2940 igitur
1424 2860 1549 2922 minima

224 2948 356 3021 dinatio,
382 2949 448 3010 bnis
472 2950 511 3011 ad
535 2957 632 3011 ortum
665 2950 825 3030 spectavit.
872 2952 907 3012 In
932 2951 1102 3013 climatibus
1137 2952 1228 3030 igitur·
1259 2949 1461 3022 australibus,
1497 2949 1546 3011 ubi

224 3055 282 3101 nor
306 3039 452 3111 delectus,
477 3057 601 3101 necesse
626 3048 674 3101 est
687 3039 726 3100 ab
746 3058 855 3101 occasu
879 3041 1003 3102 stetisse
1028 3040 1178 3102 delectum
1193 3061 1211 3100 a
1225 3039 1371 3119 principio
1387 3039 1426 3099 ad
1445 3039 1543 3100 linem.

224 3143 275 3190 ino
305 3123 399 3189 1593.
433 3124 485 3190 20.
510 3127 585 3189 Maii
616 3126 780 3191 Servestae
814 3128 995 3191 observatus
1026 3139 1075 3191 est
1098 3128 1151 3192 Sol
1183 3129 1222 3189 ad
1255 3128 1329 3191 duos
1364 3127 1476 3207 digitos
1508 3129 1546 3191 ab

224 3219 263 3279 'ra
286 3215 434 3288 deficere;
464 3217 612 3297 vergebat
644 3219 781 3279 deiectus
811 3217 895 3279 initio
929 3237 1035 3297 parum
1059 3218 1097 3279 ad
1126 3219 1297 3289 sinistram,
1329 3216 1358 3276 in
1383 3217 1439 3277 fine
1468 3218 1546 3296 plns.

226 3304 297 3386 epit
329 3304 420 3385 igitur
444 3305 482 3367 ab
506 3314 590 3381 ortu,
621 3306 709 3367 Luna
740 3314 822 3368 motu
860 3307 1028 3367 latitudinis
1061 3307 1091 3368 in
1130 3306 1365 3387 septentrionem
1399 3306 1545 3368 enitente.

225 3414 332 3478 ennae
355 3394 429 3456 nibil
453 3395 550 3457 visum
574 3403 623 3457 eet
646 3396 782 3471 delicere,
807 3405 840 3456 ut
864 3396 997 3456 calculus
1021 3404 1141 3475 tempus
1165 3395 1299 3457 ostendit
1321 3394 1351 3455 h.
1377 3393 1407 3456 2.
1432 3389 1499 3456 401.

269 3485 363 3545 Anno
392 3480 484 3547 1588.
513 3480 563 3548 16.
587 3484 745 3546 Februarii
776 3486 919 3546 Hnennae
950 3492 1021 3564 post
1053 3485 1156 3546 horam
1193 3485 1219 3547 l.
1245 3480 1299 3546 321
1333 3481 1467 3544 meridiei
1491 3481 1546 3545 Sol

224 3573 311 3637 icere
335 3572 455 3653 coepit;
479 3570 607 3634 111112.
632 3571 686 3636 511
711 3574 810 3634 desiit.
849 3573 1000 3654 Principio
1025 3574 1161 3635 defectus
1186 3573 1318 3653 pingitur
1341 3570 1461 3633 circiter
1485 3567 1546 3633 36⁰

224 3662 338 3723 rertice
363 3662 401 3723 ad
426 3663 564 3723 dextram
595 3662 767 3725 declinare:
802 3663 851 3743 qui
881 3682 949 3724 cum
977 3664 1170 3731 ascenderet,
1203 3662 1242 3722 ad
1266 3660 1412 3723 verticem
1442 3667 1544 3723 tamen

224 3751 302 3814 iaris
336 3750 472 3830 corporis
502 3770 558 3812 non
590 3752 736 3831 pervenit.
780 3752 860 3814 Nam
884 3753 912 3814 in
937 3753 995 3813 fine
1028 3750 1183 3814 inclinatio
1216 3769 1320 3813 versus
1354 3750 1492 3812 dextram
1514 3759 1547 3813 et

224 3859 323 3903 asum
345 3840 481 3919 pingitur
503 3840 601 3902 adhuc
629 3840 669 3903 12
693 3849 746 3903 aut
774 3838 839 3903 151.
884 3840 1047 3903 Oriebatur
1070 3841 1145 3902 Leo.
1190 3841 1295 3903 Lunae
1319 3858 1392 3901 vera
1415 3838 1544 3902 latitudo

224 3929 315 3991 ·ealis
340 3930 536 3991 decrescebat
544 3948 553 4002 ;
585 3931 623 3990 ad
647 3930 743 3992 visum
768 3940 867 3993 tamen
889 3932 958 4011 plus
988 3929 1310 4009 augebaturminutis
1338 3929 1544 4008 parallaxibus

224 4018 362 4081 itndinis.
411 4018 527 4081 Contra
550 4037 603 4097 per
636 4020 822 4082 incrementa
846 4039 957 4099 magna
985 4021 1178 4099 parallaxeos
1211 4018 1407 4099 longitudinis
1431 4019 1542 4099 (auge-

224 4127 269 4170 arr
293 4108 372 4168 enim
397 4117 426 4168 et
451 4108 557 4169 titulus
581 4118 670 4169 aucto
694 4110 805 4188 angulo
830 4108 994 4173 horizontis
1014 4117 1045 4171 et
1068 4110 1167 4190 portio
1188 4110 1225 4171 de
1249 4109 1347 4183 titulo,
1372 4107 1441 4189 qnia
1456 4108 1543 4170 Luna

224 4196 376 4275 ragesimo
402 4198 583 4277 propinqua)
608 4198 695 4259 Luna
718 4199 748 4260 in
772 4205 855 4260 motu
879 4198 917 4260 ab
947 4217 1056 4260 occasu
1080 4200 1109 4262 in
1134 4206 1231 4260 ortum
1259 4198 1420 4278 plurimum
1442 4205 1541 4260 retar-

224 4289 322 4348 batur.

268 4372 333 4436 Sed
352 4394 389 4436 ne
407 4392 466 4452 qna
489 4380 587 4436 restet
604 4374 762 4449 dubitatio,
779 4394 848 4437 ecce
873 4375 1055 4456 computabo
1078 4374 1297 4449 inclinationes,
1323 4373 1427 4453 quales
1446 4373 1542 4437 videri

224 4465 347 4527 trtuerit
378 4463 418 4524 ad
449 4462 626 4541 principium
659 4471 691 4524 et
723 4465 820 4526 finem.
868 4466 939 4526 Fuit
972 4463 1025 4526 Sol
1057 4465 1087 4526 in
1119 4461 1157 4525 7⁰
1190 4463 1240 4526 17¹
1272 4468 1321 4536 34,
1352 4459 1390 4524 71
1417 4459 1472 4525 201
1501 4470 1540 4539 91,

224 4554 318 4616 aneio
341 4562 428 4616 recta
451 4548 534 4616 3391
556 4551 598 4626 0¹,
625 4548 707 4617 3391
731 4551 772 4628 31,
804 4553 953 4616 distantia
982 4554 1156 4633 temporalis
1180 4575 1198 4614 a
1222 4553 1387 4614 meridiano
1411 4547 1538 4628 23101,

224 4638 237 4673 1
269 4638 335 4705 451.
382 4641 465 4719 Ergo
499 4643 636 4704 moenaio
669 4651 752 4705 recta
783 4664 821 4704 m.
846 4663 872 4706 c.
906 4639 1012 4714 2101,
1044 4638 1105 4706 211
1137 4639 1200 4706 481.
1248 4640 1373 4704 Ocelum
1405 4641 1540 4705 mediant

241 4732 294 4796 111
319 4731 363 4807 Υ,
391 4725 530 4794 231341
553 4730 598 4807 Υ,
624 4752 747 4813 quornm
772 4733 901 4795 borealis
926 4733 1087 4796 declinatio
1112 4728 1237 4803 01521,
1262 4727 1382 4805 91121,
1408 4730 1538 4794 altitudo

225 4820 237 4883 i
270 4817 333 4885 55⁰
366 4817 432 4884 551.
478 4820 561 4899 Ergo
594 4821 819 4884 culminantium
851 4830 1025 4902 punctorum
1059 4823 1187 4884 altitudo
1219 4816 1279 4884 551
1307 4818 1348 4897 31,
1382 4816 1445 4884 161
1471 4815 1537 4883 431.

224 4908 324 4973 inntur
347 4929 420 4972 vero
447 4904 483 4973 1⁰
506 4905 560 4972 561
585 4916 624 4986 tl,
654 4907 765 4973 15161
789 4917 827 4987 tl,
853 4912 1012 4974 ethorum
1040 4913 1248 4993 quadrangula
1270 4910 1301 4971 in
1331 4909 1535 4990 nonagesimo.
1582 4963 1589 4970 .

224 5019 262 5063 er
285 5020 357 5081 ergo
381 5017 490 5078 nonag.
516 5008 546 5060 et
570 4997 909 5076 111111111291451,
936 4997 1081 5065 211321.
1128 5003 1206 5064 Hinc
1230 5001 1377 5063 distantia
1399 5019 1535 5083 nonage-

229 5105 318 5155 xnpnrr
331 5107 410 5155 ομη.
432 5106 458 5146 11.
1289 5106 1321 5157 21
