3692 5842
364 447 431 521 168
787 448 890 505 mom
906 448 1011 517 unior
1029 450 1300 520 amquam

365 631 464 696 tltulis
487 633 608 712 iusuper
631 630 865 704 commendatur,
891 630 964 692 nihil
988 630 1112 710 vulgare
1135 649 1336 711 praesumam.
1382 629 1523 696 Obsecro
1553 632 1589 695 id
1611 651 1650 695 ne
1673 652 1725 694 nos

366 719 417 786 diu
439 721 520 786 celes
545 721 686 802 quidquid
710 728 775 795 eet3
808 721 895 781 vides
918 719 973 782 tibi
999 739 1062 781 rem
1087 738 1155 780 esse
1178 740 1246 782 oum
1268 719 1432 785 Germanis
1459 721 1627 802 germanis.
1657 721 1722 801 Ego

365 811 556 893 impatientia
574 809 684 872 occulti
699 809 805 870 literas
818 809 902 870 varie
917 808 1041 890 digessi.
1071 809 1154 870 Nihil
1169 810 1247 890 quod
1262 812 1446 874 successerit
1458 810 1558 874 babeo
1579 810 1639 874 nisi
1653 811 1721 873 boe:

577 900 659 963 Nam
680 896 789 959 Jovem
813 898 942 973 macula,
965 900 1041 969 hem,
1067 898 1135 959 rofa
1158 906 1299 960 testatur.

580 986 713 1051 Caetera
735 988 928 1068 imperfecta:
952 986 1100 1050 maculam
1123 988 1219 1048 rufam
1243 988 1345 1070 gyrari
1367 988 1483 1052 notavi.

580 1078 702 1139 Macula
724 1078 792 1139 rusa
815 1078 845 1139 in
867 1075 945 1139 Jove
969 1085 1027 1150 est,
1051 1083 1179 1158 gyratur
1202 1084 1260 1139 etc.

581 1165 683 1227 Solem
707 1167 809 1247 gyrari
834 1173 893 1227 etc.

580 1254 814 1318 Firmamentum
838 1255 973 1317 maculae
996 1254 1103 1315 haeret
1125 1260 1251 1335 gyratur
1273 1273 1294 1317 a
1314 1253 1402 1316 Jove.

581 1341 744 1405 Saturnum
768 1353 801 1406 et
822 1345 954 1406 Martem
977 1360 1051 1426 gyro
1075 1343 1194 1405 macula
1217 1349 1274 1406 etc.

580 1432 761 1494 Mercurium
785 1434 906 1495 damma
928 1432 1030 1494 haurit
1053 1441 1111 1495 etc.

582 1520 748 1583 Theatrum
772 1523 865 1584 celeri
887 1529 1013 1604 gyratur
1037 1519 1104 1583 fons
1128 1537 1232 1582 arvum
1255 1527 1315 1581 etc.

371 1657 374 1662 .
456 1606 555 1682 Vide,
587 1609 616 1671 in
641 1628 715 1689 quas
738 1630 786 1672 me
810 1611 954 1690 conjicias
986 1608 1124 1672 miserias
1152 1616 1205 1670 tua
1227 1607 1405 1670 reticentia!
1447 1609 1561 1688 ltaque
1593 1604 1719 1667 derisam

296 1743 303 1757 .
371 1695 408 1757 de
432 1695 495 1770 his;
520 1698 558 1757 ad
581 1705 700 1760 tuarum
725 1699 880 1761 literarum
903 1699 1018 1779 reliqua
1040 1699 1136 1759 venio.

452 1822 507 1889 ³⁹¹⁸·
528 1820 551 1871 ¹·
636 1876 693 1938 a.
703 1782 1563 1955 ἵῖῗι.111111“11111“ι11111111ὝέἛῶ
1564 1781 1719 1950 tem

632 1965 752 2045 Legisti
775 1984 965 2047 responsum,
989 1964 1144 2044 replicasti
1167 1963 1245 2024 enirn
1268 1962 1337 2023 inde
1359 1963 1463 2044 aliqua
1490 1960 1591 2023 literis
1615 1960 1653 2020 ad
1675 1958 1720 2019 tlt

634 2052 795 2117 Oratorem
820 2055 941 2134 scriptis
968 2051 1019 2116 13.
1043 2051 1234 2116 Novembris.
1281 2051 1406 2113 Alteras
1433 2058 1601 2131 expectare
1628 2046 1717 2108 nolui:

570 2159 574 2167 ·
634 2143 736 2206 audivi
759 2144 837 2205 euim
861 2144 899 2204 ab
924 2143 973 2205 Ill.
994 2141 1139 2214 Oratore,
1161 2141 1232 2202 illas
1255 2158 1366 2203 errare.
1402 2140 1492 2203 Nunc
1511 2137 1586 2218 qnia
1603 2136 1722 2217 periisse

633 2232 704 2295 illas
719 2233 817 2307 video,
837 2232 966 2312 paucula
984 2230 1171 2311 respondebo
1190 2230 1230 2291 ad
1248 2229 1318 2291 illas
1335 2225 1385 2292 13.
1400 2229 1481 2291 Nor.
1501 2228 1543 2288 ad
1558 2224 1722 2288 orsam

635 2321 730 2383 Plane
753 2321 830 2383 mira
853 2328 902 2382 est
924 2321 1097 2381 observatio
1124 2318 1218 2380 vetuli
1250 2318 1331 2379 illius
1363 2315 1541 2397 tricorporis
1571 2313 1723 2396 Geryonis.

634 2410 664 2472 in
689 2429 747 2490 quo
770 2409 928 2471 vinciendo
951 2409 1038 2487 inque
1054 2409 1163 2469 Terrae
1188 2406 1362 2468 deducendo
1380 2415 1414 2468 tn
1431 2414 1464 2467 te
1488 2406 1619 2466 alterum
1640 2421 1723 2482 prae·

636 2498 745 2560 stitisti
763 2499 933 2561 Herculem.
971 2497 1039 2558 Etsi
1060 2514 1148 2558 careo
1167 2495 1284 2556 idoneis
1307 2494 1517 2557 instrumentis
1536 2489 1724 2572 dignoscendi

637 2596 701 2649 tres
724 2588 815 2649 hosce
839 2586 955 2667 globos,
981 2604 1076 2665 neque
1100 2584 1178 2667 quod
1197 2584 1322 2646 Elector
1344 2585 1400 2646 abs
1421 2592 1451 2645 te
1477 2584 1575 2645 habet
1597 2581 1725 2642 idoneum

637 2677 746 2739 fuisset
778 2675 1019 2757 (quadrangulas
1050 2674 1127 2736 enim
1159 2673 1298 2735 exhibuit
1330 2671 1437 2736 stellas
1469 2671 1631 2751 ipsumque
1657 2668 1725 2730 adeo

637 2764 831 2839 Saturnum).
894 2762 1056 2833 Oetemm,
1095 2763 1173 2843 quod
1208 2762 1322 2824 attinet
1357 2760 1490 2842 speeiem
1526 2759 1724 2839 tricorpom.

637 2854 740 2917 videre
764 2862 795 2915 te
814 2853 906 2933 jubeo
929 2852 1022 2914 etiam
1047 2860 1137 2933 atque
1160 2852 1262 2926 etiam,
1287 2870 1325 2913 an
1345 2861 1493 2932 perpetuo
1512 2848 1557 2911 sit
1580 2857 1725 2910 mosara

638 2941 787 3022 Superest
811 2941 908 3015 enirn,
940 2949 973 3003 ut
996 2941 1108 3022 pictum
1131 2941 1217 3003 vides
1240 2941 1271 3004 in
1294 2940 1407 3020 ligura,
1432 2937 1561 3009 modus,
1590 2954 1649 3017 quo
1670 2943 1725 2996 trs

638 3051 697 3093 non
732 3031 865 3110 contigui
897 3031 1059 3092 videantur
1090 3029 1234 3109 contigui.
1290 3032 1393 3110 Atque
1425 3029 1483 3092 hoc
1516 3025 1544 3087 si
1577 3037 1628 3087 est
1656 3021 1725 3104 qnod

637 3119 731 3200 pinxi,
756 3119 901 3200 possibile
925 3138 997 3180 sane
1021 3128 1079 3193 est,
1103 3126 1145 3192 ut,
1171 3119 1197 3180 si
1218 3118 1311 3198 quieti
1336 3119 1398 3180 sint
1421 3116 1458 3189 O,
1478 3116 1517 3190 D,
1535 3115 1566 3176 Ε
1596 3121 1724 3193 respectu

638 3209 685 3271 sui
708 3208 855 3289 ipsorum,
885 3208 1015 3269 transitu
1039 3207 1169 3270 Telluris
1200 3226 1237 3269 ex
1264 3208 1347 3269 Ain
1372 3208 1398 3268 B
1430 3212 1607 3286 permutent
1635 3203 1723 3271 atum,

638 3298 737 3377 sitque
762 3296 788 3360 O
813 3297 842 3358 in
875 3297 1091 3377 consequentia
1122 3316 1161 3358 ex
1183 3296 1226 3371 Β,
1261 3296 1311 3375 qui
1343 3304 1428 3358 esset
1459 3313 1498 3355 ex
1521 3293 1553 3356 A
1584 3292 1615 3356 in
1644 3299 1724 3352 ante-

639 3386 787 3450 cedentia

705 3475 771 3536 Hoc
799 3473 890 3554 igitur
918 3480 1002 3534 esset
1030 3481 1238 3553 argumentum
1267 3480 1366 3533 motus
1393 3472 1506 3533 Terrae
1530 3479 1565 3533 et
1587 3469 1725 3551 sphaerae

641 3562 881 3644 Copernlcanae,
911 3570 945 3623 at
968 3563 1096 3624 noudum
1118 3562 1346 3643 Pythagoreae,
1369 3579 1424 3640 pro
1449 3580 1523 3641 qna,
1551 3581 1571 3621 a
1593 3569 1725 3622 meante

644 3649 682 3714 13
707 3671 802 3714 annos
832 3650 1003 3731 publicata,
1037 3651 1107 3731 quid
1133 3659 1164 3712 tu
1189 3670 1226 3712 ex
1254 3650 1320 3711 visu
1349 3650 1450 3730 possis
1479 3668 1621 3729 promere
1643 3646 1725 3718 aliud

374 3760 465 3822 quam
488 3739 636 3802 stationes
660 3749 693 3802 et
721 3740 1015 3820 retrogradationes,
1047 3740 1119 3801 mire
1150 3741 1237 3820 cupio
1271 3740 1356 3801 scire.
1404 3737 1439 3801 Si
1463 3737 1519 3800 Sol
1548 3751 1674 3820 gyratur
1694 3735 1727 3795 ad

375 3848 495 3891 sensum
520 3830 685 3903 oculorum,
711 3829 860 3909 estquod
884 3828 942 3889 sibi
966 3826 1191 3890 Commentario
1219 3847 1287 3890 mea
1310 3826 1420 3889 Martis
1454 3830 1670 3906 gratulentur3
1701 3833 1729 3885 at

373 3917 504 3980 nondum
528 3917 595 3977 ideo
619 3917 692 3979 vicit
710 3917 914 3998 Pythagorica
937 3917 1096 3990 ordinatio,
1120 3938 1156 3979 ao
1179 3937 1216 3978 ne
1236 3915 1422 3997 Copernicus
1446 3917 1570 3999 quidem
1595 3932 1729 3996 expresse

374 4008 474 4087 plane.
521 4006 566 4066 At
589 4006 616 4065 si
639 4015 697 4080 est,
722 4006 922 4085 quodpiam,
952 4006 1064 4084 aliquid
1092 4007 1226 4067 lucratur
1249 4025 1323 4067 saue
1351 4014 1451 4067 motus
1475 4007 1594 4068 Terrae
1618 4005 1728 4085 Ceper-

377 4096 511 4156 nicanns.
559 4091 701 4156 Ceterum
725 4095 796 4157 nihil
820 4095 917 4174 magis
941 4094 979 4154 ed
1003 4095 1115 4155 famam
1138 4094 1345 4156 inventionum
1369 4103 1489 4157 tuarum
1514 4097 1621 4157 tacere
1643 4093 1730 4162 scibo,

376 4184 433 4245 nisi
457 4182 484 4244 si
502 4182 620 4243 miseris
641 4183 748 4244 vitrum
772 4184 939 4256 rotundum,
963 4182 1112 4245 maximae
1136 4183 1283 4262 sphaerae
1302 4182 1471 4265 portionem
1496 4183 1731 4266 exquisitissime

375 4271 515 4351 politam.
564 4269 666 4332 Cavas
690 4271 787 4333 lentes
811 4272 858 4333 hic
883 4273 970 4332 facile
994 4272 1243 4352 comparabimus.

463 4358 578 4438 Scripsi
602 4358 789 4439 Dioptricen,
814 4380 890 4441 quae
915 4360 1060 4441 superiori
1075 4360 1248 4441 Septembri
1272 4361 1356 4421 venit
1380 4361 1408 4420 in
1433 4378 1542 4422 manus
1558 4359 1631 4425 Ser.
1646 4361 1732 4423 Elec·

375 4447 460 4511 toris.
505 4448 584 4508 Puto
608 4448 680 4509 nihil
706 4470 724 4509 a
747 4468 793 4509 me
817 4450 1038 4529 praeteritum,
1074 4451 1151 4530 quod
1181 4470 1238 4511 non
1263 4468 1301 4510 ex
1325 4449 1388 4510 suis
1412 4449 1517 4511 causis
1540 4450 1732 4514 demonstra·

374 4536 479 4599 verim.
531 4534 679 4614 Equidem
712 4556 834 4616 campus
866 4547 915 4599 est
952 4539 1110 4599 exercendi
1148 4537 1278 4617 ingenii:
1317 4539 1465 4618 prodeat,
1505 4539 1557 4619 qni
1597 4560 1638 4603 ex
1672 4539 1734 4601 aliis

376 4624 564 4685 demonstret
587 4624 750 4702 principiis,
776 4645 865 4706 quam
889 4626 996 4704 quibus
1021 4646 1076 4705 ego
1100 4647 1164 4688 sum
1189 4646 1270 4688 usus.

466 4712 687 4793 Typographus
720 4722 822 4775 vester
853 4715 1106 4791 „Phaenomonon
1142 4716 1317 4793 singulare“
1351 4715 1526 4779 decurtavit
1566 4718 1734 4800 prinsquam

374 4800 500 4861 adrem
523 4798 683 4861 veniretur.
731 4799 868 4870 Quatnor
891 4812 963 4863 sunt
985 4804 1123 4882 paginae,
1149 4825 1216 4865 curn
1241 4805 1290 4865 ille
1315 4804 1367 4864 vix
1390 4822 1482 4866 unam
1507 4816 1564 4867 aut
1580 4808 1659 4869 duas
1681 4807 1733 4866 im·

376 4887 533 4968 presserit
580 4886 639 4948 Pro
664 4888 719 4949 hoo
748 4899 832 4951 reatu
866 4893 1030 4953 condemno
1063 4893 1161 4970 ipsum
1185 4893 1213 4953 in
1237 4894 1363 4954 multam
1396 4892 1468 4954 vitri
1492 4896 1626 4956 convexi
1644 4895 1732 4964 unias,

374 4975 415 5039 de
438 4976 568 5058 sphaera
599 4974 736 5037 diametri
759 4980 866 5058 pedum
886 4974 948 5047 24.
973 4990 1026 5041 aut
1048 4980 1278 5060 aequipollente,
1304 5000 1395 5063 quam
1414 4991 1450 5043 tu
1469 4983 1732 5066 aequipollentiam
