3692 5842
748 495 831 567 Caput
849 492 868 551 i.
1424 483 1486 557 139

221 668 339 736 Contra
362 673 477 739 tmtina
495 675 537 738 sit
555 674 613 739 AB
636 686 702 753 (rig.
722 684 770 748 te)
794 678 917 741 interius
942 691 973 738 et
995 695 1112 749 eversa,
1137 675 1253 752 virgula
1276 672 1333 737 CD
1356 678 1491 734 centrum

128 760 251 823 habens
270 780 309 824 ex
328 762 461 846 Dardani
480 774 513 828 et
532 763 716 830 Guidubaldi
736 767 951 848 imaginatione
966 767 995 828 in
1012 766 1040 829 A
1057 766 1114 827 flue
1136 763 1280 837 trutinae,
1295 770 1327 825 et
1342 760 1409 833 CA,
1431 759 1491 822 AD

128 849 405 930 aequiponderent.
450 855 528 918 Dico
550 874 667 918 rursum
700 856 863 919 redituram
893 857 1041 937 virgulam
1066 855 1103 915 ad
1135 853 1352 935 aequilibrium.
1401 849 1490 921 Quod

129 938 158 1001 si
173 939 211 1001 de
227 940 285 1001 lroc
303 941 366 1003 situ
389 943 554 1005 affirmavit
567 944 762 1020 Aristoteles,
787 965 907 1008 manere
932 946 1081 1023 virgulam
1100 942 1156 1006 OD
1179 944 1274 1005 semel
1305 940 1490 1011 inclinatam,

132 1028 292 1091 latendum
325 1031 443 1093 omuino
476 1034 535 1095 erit
567 1033 684 1114 lapsum
718 1055 785 1097 esse
819 1036 1020 1116 experiundo:
1055 1032 1192 1115 quamvis
1223 1032 1279 1093 lroc
1313 1030 1423 1092 falsum
1454 1026 1492 1087 de

133 1126 265 1198 utroque
283 1118 344 1180 situ
367 1120 425 1182 sibi
449 1123 713 1185 demonstrandum
730 1122 941 1186 Gnidubaldus
965 1123 1116 1185 sumserit.
1153 1121 1214 1183 Sed
1229 1120 1354 1181 videant
1372 1115 1491 1187 eruditi,

132 1206 290 1268 nullamne
312 1206 593 1288 interpretationem
619 1213 782 1275 admittant
805 1214 897 1275 verba
920 1212 1111 1293 philosophi:
1137 1209 1273 1291 suspicor
1295 1208 1373 1269 enim
1397 1224 1492 1287 quae·

133 1295 216 1358 sisse
240 1303 423 1361 coaetaneos
447 1300 625 1364 Aristotelis
648 1302 749 1382 aliqua
774 1302 801 1362 iu
827 1302 903 1364 libra
926 1300 1118 1381 compendia,
1151 1301 1262 1361 inflexa
1285 1296 1403 1374 virgula
1425 1302 1493 1357 tru-

134 1384 262 1465 tinaque
287 1386 316 1447 iu
340 1388 439 1449 medio
463 1409 550 1452 meus
573 1391 747 1464 inlibulata;
773 1410 829 1471 quo
853 1400 943 1472 pacto
968 1391 1014 1452 rel
1039 1390 1211 1469 dependens
1236 1408 1254 1448 a
1278 1386 1392 1449 trutina
1416 1383 1495 1445 libra

133 1474 188 1537 uel
211 1472 388 1538 incumbens
417 1478 460 1540 illi
489 1478 554 1556 jam
587 1478 708 1541 interior
735 1482 799 1560 jem
831 1482 965 1560 superior
996 1479 1112 1541 censeri
1142 1478 1257 1559 possit,
1292 1482 1381 1555 prout
1405 1490 1493 1535 arcus

135 1581 258 1625 sursum
281 1565 382 1645 vergit
404 1568 452 1629 vel
476 1569 625 1631 deorsum.
663 1569 704 1630 Et
723 1580 785 1631 tum
810 1569 835 1630 si
859 1578 995 1631 centrum
1019 1567 1153 1646 virgulae
1172 1567 1227 1628 hoc
1247 1566 1334 1627 modo
1359 1560 1495 1643 superius

136 1651 183 1713 sit
207 1653 333 1723 trutina,
357 1655 421 1718 lieri
444 1658 577 1719 concedo
597 1658 674 1737 quod
699 1659 814 1738 quaerit
829 1659 1024 1721 Aristoteles.
1064 1654 1166 1720 Causa
1190 1655 1268 1717 euim
1290 1673 1366 1734 pene
1390 1650 1495 1713 eadem

137 1747 190 1801 est
212 1759 281 1804 cum
303 1742 357 1806 illa
380 1762 456 1825 quae
481 1746 591 1820 efficit,
626 1765 683 1827 quc
708 1748 804 1808 miuus
837 1767 929 1809 conus
962 1746 1071 1825 angulo
1105 1747 1248 1809 insistens
1272 1750 1412 1815 maneat,
1442 1739 1494 1801 sed

136 1838 317 1893 evertatur:
343 1833 392 1914 qui
417 1843 516 1896 tamen
540 1845 644 1897 manet
667 1837 706 1898 ab
731 1838 839 1915 angulo
864 1855 1025 1916 appensus.

229 1919 331 1983 Natus
355 1934 455 1984 autem
479 1932 527 1985 est
550 1944 632 1986 error
648 1923 838 1987 Guidubaldo
854 1945 890 1986 ex
907 1926 984 1986 ialso
1008 1923 1170 2004 principio:
1196 1920 1358 1983 definiebat
1382 1937 1495 1997 aeque-

134 2008 352 2086 pnnderantia,
377 2030 454 2090 quae
476 2024 633 2076 manerent
657 2015 920 2097 quomodocunque
945 2015 1179 2086 collocarentur,
1209 2011 1296 2072 modo
1321 2007 1497 2088 aequalibus

135 2117 157 2157 a
182 2106 290 2162 centro
313 2098 410 2163 lineis.

232 2186 296 2250 Sed
318 2190 441 2270 propius
466 2190 504 2252 ad
528 2210 590 2252 rem
615 2192 779 2253 veniamus.
827 2192 910 2254 Dicit
933 2211 971 2252 ex
994 2190 1163 2252 Aristotele
1183 2186 1350 2259 Cardenus,
1375 2184 1498 2265 gravius

138 2293 210 2337 esse
235 2274 293 2341 CA
315 2285 383 2353 (rig.
402 2285 450 2350 lt)
473 2298 539 2341 cum
573 2288 621 2342 est
653 2281 763 2347 altius,
794 2281 903 2361 angulo
937 2280 1001 2341 scil.
1033 2280 1145 2341 minore
1174 2275 1277 2351 GAB,
1307 2274 1403 2337 levius
1426 2292 1499 2335 vero

139 2364 203 2427 AD
237 2386 304 2429 cum
339 2377 388 2431 est
421 2369 579 2438 humilius,
614 2370 724 2450 angulo
755 2369 819 2432 scil.
853 2371 967 2449 majore
990 2368 1096 2441 BAD,
1130 2375 1162 2429 et
1184 2367 1241 2428 hoc
1264 2362 1499 2427 demonstrando

141 2453 272 2517 titubat.
320 2457 445 2520 Summa
468 2477 504 2517 eu
528 2457 621 2531 redit,
656 2459 782 2538 angulos
807 2459 918 2520 addere
951 2458 1096 2538 gravitati
1127 2457 1344 2518 firmamentum
1368 2472 1406 2515 ex
1433 2470 1500 2513 me-

141 2541 302 2607 chanicis:
327 2566 396 2608 narn
420 2545 504 2609 CAB
529 2556 635 2609 acutus
659 2558 716 2617 est,
740 2550 823 2627 cujus
847 2567 934 2610 crura
959 2567 977 2607 a
1000 2547 1131 2629 pondere
1156 2546 1184 2606 in
1210 2543 1234 2608 C
1259 2543 1377 2605 facilius
1400 2540 1499 2604 divel-

140 2631 254 2707 luntur,
280 2654 370 2716 quam
393 2636 482 2698 BAD
506 2636 604 2704 obtusi
628 2656 715 2699 crura
739 2658 758 2697 a
779 2638 910 2717 pondere
935 2637 962 2698 iu
983 2638 1021 2710 D,
1045 2635 1139 2697 vincit
1162 2634 1252 2714 igitur
1275 2632 1348 2693 illud
1370 2631 1499 2711 pondus.

139 2720 259 2784 Verum
284 2724 311 2785 si
334 2725 465 2806 genuina
489 2743 581 2786 causa
605 2734 698 2799 esset,
723 2727 847 2788 effectus
872 2725 1042 2804 analogiam
1066 2743 1176 2785 causae
1200 2730 1375 2803 sequeretur
1398 2727 1501 2781 esset-

141 2828 202 2889 que
227 2813 335 2875 eodem
360 2814 524 2897 ponderum
548 2815 576 2875 iu
601 2815 747 2877 inclinata
766 2814 842 2876 libra
865 2817 1028 2895 proportio,
1054 2833 1129 2895 quae
1153 2813 1338 2892 angulorum.
1377 2810 1423 2871 At
1445 2808 1501 2870 lroc

142 2898 255 2962 falsum
288 2912 346 2964 est.
393 2903 495 2965 Aliam
530 2904 631 2983 itaque
664 2924 785 2967 causam
818 2905 933 2967 eminus
962 2904 1048 2966 nobis
1076 2901 1210 2964 ostendit
1234 2900 1412 2972 Ourdaous,
1446 2895 1500 2959 sed

143 2988 434 3054 demonstrationem
463 3012 521 3053 uon
555 2995 696 3072 expedit:
731 2991 895 3066 Quamvis,
929 2993 1043 3073 inquit,
1076 2990 1100 3055 C
1130 3011 1221 3073 grave
1254 2999 1302 3052 est
1334 2997 1503 3067 naturaque

143 3087 250 3156 aptum
275 3080 345 3142 lerri
369 3084 408 3144 ad
424 3081 535 3142 Terrae
560 3092 693 3144 centrum
718 3101 806 3163 quam
829 3082 964 3162 proxime
983 3102 1037 3161 per
1052 3079 1107 3144 AG
1132 3080 1357 3160 amplitudinem
1380 3082 1501 3158 potest:

143 3173 249 3229 tamen
275 3189 333 3231 nou
359 3171 516 3232 descendit
539 3172 619 3232 ultra
643 3171 866 3251 aequilibrium,
896 3172 967 3252 quia
991 3170 1049 3233 ΑΙ)
1082 3170 1311 3251 aequipondium
1346 3172 1504 3247 cogeretur

144 3264 255 3319 contra
280 3267 419 3322 naturam
443 3261 616 3322 ascendere.
655 3262 703 3321 lta
725 3260 903 3340 principium
927 3260 1048 3340 petitur.
1091 3261 1164 3332 Imo,
1190 3258 1338 3329 Cardane,
1365 3274 1422 3317 uon
1445 3255 1503 3317 hoo

144 3353 266 3409 tantum
291 3367 419 3428 quaero,
453 3349 507 3410 sed
536 3349 648 3429 aliquid
683 3350 831 3429 amplius:
864 3350 890 3411 si
915 3349 1033 3410 omuino
1058 3349 1135 3427 quod
1169 3348 1291 3427 gravius
1322 3352 1369 3407 est
1398 3351 1502 3406 centro

146 3435 285 3515 proxime
314 3439 460 3499 accedere
492 3438 616 3511 nititur;
647 3457 718 3517 ergo
743 3458 808 3500 cum
838 3446 909 3499 sunt
939 3438 1110 3517 inaequalia
1133 3436 1161 3497 in
1191 3436 1326 3498 lancibus
1358 3433 1501 3513 pondera,

146 3543 200 3586 cur
224 3524 304 3604 quod
328 3534 377 3588 est
408 3526 529 3605 gravius
553 3546 611 3588 non
644 3530 732 3607 plane
766 3528 862 3590 locum
892 3528 982 3589 imum
1016 3527 1109 3606 petit,
1142 3525 1238 3586 levius
1266 3542 1337 3584 vero
1359 3522 1448 3602 plane
1473 3521 1502 3582 in

148 3613 265 3693 apicem
299 3614 472 3677 attollitur?
505 3616 586 3695 Ergo
610 3614 703 3677 caus'a
735 3618 809 3677 hoec
841 3624 907 3686 est,
939 3617 1045 3678 eadem
1078 3633 1183 3693 nempe
1207 3632 1282 3694 quae
1307 3612 1335 3672 iu
1365 3617 1502 3672 statera:

147 3709 254 3764 centro
269 3704 299 3766 A
326 3704 509 3767 diastemate
528 3704 595 3779 AC,
618 3705 679 3768 AD
702 3706 852 3768 scribatur
875 3705 1013 3778 circulus,
1038 3705 1065 3764 iu
1091 3723 1125 3764 eo
1150 3699 1391 3783 perpendiculum
1411 3698 1503 3761 BAF.

148 3791 348 3854 Manifestum
378 3803 444 3868 est,
478 3802 614 3855 neutrum
647 3795 810 3874 ponderum
835 3796 863 3877 iu
889 3794 913 3857 C
938 3803 970 3855 et
993 3795 1020 3855 D
1045 3794 1091 3855 vel
1122 3791 1299 3872 profundius
1323 3789 1505 3851 descendere

148 3898 241 3960 posse
275 3900 363 3961 quam
393 3882 423 3943 iu
448 3884 473 3944 F
500 3883 547 3944 vel
581 3884 672 3945 altius
706 3884 805 3945 attolli
839 3902 926 3962 quarn
955 3884 985 3945 iu
1008 3883 1045 3945 Β.
1093 3883 1140 3943 Ac
1168 3899 1234 3944 cum
1262 3887 1419 3960 utrumque
1449 3878 1506 3939 hac

148 3977 260 4032 natura
285 3970 342 4044 sit,
378 3981 409 4033 ut
433 3972 471 4032 ad
496 3970 585 4033 imum
610 3972 731 4045 tendat,
766 3974 1007 4053 contendantque
1031 3989 1131 4033 secum
1155 3970 1302 4032 invicem:
1337 3968 1507 4049 partientur

149 4078 250 4120 secum
276 4060 455 4122 descensum
477 4060 530 4121 BF
558 4061 587 4122 iu
620 4061 826 4141 proportione,
858 4081 915 4141 qua
944 4063 1011 4141 ipsa
1039 4069 1119 4122 suut.
1166 4060 1323 4122 Ducentur
1348 4076 1385 4118 ex
1408 4053 1506 4131 D,G

149 4148 413 4228 perpendiculares
431 4147 501 4224 DG,
528 4148 592 4213 CH.
630 4151 691 4211 Per
713 4170 751 4212 ea
773 4150 865 4230 igitur
889 4170 965 4230 quae
990 4151 1166 4211 dictasunt
1190 4150 1247 4211 erit
1261 4149 1317 4209 BH
1342 4147 1507 4207 descensus
1594 4217 1600 4224 ,

149 4236 293 4316 ponderis
318 4236 343 4301 C
369 4239 406 4299 ad
430 4237 498 4312 BG,
523 4238 701 4319 descensum
729 4240 869 4318 ponderis
893 4240 938 4314 D,
964 4248 998 4301 ut
1020 4247 1067 4299 est
1092 4237 1117 4299 C
1141 4240 1258 4321 pondus
1281 4237 1320 4297 od
1344 4234 1383 4296 D.
1430 4234 1508 4295 Dico

149 4326 224 4388 banc
249 4345 319 4388 esse
343 4327 491 4388 rationem
508 4335 659 4390 staterae.
708 4329 787 4389 Nam
811 4337 842 4389 et
866 4329 935 4406 quia
958 4326 1062 4401 HAG,
1089 4326 1178 4390 GAD
1203 4325 1361 4407 aequales,
1385 4332 1416 4385 et
1440 4321 1507 4392 CA,

148 4415 206 4477 AD
230 4416 389 4495 aequales,
422 4416 461 4489 Η,
488 4414 518 4476 G
541 4417 631 4491 recti,
666 4428 754 4480 erunt
777 4426 808 4479 et
832 4418 908 4490 All,
935 4416 994 4480 AG
1019 4416 1181 4496 aequales:
1216 4434 1307 4497 quare
1331 4423 1364 4475 et
1387 4411 1507 4474 residua

149 4505 183 4565 de
209 4505 388 4584 aequalibus
412 4506 482 4573 ΗΒ,
514 4504 577 4568 GF.
625 4508 668 4569 Ut
692 4525 763 4586 ergo
788 4504 813 4569 G
845 4507 884 4567 ad
905 4507 952 4579 D,
984 4506 1028 4567 sic
1052 4503 1106 4566 FG
1132 4506 1170 4567 ad
1196 4502 1263 4566 GB.
1310 4502 1448 4564 Ducatur
1470 4518 1507 4561 ex

148 4595 172 4655 F
194 4594 453 4674 perpendicularis
477 4594 505 4655 in
532 4593 601 4669 CD,
627 4596 769 4675 quaesit
792 4596 857 4656 FK.
904 4596 986 4674 Ergo
1018 4595 1088 4674 quia
1113 4591 1215 4667 CAH,
1239 4590 1325 4654 FAK
1350 4589 1504 4669 aequales.

148 4691 178 4745 et
201 4681 272 4754 CA,
299 4683 355 4744 AF
378 4684 534 4763 aequales,
569 4692 600 4745 et
624 4686 669 4759 H,
694 4685 722 4745 K
746 4685 840 4746 recti:
876 4684 1019 4765 aequales
1049 4679 1287 4755 eruntetCll,
1313 4680 1382 4751 FK,
1408 4677 1508 4740 sicet

147 4772 223 4844 ΑΗ,
249 4771 320 4834 ΑΚ.
369 4772 472 4843 Quare
503 4782 535 4834 et
567 4773 736 4855 aequalium
762 4774 833 4847 AB,
859 4774 932 4847 AD,
959 4774 1024 4835 «AF
1057 4772 1177 4833 residua
1208 4771 1278 4842 ΗΒ,
1315 4766 1371 4830 GF
1394 4775 1426 4829 et
1448 4766 1508 4828 KD

148 4860 297 4944 aequalia.
345 4860 386 4923 Et
419 4880 533 4923 rursum
567 4863 735 4941 aequalium
760 4863 826 4936 FB,
859 4861 916 4925 DC
949 4862 1070 4924 residua
1094 4859 1161 4932 GB,
1186 4858 1242 4922 Kc
1267 4854 1418 4938 aequalia.
1465 4856 1509 4920 Ut

147 4970 218 5031 ergo
242 4949 269 5014 C
293 4950 332 5013 ad
356 4950 395 5023 D,
420 4949 464 5013 sic
486 4950 547 5013 DK
561 4953 599 5012 ad
616 4950 682 5015 Kc.
721 4955 766 5013 At
788 4952 814 5015 si
831 4950 887 5015 GD
910 4952 1030 5032 virgula
1053 4950 1097 5011 sic
1120 4958 1248 5011 onerata
1272 4947 1300 5007 iu
1324 4946 1351 5007 K
1376 4964 1507 5026 suspeu-

147 5040 278 5103 datura
306 5040 440 5102 trutina:
473 5040 532 5103 erit
562 5042 641 5104 ratio
672 5049 834 5117 stateraep
853 5048 886 5103 at
909 5038 951 5115 0,
975 5040 1005 5103 D
1029 5057 1124 5120 aeque
1156 5036 1380 5119 ponderabant,
1417 5045 1450 5098 ut
1479 5033 1509 5102 in
