3692 5842
801 414 832 462 do
851 412 923 462 rebus
944 409 1047 476 Opticls.
1558 410 1600 476 55

241 589 401 670 piendum:
432 589 463 652 id
487 589 522 651 lit
545 596 627 650 motu
651 589 774 668 capitis,
811 607 868 667 quo
892 608 967 650 unns
991 588 1093 649 oculus
1123 587 1251 650 efficitur
1275 596 1408 668 ternpore
1433 588 1519 669 quasi
1543 589 1610 651 duo‘

241 680 292 741 rel
316 679 418 759 plures
442 678 531 742 oculi.
579 676 683 739 Omnis
709 696 778 740 vero
803 678 913 739 locatio
938 677 1077 757 imaginis
1102 686 1149 739 est
1173 678 1350 739 mentisseu
1374 678 1469 737 rrravis
1494 697 1601 739 sensus

241 767 407 831 communis
431 786 515 847 opus.
562 765 710 846 Quicquid
730 767 809 827 enim
825 775 873 828 est
896 768 1044 847 imaginis,
1071 786 1146 847 quae
1171 786 1229 826 uon
1254 776 1301 827 est
1324 766 1376 838 rei,
1398 765 1427 826 id
1451 774 1499 828 est
1523 766 1601 828 iina-

241 856 423 933 giuationis,
450 858 549 918 idest
571 856 689 917 mentis.
737 855 785 916 Ex
809 856 963 918 schemate
987 853 1038 918 53.
1064 855 1212 916 mei-libri
1236 874 1339 934 negas,
1365 853 1388 915 S
1413 873 1480 915 esse
1505 855 1601 919 locoru

242 945 403 1025 imaginis:
438 964 507 1007 esse
539 945 618 1006 enirn
647 944 770 1007 cuilibet
801 947 885 1007 oculo
918 956 1091 1024 separatum
1124 944 1263 1023 imaginis
1294 943 1388 1004 locum
1413 943 1441 1005 in
1467 945 1598 1022 speculo.

241 1034 313 1097 Etsi
337 1053 384 1097 me
409 1033 577 1097 diutissime
600 1034 684 1113 prius
708 1053 898 1097 exercueram
913 1036 941 1095 iu
958 1034 1096 1113 speculis,
1121 1053 1210 1113 quam
1227 1034 1333 1095 librum
1349 1032 1473 1113 scripsi,
1497 1042 1599 1095 tamen

243 1124 405 1204 conjecisti
427 1142 476 1186 me
499 1123 529 1184 iu
553 1141 662 1183 noram
685 1123 761 1184 lrauc
786 1143 896 1186 curam.
931 1124 1009 1184 barn
1033 1142 1126 1203 usqne
1150 1124 1187 1184 ad
1203 1123 1353 1185 oculorum
1368 1122 1501 1183 dolorem
1526 1140 1599 1184 con-

245 1212 397 1294 templans
420 1231 479 1274 nou
500 1211 586 1292 potui
610 1212 847 1291 deprehendere,
876 1231 952 1291 quae
977 1220 1007 1274 tu
1028 1212 1132 1291 jactas
1156 1212 1281 1274 vidisse:
1316 1231 1375 1271 una
1399 1213 1477 1273 enim
1501 1211 1600 1290 imago

245 1301 353 1363 oblata
375 1301 433 1363 tuit
457 1300 574 1381 utrique
598 1301 701 1375 oculo,
727 1302 814 1363 simul
839 1300 963 1381 apertis.
1002 1301 1060 1363 llla
1083 1302 1201 1381 quidem
1220 1299 1317 1378 major
1332 1300 1490 1362 ridebatur
1514 1302 1600 1362 oculo

244 1390 422 1471 propinquo,
448 1408 536 1469 quam
559 1390 607 1449 vel
630 1390 784 1453 remotiori
808 1390 854 1451 rel
879 1390 1012 1471 utrisque
1036 1391 1160 1469 apertis.
1207 1388 1269 1452 Sed
1293 1389 1322 1449 id
1347 1408 1403 1449 non
1428 1398 1477 1450 est
1498 1393 1601 1457 παθοε

244 1479 393 1541 linearum
416 1479 471 1540 sed
496 1479 734 1548 aestimationis,
767 1486 801 1540 ut
823 1499 888 1540 curn
913 1480 1020 1540 stellae
1045 1479 1171 1540 humiles
1195 1479 1334 1540 videntur
1358 1478 1488 1557 majores
1512 1497 1600 1556 qnam

244 1567 418 1631 verticales.
465 1566 646 1648 Superdcies
670 1577 733 1629 tarn
757 1568 924 1648 propinqua
947 1568 1032 1629 oculo
1056 1570 1186 1629 sentitur
1200 1567 1344 1628 velociter
1360 1568 1497 1646 locatque
1522 1568 1600 1629 ima·

244 1657 345 1737 giuem
368 1656 399 1736 in
424 1656 580 1736 superlicio
603 1657 754 1736 propiore,
789 1675 865 1735 qnae
897 1658 992 1718 altero
1025 1665 1128 1736 aperto
1158 1656 1275 1717 videtur
1299 1656 1378 1717 ultra
1402 1656 1599 1736 superficiem,

243 1744 316 1825 qnia
339 1744 384 1808 illi
408 1763 466 1806 non
491 1744 535 1806 ita
558 1755 607 1805 est
630 1746 767 1819 evidens,
803 1745 911 1825 quippe
942 1745 1094 1807 remotior.
1143 1744 1257 1807 Contra
1285 1747 1341 1806 hoc
1365 1744 1441 1805 ridi:
1474 1746 1600 1824 primurn

243 1835 361 1915 apertis
386 1834 502 1895 duobus
525 1834 619 1896 oculis
644 1834 731 1913 inque
755 1834 914 1913 imaginem
938 1834 1075 1907 intentis,
1099 1842 1171 1913 post
1186 1834 1282 1895 altero
1297 1834 1401 1897 clauso
1426 1832 1469 1906 (in
1486 1834 1602 1895 directo

243 1922 327 2003 globi
352 1923 542 1996 intuitione),
576 1922 661 1984 initio
694 1924 810 2003 quidem
844 1923 1003 1985 unioculo
1028 1922 1294 2001 visaestimago
1319 1942 1413 2002 aeque
1437 1941 1546 2002 magua
1570 1932 1602 1983 et

243 2012 420 2093 propinqua
435 2032 472 2073 ac
496 2013 578 2090 prius
605 2020 730 2092 utroque
755 2021 859 2092 aperto
884 2013 983 2072 oculo:
1010 2012 1098 2093 paulo
1122 2030 1193 2073 voro
1208 2021 1293 2090 post,
1319 2011 1440 2072 immoto
1465 2020 1497 2073 et
1515 2012 1601 2073 oculo

242 2112 275 2162 et
298 2101 441 2181 speculo,
466 2101 564 2180 imago
588 2100 655 2163 visa
678 2110 727 2161 est
751 2102 885 2183 aequalis
909 2100 952 2162 rei
977 2109 1008 2162 et
1031 2104 1147 2162 remota
1169 2100 1443 2179 proportionaliter.
1484 2101 1602 2180 Nempe

243 2189 294 2252 ubi
327 2208 384 2251 uec
417 2208 581 2251 concursus
612 2190 814 2261 metatricinm
847 2209 901 2252 nec
931 2190 1083 2252 evidentia
1116 2188 1282 2269 superficiei
1315 2189 1481 2269 specularis
1505 2190 1602 2250 locum

245 2278 394 2340 coudliat
418 2277 554 2357 imagini,
578 2278 620 2340 ibi
643 2279 814 2341 aestimatio
839 2279 1032 2360 quantitatis,
1062 2298 1137 2359 quae
1162 2278 1326 2339 desumitur
1350 2299 1368 2338 a
1391 2284 1536 2339 consueta
1558 2278 1602 2338 rei

243 2376 339 2429 notae
365 2367 550 2447 quantitate,
576 2368 755 2431 locationem
779 2376 930 2448 praestat3
965 2388 1065 2429 rernm
1091 2369 1145 2429 hoc
1169 2366 1209 2428 ibi
1233 2374 1350 2428 tantum
1374 2365 1424 2427 nbi
1448 2365 1604 2428 evanescit

243 2456 466 2536 quodammodo
490 2456 619 2518 latitudo
639 2459 780 2537 pupillae.
829 2457 952 2519 Snnrrna
977 2459 1050 2519 baec
1075 2466 1136 2519 est:
1171 2456 1318 2518 dualitate
1352 2455 1503 2516 oculorum
1527 2454 1602 2518 sub-

244 2546 309 2607 lata
333 2546 418 2607 locus
443 2545 583 2624 imaginis
608 2557 654 2606 est
679 2560 741 2608 tarn
765 2558 909 2618 remotus,
936 2555 969 2607 ut
992 2567 1029 2607 ex
1052 2565 1088 2607 eo
1112 2546 1252 2624 resipsa
1275 2544 1329 2604 snb
1348 2547 1458 2622 angulo
1483 2544 1602 2624 aequali

243 2654 302 2716 quo
327 2653 407 2697 nunc
431 2634 530 2714 imago
554 2636 687 2715 spectari
712 2645 820 2716 queat:
854 2636 898 2696 sin
923 2636 1051 2715 denique
1075 2636 1181 2696 haeret
1203 2633 1346 2695 memoria
1370 2632 1426 2692 loci
1450 2652 1504 2713 per
1527 2635 1602 2696 duos

242 2723 348 2785 oculos
371 2723 443 2797 risi,
478 2725 555 2785 idem
582 2726 664 2785 locus
689 2734 738 2786 est
766 2725 814 2805 qui
840 2734 967 2803 apparet
996 2734 1027 2785 et
1050 2725 1098 2786 uni
1123 2725 1218 2785 oculo.
1267 2723 1329 2783 lruo
1355 2740 1424 2781 vero
1444 2722 1507 2799 jam
1531 2731 1601 2783 tan-

243 2813 312 2873 dem
336 2812 469 2891 patescit
492 2821 525 2873 ει
548 2821 629 2873 tuum
654 2814 901 2893 experimentum.
949 2813 1078 2875 Intuitus
1098 2812 1224 2892 primum
1247 2831 1305 2873 uno
1321 2811 1406 2872 oculo
1430 2811 1601 2890 imaginem,

241 2911 355 2981 postea
378 2910 411 2962 et
436 2902 532 2962 altero
556 2911 661 2980 aperto
695 2912 762 2964 orta
795 2911 843 2963 est
876 2902 975 2982 imago
1004 2903 1068 2963 loco
1099 2900 1282 2980 profundiori
1307 2899 1431 2980 speculi.
1478 2899 1546 2962 Scis
1571 2909 1603 2961 tu

244 2990 391 3052 causam?
438 2988 579 3050 Genniua
603 2999 634 3051 et
656 2992 814 3053 verissima
838 3011 932 3053 causa
956 3000 1004 3053 est
1027 2991 1117 3052 haec:
1138 2990 1216 3051 oculi
1239 2990 1283 3051 ita
1307 2990 1420 3050 assueti
1445 2999 1529 3062 sunt,
1559 2998 1602 3065 ut,

242 3079 316 3141 licet
340 3078 564 3158 defatigantur,
600 3088 702 3143 tamen
726 3082 764 3143 ad
795 3090 938 3160 punctum
963 3081 1040 3142 idem
1063 3081 1260 3160 propinquum
1284 3078 1402 3139 visibile
1426 3078 1602 3159 dirigantur.

244 3169 352 3249 ltaque
376 3186 443 3230 cum
467 3176 591 3247 apertus
617 3170 720 3230 oculus
746 3171 787 3231 sit
809 3170 925 3232 vicinus
939 3171 1077 3249 speculo,
1103 3169 1233 3249 reliquus
1261 3167 1287 3227 si
1312 3166 1473 3246 aperiatur,
1490 3168 1604 3248 rapitur

243 3258 336 3319 etiam
361 3257 401 3317 ad
424 3257 455 3318 id
477 3264 621 3334 puuctum
645 3260 776 3338 speculi,
811 3260 889 3338 qnod
918 3269 968 3320 est
998 3259 1144 3332 vicinum,
1177 3257 1246 3338 qnia
1274 3256 1397 3317 evidens
1430 3265 1491 3331 est,
1526 3259 1604 3320 oculi

245 3364 315 3409 uero
340 3346 422 3408 idem
446 3346 566 3407 rotundi
590 3348 706 3425 speculi
729 3357 870 3429 punctum
895 3347 1047 3410 intuentes
1071 3348 1184 3409 directe
1209 3345 1379 3406 necessario
1403 3344 1506 3406 vident
1529 3348 1605 3409 duas

245 3435 396 3516 imagines
420 3435 550 3514 oblique.
585 3437 702 3497 Exhcc
726 3437 861 3499 nascitur
884 3437 993 3498 clarior
1016 3436 1177 3516 explicatio
1202 3453 1312 3495 causae
1337 3442 1368 3494 et
1390 3434 1497 3495 verior.
1535 3434 1603 3496 Bini

247 3524 324 3589 oculi
352 3543 441 3585 unam
467 3523 606 3585 videntes
630 3525 806 3604 imaginem,
840 3526 868 3586 in
894 3526 947 3588 illa
970 3525 1082 3605 speculi
1107 3532 1230 3604 puncta,
1267 3542 1342 3602 qnae
1367 3530 1530 3586 causantur
1553 3544 1603 3585 re-

245 3632 440 3696 percussum,
473 3611 640 3692 diriguntur
672 3614 807 3695 oblique,
840 3615 966 3695 quilibet
1003 3615 1032 3675 in
1064 3632 1164 3687 sunm;
1201 3621 1231 3673 et
1264 3611 1353 3672 iidem
1378 3630 1465 3672 unum
1490 3614 1603 3692 speculi

246 3710 391 3784 puuctum
415 3701 568 3764 intuentes
592 3704 722 3777 directo,
747 3706 822 3765 duas
846 3704 951 3765 vident
973 3704 1127 3783 imagines.
1160 3700 1291 3762 Axioma
1314 3707 1427 3762 certum
1445 3708 1501 3763 est.
1535 3703 1604 3764 Jam

246 3811 321 3855 uuus
359 3791 465 3852 oculus
498 3801 620 3870 apertus
653 3792 765 3855 directe
804 3795 898 3855 fertur
934 3794 964 3855 in

246 3887 392 3961 punctum
415 3878 634 3957 repercutiens,
659 3881 747 3961 inque
763 3902 798 3943 eo
814 3902 867 3943 seu
885 3882 966 3943 ultra
1200 3915 1203 3922 ·
1234 3878 1286 3943 rig.
1308 3873 1350 3923 ²9·

247 3970 329 4032 ridet
354 3974 388 4031 et
406 3968 566 4045 imaginem
581 3969 703 4032 directe.
741 3970 962 4051 Superveniens
1275 3980 1294 3990 ''

247 4058 337 4139 igitur
360 4058 440 4120 alter
463 4057 566 4118 oculus
590 4058 669 4121 idem
688 4060 802 4140 speculi
820 4068 962 4139 punctum

248 4149 363 4221 directe
395 4146 528 4207 intuetur
561 4149 723 4228 tantisper,
757 4149 850 4211 donec
881 4148 962 4209 alind

248 4244 391 4317 punctum
415 4234 563 4309 iuveniat,
596 4237 625 4297 in
659 4238 737 4317 qnod
768 4238 886 4317 oblique
914 4237 963 4298 in-

249 4332 336 4388 tuens
360 4343 452 4386 unam
476 4343 542 4384 cum
566 4325 647 4387 socio
672 4326 775 4389 videat
792 4327 962 4407 imaginem.

249 4415 326 4479 Nam
351 4421 530 4494 perpetuum
553 4433 611 4476 uon
635 4422 683 4477 est
707 4435 761 4477 uec
777 4416 866 4477 durat
884 4417 961 4477 dua-

250 4504 320 4568 litas
356 4502 514 4581 imaginis,
554 4503 609 4564 sed
640 4505 769 4567 redeunt
799 4506 828 4567 in
862 4523 962 4578 unam,

251 4592 321 4656 licet
354 4610 422 4654 cum
455 4590 557 4653 dolore
589 4602 714 4674 propter
746 4595 963 4656 contortionem
1037 4617 1041 4626 *

252 4681 411 4745 oculorium
451 4679 523 4741 Alia
545 4689 577 4742 ει
600 4683 785 4745 constantior
800 4692 848 4745 est
871 4703 963 4745 causa

253 4768 409 4835 dualitatis
441 4768 582 4849 imaginis
619 4772 648 4832 iu
686 4774 836 4836 concavis.
883 4774 963 4836 Nam

253 4859 313 4923 rint
348 4859 408 4921 duo
444 4858 520 4920 radii
553 4858 620 4935 AG,
662 4859 718 4922 ΒΕ
753 4861 892 4941 paralleli
924 4862 962 4922 ab

254 4948 356 5014 todem
388 4946 482 5010 stella
503 4949 636 5032 delapsi,
675 4952 724 5031 qui
757 4950 964 5034 repercutien-
