3692 5842
242 442 306 507 514
703 441 821 491 Narratio
839 441 870 491 ele
888 441 957 492 Jorle
975 441 1136 494 Satellltibue.

370 621 410 680 V.
458 619 638 697 Terrigenas
663 636 757 695 genus
780 618 919 686 invisum,
943 618 1093 682 molimine
1118 629 1207 682 casto

509 706 643 770 Conatos
669 707 778 768 Terras
798 707 925 785 jungere
949 707 1106 782 sideribus,

456 797 576 856 l'iudex
600 797 706 855 dextra
728 794 815 855 lovis
839 815 942 856 manes
968 797 1097 858 detrusit
1120 796 1158 857 ad
1183 797 1278 871 imos;

510 884 627 945 Ambiti
652 904 766 943 merces
791 884 865 944 haec
891 884 948 945 fuit
972 885 1099 963 imperii.

455 973 505 1034 Nil
531 974 592 1032 tale
617 973 763 1033 affectans
789 971 948 1034 Galilaeus
973 974 1075 1034 sidera
1098 972 1199 1034 'serris

507 1062 624 1133 lunxit,
650 1068 681 1121 et
706 1062 826 1139 ignotas
851 1062 971 1122 edocuit
994 1063 1139 1135 choreas;

456 1150 494 1209 Et
520 1152 610 1209 decus
635 1149 765 1209 astruxit
790 1151 874 1210 coelo
898 1150 1033 1229 dirisque
1057 1151 1185 1231 sibique,

508 1240 610 1298 :lusus
634 1238 806 1298 inacccssas
830 1238 944 1316 primus
969 1239 1043 1301 inire
1067 1239 1144 1301 vias,

459 1327 515 1386 Pro
541 1327 655 1388 meritis
681 1325 820 1387 Galilaee
845 1338 898 1387 tua
922 1326 1000 1387 iuter
1023 1327 1125 1388 sidera
1148 1326 1301 1407 quondam

510 1417 578 1494 lpse
604 1434 710 1474 uorum
734 1414 863 1474 ambibis
888 1415 982 1490 siuns,
1008 1428 1039 1477 ut
1064 1416 1261 1477 illatorem.

459 1501 575 1572 Quodsi
600 1504 682 1563 nulla
706 1502 770 1562 dies
794 1503 944 1563 llediceia
968 1504 1070 1565 sidera
1093 1506 1210 1584 perdet,

510 1593 600 1652 Nulla
625 1592 689 1652 dies
714 1610 819 1650 uomen
844 1592 951 1669 perdet
975 1593 1002 1653 in
1027 1595 1098 1654 orbe
1123 1606 1215 1654 tuum.

361 1732 412 1794 Vl.
462 1732 609 1809 Keplorus
634 1731 772 1791 Galilaee
798 1738 865 1792 tuus
888 1741 943 1793 tua
966 1732 1068 1794 sidera
1093 1733 1179 1794 vidit.

512 1820 608 1879 Tanto
634 1820 700 1898 quis
725 1819 842 1881 dubitet
865 1821 987 1881 credere
1014 1832 1093 1882 teste
1119 1821 1199 1882 tibi?

457 1907 490 1969 si
517 1908 586 1987 quid
612 1908 639 1967 in
665 1909 731 1980 lroc,
756 1919 786 1968 et
811 1927 866 1969 nos
891 1910 1042 1971 Mediceis
1066 1910 1194 1971 vidimus
1219 1917 1314 1982 astra,

513 1997 632 2074 Progne
658 2016 854 2057 nrarmoroum
880 1998 938 2058 lert
963 1998 1012 2059 ubi
1035 1999 1141 2060 lllolda
1159 2000 1273 2078 jugum.

458 2084 568 2145 Vicisti
595 2085 742 2156 Galilaee¹
769 2095 900 2146 tremant
926 2087 997 2148 licet
1021 2107 1109 2149 orcus
1133 2096 1165 2147 et
1189 2088 1321 2158 umbrae,

511 2173 652 2252 luppiter
675 2174 766 2247 illum,
792 2175 869 2234 istas
894 2176 1043 2254 opprimet
1067 2185 1135 2237 orta
1158 2175 1235 2236 dice.

243 2313 316 2375 Vll.
364 2314 420 2375 Ad
449 2314 735 2375 Serenissimum
767 2315 935 2393 Magnum
959 2317 1162 2378 lletruriae
1194 2316 1332 2376 Ducem
1366 2311 1528 2376 Cosmum
1554 2309 1585 2372 ΙΙ.

243 2403 416 2465 decollato
446 2405 473 2464 in
500 2404 671 2463 (lalilaeum
698 2403 868 2464 Galilacum
901 2406 939 2465 ob
970 2407 1100 2466 siderum
1126 2406 1330 2465 Mediceorun
1361 2402 1584 2463 observatione·

286 2494 354 2573 plus
379 2511 467 2571 quam
492 2492 572 2551 mille
597 2512 752 2553 aureorum
778 2513 897 2553 munere
923 2494 1069 2573 tituloque
1094 2494 1269 2573 Philosophi
1295 2505 1327 2553 et
1351 2489 1550 2553 Mathematici

532 2580 577 2639 sui
602 2600 667 2640 cum
693 2582 850 2642 honorario
876 2583 957 2642 nrille
982 2602 1138 2643 aureorum
1163 2593 1313 2643 umatum.

459 2687 623 2747 Tuscorum
647 2685 716 2745 Dur
740 2687 862 2764 Magne,
888 2688 987 2749 animo
1012 2708 1101 2768 quam
1126 2688 1245 2750 nomine
1269 2687 1378 2768 major,

511 2775 643 2852 Auspice
668 2793 725 2853 quo
749 2776 848 2852 patuit
871 2777 970 2855 gloria
993 2797 1103 2857 magna
1124 2777 1227 2839 loris!

457 2865 543 2923 illens
568 2864 653 2923 caelo
678 2876 808 2939 cognata
832 2876 886 2924 tua
910 2875 958 2925 est
981 2867 1140 2946 praeclara
1164 2866 1296 2928 foventis

513 2953 644 3030 luponio,
669 2955 805 3030 exemplo
830 2963 863 3014 ut
887 2955 1008 3032 regibus
1032 2975 1101 3016 esso
1125 2975 1229 3034 queas.

457 3040 569 3117 Regin<
596 3041 643 3101 isti
669 3040 766 3100 animo
791 3042 895 3101 titulus
920 3043 1046 3104 debetur
1071 3053 1100 3103 ct
1126 3043 1196 3104 olim

511 3132 657 3189 lletrnco
683 3149 768 3208 reges
788 3130 857 3207 jura
883 3131 992 3191 dedere
1018 3133 1091 3192 solo.

457 3218 541 3279 Felix
566 3230 692 3297 patrono
718 3218 895 3278 Galilacus!
920 3219 1061 3299 luppiter·
1086 3222 1137 3292 illi,

511 3308 596 3375 Quae
621 3318 651 3365 tu
678 3306 807 3378 donasti,
834 3309 968 3386 praemia
992 3309 1144 3370 debuerat.

459 3395 516 3455 l'ro
542 3396 666 3466 meritis,
693 3395 760 3454 llux
786 3396 906 3473 Magno,
934 3398 988 3457 soli
1014 3418 1080 3458 cum
1104 3418 1172 3459 sero
1199 3397 1350 3475 relinques

512 3483 650 3562 Sceptra,
677 3485 771 3543 locum
797 3485 882 3544 cedet
907 3485 1047 3563 luppiter·
1073 3489 1136 3566 ipse
1161 3487 1226 3547 tili.

491 3625 576 3685 vul.
624 3624 797 3702 Ejusdem
826 3628 1036 3704 argumenti
1062 3627 1104 3686 acl
1131 3624 1358 3687 Galilaeum.

459 3732 524 3790 Non
550 3730 661 3790 frustra
685 3731 782 3790 medio
807 3751 839 3792 es
864 3742 991 3792 venatus
1015 3734 1043 3792 in
1068 3734 1191 3794 aethere
1216 3733 1325 3793 stellas

513 3817 593 3878 Olim
620 3820 759 3894 latentes,
786 3832 816 3880 ot
841 3822 992 3899 stupenda
1012 3823 1174 3902 Cynthiae.

459 3908 634 3967 foecundus
661 3908 744 3967 labor
768 3910 815 3969 hic
840 3909 914 3969 tibi:
941 3910 985 3971 Tu
1011 3909 1150 3971 Galilaee
1175 3911 1332 3971 cohortem

511 3995 580 4055 lovi
605 3996 724 4064 dedisti,
749 3997 889 4076 luppiter
910 3999 1018 4059 ,lovem
1044 4000 1107 4061 tibi.

246 4133 301 4194 IX.
349 4133 399 4193 De
431 4135 595 4215 Dioptro
628 4155 690 4197 seu
727 4138 964 4218 perspicillo‚
995 4142 1085 4220 quod
1119 4141 1340 4201 Serenissirnus
1379 4135 1513 4198 cosmus
1535 4119 1559 4181 Π·

247 4224 350 4300 Magn.
376 4224 461 4285 Hetr.
487 4225 555 4284 Dux
579 4226 796 4287 teclmotlrecae
820 4247 893 4288 suae
917 4228 1104 4291 inserendum
1128 4231 1299 4308 ibidemque
1328 4226 1480 4289 memoriae
1499 4227 1558 4275 ΗΝ

561 4317 775 4376 asservandum
800 4317 925 4391 curarit,
951 4337 1005 4397 per
1028 4320 1287 4399 prosopopoeiam.

458 4417 525 4488 Quo
549 4420 675 4497 primum
699 4432 822 4500 patuere
846 4423 907 4502 poli
933 4437 1061 4496 secreta,
1088 4426 1227 4505 dioptron

513 4509 567 4568 llic
592 4510 704 4582 habito,
731 4511 823 4584 dices,
848 4512 969 4591 dignum
995 4515 1132 4575 habitare
1156 4515 1238 4592 polo.

458 4597 524 4656 Nou
551 4598 632 4671 libet,
659 4600 780 4660 obvenit
804 4602 903 4680 potior
926 4603 998 4663 milri
1022 4605 1143 4665 sedibus
1169 4604 1227 4662 illis

512 4684 618 4746 Gloria
642 4695 725 4748 tecta
748 4690 818 4750 mihi
842 4698 911 4751 sunt
936 4692 1075 4753 llledicea
1098 4693 1196 4772 polus.
1217 4686 1258 4758 ¹⁸)
