3692 5842
742 535 824 600 Caput
841 534 885 586 1v.
905 537 930 587 8.
1448 545 1509 609 211

156 729 215 772 nno
239 707 350 772 intuito
375 710 671 790 comprehendantur,
711 712 805 773 visani
835 712 1024 792 aliquatenus
1053 716 1089 775 de
1118 716 1238 777 immani
1267 719 1414 782 distantia
1437 724 1511 784 cdo-

156 806 235 872 ccnt,
259 817 299 860 ex
322 818 382 879 qua
404 800 448 860 rei
472 800 556 860 visae
580 800 735 879 quantitas
759 800 838 873 (sire
863 802 1011 863 distantia
1041 804 1174 865 binorum
1209 806 1337 869 siderum
1367 797 1420 871 seu
1445 812 1512 873 dia-

155 897 252 950 meter
274 888 362 950 unius
386 887 493 949 sideris
517 888 573 958 sit)
612 888 770 950 admodum
804 909 914 966 magna
942 901 1071 970 apparet
1101 895 1205 954 eodem
1230 898 1339 974 angulo
1363 910 1511 962 manente.

156 975 268 1038 Eorum
293 975 382 1051 enirn,
406 995 482 1056 quae
507 978 610 1038 eodem
635 979 744 1057 angulo
769 988 937 1052 cernuntur,
964 999 1039 1059 quae
1054 982 1120 1061 plus
1141 983 1265 1053 distant,
1290 987 1406 1064 majora
1427 999 1507 1062 sunt,

156 1085 235 1148 quae
259 1066 369 1141 minus,
395 1067 526 1128 minora.
567 1067 673 1146 Neque
698 1068 771 1128 haec
796 1087 888 1129 causa
911 1069 1034 1130 multum
1064 1070 1174 1132 attinet
1206 1082 1406 1146 astronomos,
1445 1078 1515 1157 quia

156 1174 195 1216 ex
218 1155 464 1228 erobservatio,
498 1175 574 1236 quae
598 1156 632 1216 lit
656 1175 709 1234 per
733 1156 941 1232 instrumenta,
974 1159 1079 1220 vitium
1103 1161 1216 1222 nnllam
1240 1164 1401 1225 contrahit.
1448 1166 1514 1226 Hoc

157 1244 254 1306 solnm
277 1253 425 1324 praestat,
452 1254 484 1305 ut
507 1263 573 1305 curn
589 1244 726 1323 legimus,
752 1244 891 1324 antiquos
916 1266 973 1307 non
990 1248 1207 1325 instrumentis,
1233 1252 1286 1312 sed
1302 1253 1513 1315 aestimatione

156 1333 370 1396 distantiarum
394 1351 465 1394 suas
489 1333 716 1394 observationes
741 1334 913 1413 perfecisse,
939 1337 1068 1397 sciamus
1093 1338 1156 1398 ialli
1181 1339 1249 1401 illas
1274 1341 1329 1403 hac
1350 1342 1379 1404 in
1403 1361 1435 1403 rc
1454 1362 1510 1421 pa-

157 1421 263 1497 tuisse,
288 1442 357 1484 eum
388 1422 455 1501 ipsa
485 1423 616 1483 facultas
649 1424 859 1484 aestimatoria
892 1436 1014 1505 propter
1047 1427 1122 1487 bane
1160 1447 1282 1491 causam
1320 1431 1513 1492 vehementer·

157 1511 302 1573 fallatur:
342 1512 420 1591 quad
457 1521 488 1572 et
519 1511 622 1591 Tycha
657 1512 756 1572 Bralre
795 1513 965 1588 inculcarit,
997 1523 1028 1575 et
1051 1516 1245 1579 Ptolemaeus
1277 1518 1343 1597 ipse
1376 1519 1425 1581 lib.
1452 1520 1509 1595 IX,

155 1619 224 1680 cap.
250 1597 329 1673 2.*)

109 1823 115 1832 .
209 1739 241 1804 8.
281 1741 336 1804 An
361 1741 544 1804 omnibus
568 1742 667 1803 locis
692 1752 725 1802 et
752 1743 987 1821 temporibus
1012 1744 1266 1808 retractiones
1290 1720 1460 1812 eaedem?

246 1864 460 1927 Reiraetiones
491 1866 520 1926 in
553 1866 626 1927 locis
660 1866 818 1927 maritimis
851 1868 1072 1929 constantiores
1104 1879 1183 1944 snat,
1223 1872 1251 1931 in
1285 1875 1513 1937 mediterraneis

157 1954 308 2017 interdum
338 1973 414 2033 pene
439 1955 549 2029 nullae,
580 1954 727 2015 interdum
751 1956 953 2035 prodigiosae.
1000 1958 1077 2017 Nam
1109 1957 1137 2019 in
1169 1961 1242 2020 locis
1271 1964 1429 2025 maritimis
1461 1972 1514 2027 abr

159 2044 287 2105 candem
312 2044 525 2125 propemodum
549 2043 660 2104 retinet
683 2044 881 2119 altitudinem,
914 2065 1039 2125 eamque
1063 2048 1139 2108 satis
1171 2050 1359 2128 profundam,
1399 2060 1433 2113 ut
1455 2053 1515 2115 etsi

155 2133 228 2214 quid
252 2133 382 2195 accedat
404 2132 448 2194 illi
472 2133 500 2193 in
525 2133 701 2206 altitudine,
740 2133 769 2194 irl
803 2154 860 2194 non
890 2135 934 2195 ita
962 2134 1002 2195 sit
1030 2136 1181 2198 sensibile.
1228 2138 1262 2198 ln
1287 2141 1514 2202 mediterraneis

156 2241 230 2284 vero
263 2229 318 2285 aer
347 2221 486 2283 humilior
518 2232 574 2294 est,
614 2222 689 2282 adeo
719 2233 752 2283 nt
781 2223 809 2283 in
843 2223 1020 2303 quibasdam
1051 2225 1201 2286 montibus
1230 2246 1266 2287 ne
1295 2229 1363 2308 degi
1395 2231 1514 2310 quidem

246 2435 272 2503 ‘)
294 2437 338 2492 De
366 2437 573 2499 halonibus,
603 2453 715 2507 qnorum
744 2438 852 2506 parelio
880 2440 1015 2507 quaedam
1037 2445 1132 2507 partes
1154 2441 1316 2495 circulorum
1338 2453 1411 2508 sunt,
1433 2454 1465 2499 ut
1486 2453 1515 2498 et

157 2519 354 2590 paraselenae,
376 2518 427 2571 hoc
448 2535 558 2571 monere
579 2518 652 2571 rolui
675 2518 771 2570 lrarnm
787 2535 876 2572 rerum
898 2518 1046 2572 studiosas.
1079 2520 1168 2573 Primo
1190 2522 1320 2575 balanum
1336 2524 1409 2578 circa
1422 2525 1514 2579 Salem

156 2607 187 2654 et
207 2598 376 2669 pareliorum
397 2600 506 2652 eosdem
527 2615 588 2650 esse
609 2597 715 2651 colores
735 2597 780 2667 qui
802 2606 867 2651 sunt
881 2598 908 2651 in
931 2599 1052 2661 iridibus,
1075 2601 1246 2654 obscuriores
1269 2605 1411 2658 tamenab
1432 2606 1513 2659 clari·

155 2687 245 2734 tatem
266 2678 340 2732 Solis
362 2695 448 2748 prope
470 2678 603 2740 lucentis;
626 2686 655 2731 et
676 2685 773 2730 tennes
796 2680 939 2730 admodum
955 2679 981 2731 in
1003 2679 1151 2740 halonibus
1173 2682 1247 2735 eirca
1260 2684 1365 2737 Lunam
1382 2693 1412 2738 et
1431 2701 1513 2755 para·

155 2759 269 2814 selenis.
313 2760 389 2829 Ergo
411 2768 476 2811 sunt
497 2758 691 2812 refractionnm
712 2759 822 2811 soboles
844 2765 876 2811 ut
896 2766 926 2810 et
948 2758 1037 2812 irides.
1080 2760 1149 2813 Vide
1171 2762 1243 2815 inira
1263 2763 1331 2832 Cap.
1348 2765 1381 2818 V.
1403 2765 1513 2835 experi-

156 2846 255 2895 menta
274 2856 326 2909 per
346 2839 446 2909 globos
473 2855 576 2908 aquam
598 2847 628 2892 et
648 2838 721 2891 vitra
749 2839 901 2908 triangula.
944 2839 1050 2891 Deinde
1072 2841 1206 2894 diameter
1230 2842 1313 2905 iridis,
1336 2846 1515 2899 occumbente

156 2921 242 2984 Sole,
274 2935 384 2989 semper
414 2927 459 2972 est-
486 2921 621 2989 graduum
644 2918 696 2979 90,
726 2919 834 2971 hulonis
857 2914 917 2974 45⁰,
942 2935 1009 2989 crgo
1040 2921 1193 2990 quicunqne
1215 2939 1262 2984 es,
1295 2925 1339 2993 qui
1368 2925 1412 2978 nic
1441 2927 1516 2980 ultra

155 3000 339 3056 Aristotelem
360 3015 460 3068 sapere
481 2998 584 3068 aliquid
607 2998 693 3067 cupis,
715 2998 798 3067 liujus
820 2999 858 3052 rei
883 3015 995 3051 causam
1016 2999 1067 3053 tibi
1093 3003 1333 3057 denranstrandarn
1354 3022 1416 3058 esse
1437 3005 1515 3060 seito.

248 3080 343 3134 Tertio
365 3080 481 3133 halones
506 3087 656 3132 cernuntur
677 3078 705 3131 in
725 3079 843 3131 nubibus
873 3080 956 3147 plane
984 3080 1130 3146 proximis,
1154 3084 1224 3151 quod
1246 3102 1282 3137 ex
1309 3085 1392 3138 celeri
1420 3086 1516 3140 volatu

157 3167 249 3233 patet.
298 3161 337 3214 Et
367 3168 459 3213 tamen
487 3160 524 3213 ab
554 3159 678 3212 omnibus
709 3158 817 3212 omnino
846 3158 999 3212 haminibus
1022 3159 1048 3213 in
1077 3177 1236 3230 quocunque
1267 3165 1327 3216 loca
1358 3165 1516 3219 constitutis

156 3248 311 3296 cernuntur
331 3255 348 3293 a
369 3239 496 3293 luminari
524 3257 574 3292 ceu
596 3256 614 3292 a
635 3256 685 3292 sno
711 3247 806 3291 centro
832 3240 931 3291 abesse
953 3233 1049 3299 ‘22¹l,”.
1092 3241 1214 3302 Quilibet
1241 3242 1328 3313 igitur
1349 3245 1376 3298 in
1397 3246 1516 3299 nubibus

156 3331 216 3378 tam
236 3319 398 3396 propinquis
420 3319 559 3389 proprium
581 3318 709 3372 halonem
736 3318 810 3371 videt
831 3336 884 3371 non
906 3317 993 3370 nrinus
1015 3336 1096 3389 quam
1121 3320 1227 3383 iridem,
1251 3323 1316 3392 quia
1338 3325 1385 3377 alii
1406 3333 1517 3394 specta·

158 3402 212 3455 tori
234 3400 295 3454 alia
315 3391 402 3453 nibes
423 3399 496 3453 inter
511 3399 585 3451 sidus
600 3397 792 3467 interponitur.
821 3399 953 3467 Adeoque
975 3414 1059 3468 saepe
1075 3399 1139 3452 mihi
1154 3402 1250 3454 eodem
1265 3404 1324 3455 laco
1347 3403 1518 3471 permanenti

156 3481 225 3536 halo
247 3487 278 3534 et
297 3481 465 3550 paraselene
483 3477 543 3547 jam
565 3478 713 3547 apparuit,
738 3477 810 3530 nube
832 3478 911 3545 justo
933 3479 993 3531 loco
1022 3479 1204 3542 consistente,
1229 3480 1290 3547 jam
1311 3483 1425 3536 evanuit
1445 3485 1518 3536 nube

157 3564 291 3624 abeunte,
313 3577 476 3630 rursumque
498 3558 630 3629 apparuit
651 3559 815 3610 succedente
837 3559 909 3610 nube
932 3558 997 3610 alia.
1027 3558 1146 3611 Necesse
1168 3567 1212 3613 est
1232 3561 1327 3629 igitur,
1350 3562 1410 3614 loca
1431 3564 1518 3616 multo

158 3639 315 3696 sublimiori
335 3647 366 3692 et
390 3647 483 3693 tamen
505 3639 532 3691 in
558 3637 677 3691 materia
703 3637 824 3690 tiuitanti
845 3645 874 3690 et
900 3644 979 3690 certa
1004 3638 1148 3707 superficie
1179 3640 1329 3694 terminata
1357 3659 1519 3712 semperque

159 3721 287 3789 ejusdem
309 3719 457 3773 densitatis
479 3726 508 3771 et
530 3717 683 3771 altitudinis
705 3717 820 3788 refringi
842 3717 933 3771 radios
954 3718 1050 3771 sideris
1072 3718 1165 3787 itaque
1188 3720 1322 3773 refractus
1344 3718 1465 3776 demitti:
1488 3729 1520 3776 at

160 3819 217 3855 non
239 3800 336 3864 rideri,
359 3799 412 3853 nisi
433 3816 451 3853 a
472 3800 543 3851 nube
565 3797 705 3866 pellucido
726 3796 767 3850 ita
793 3796 971 3866 excipiantur
991 3814 1092 3866 supra,
1115 3805 1146 3851 nt
1167 3799 1203 3851 ab
1232 3799 1315 3863 inira,
1344 3818 1395 3871 per
1420 3818 1519 3872 corpus

159 3881 270 3935 scilicet
290 3878 446 3951 pellucidae
467 3878 556 3941 nubis,
579 3877 650 3930 haec
670 3877 780 3945 pict-ura
800 3885 946 3946 appareat.

253 3961 360 4023 Quarta
380 3958 491 4029 parelia
511 3966 540 4011 et
560 3956 744 4026 paraselenae
770 3956 921 4010 crebriores
940 3958 1007 4032 ‘iere
1029 3964 1093 4011 sunt
1121 3956 1187 4027 ipsis
1216 3957 1377 4023 halonibus,
1407 3960 1473 4031 quia
1493 3960 1521 4015 in

159 4042 266 4096 halone
288 4040 348 4094 iere
370 4054 478 4108 semper
498 4037 615 4107 parelia.
648 4038 685 4090 Et
704 4037 775 4089 haec
796 4036 903 4106 quaties
926 4048 1071 4109 apparent,
1094 4038 1205 4108 aequali
1226 4056 1286 4092 cum
1300 4040 1364 4094 Sole
1380 4042 1425 4093 rel
1440 4042 1521 4095 Luna

158 4137 273 4191 semper
292 4125 444 4174 cernuntur
464 4116 621 4171 altitudine.

251 4200 364 4264 Quinta.
384 4207 418 4253 ut-
437 4197 498 4252 iris
520 4204 674 4267 appareat,
698 4196 785 4248 locum
807 4196 852 4248 ubi
877 4210 1016 4265 apparere
1036 4203 1131 4266 potest
1152 4205 1181 4250 ct
1201 4197 1319 4251 materia
1339 4197 1471 4252 restitum
1491 4205 1522 4253 et

157 4282 319 4337 umbrosum
340 4295 402 4333 esse
423 4295 536 4332 necesse
557 4283 609 4330 est.
650 4276 805 4344 Propterea
826 4276 933 4345 quoties
955 4277 1028 4345 pluit
1053 4277 1235 4331 interlucente
1256 4277 1334 4340 Sole,
1362 4279 1435 4330 nube
1456 4293 1520 4347 pro·

157 4363 236 4418 xima
257 4375 344 4431 supra
364 4359 455 4413 Solem
477 4363 640 4427 apparente,
664 4354 770 4408 scilicet
791 4356 837 4408 ubi
858 4354 907 4408 rix
928 4358 1025 4410 umbra
1052 4356 1132 4410 nubis
1155 4357 1240 4426 abiit3
1270 4363 1335 4409 tunc
1357 4356 1443 4427 igitur
1463 4360 1520 4411 cla·

159 4441 287 4497 rissirnae
309 4446 460 4494 cernuntur
480 4436 572 4491 irides.
613 4437 690 4505 Ergo
711 4435 830 4489 materia
851 4450 955 4504 aquea,
983 4452 1053 4505 quae
1075 4437 1147 4490 inter
1172 4443 1358 4507 spectatorem
1379 4444 1409 4489 et
1428 4436 1520 4490 Solem

158 4531 216 4586 est,
238 4538 288 4576 seu
308 4520 406 4590 pluria
426 4518 462 4572 sit
483 4533 532 4570 seu
554 4515 693 4585 pellucido
714 4516 801 4569 nubes
823 4531 872 4567 seu
894 4516 998 4569 nebula
1018 4516 1085 4582 (ridi
1107 4516 1178 4570 enim
1203 4515 1285 4569 irides
1306 4522 1336 4569 et
1356 4516 1383 4569 in
1405 4512 1520 4582 nebula)

158 4603 235 4657 haec
255 4600 366 4671 inquam
387 4600 489 4653 format
509 4604 539 4649 et
558 4596 663 4667 figurat
690 4594 870 4649 retractiones
898 4595 1036 4649 radiorum
1057 4595 1145 4658 Solis;
1174 4612 1245 4665 quae
1270 4611 1335 4647 vero
1356 4603 1421 4664 post
1441 4611 1520 4665 spec-

161 4688 284 4737 tatorem
304 4687 357 4744 est,
379 4695 415 4732 ea
434 4676 541 4746 excipit
554 4676 604 4729 hos
624 4674 716 4729 radios
731 4675 802 4728 Solis
820 4675 964 4729 retractos.
993 4676 1087 4729 Nubes
1103 4692 1168 4729 vero
1189 4680 1352 4747 superstans
1374 4675 1522 4729 obumbrat

162 4763 254 4817 locun
275 4765 306 4814 et
326 4760 418 4814 radios
439 4756 511 4812 Solis
533 4755 651 4809 directas
672 4754 786 4819 avertit,
808 4760 840 4808 nt
860 4754 976 4809 colorati
1004 4754 1074 4808 radii
1099 4754 1172 4808 cerni
1193 4759 1306 4824 queant.
1348 4755 1446 4825 Itaque
1467 4769 1521 4807 non

162 4847 211 4896 cst
230 4855 334 4905 renen,
360 4839 452 4893 radios
479 4853 528 4890 seu
550 4835 622 4889 Solis
644 4852 693 4888 seu
714 4833 789 4887 naus
809 4836 948 4904 repercuti
969 4835 1013 4888 rel
1039 4834 1132 4904 frangi
1154 4833 1181 4889 in
1206 4834 1266 4904 ipso
1294 4834 1354 4886 loco
1376 4834 1471 4898 nubis,
1492 4833 1522 4887 in

163 4937 220 4993 me
239 4920 287 4976 aa
309 4924 438 4990 moeret
929 4993 934 5006 ,
1241 4992 1246 5004 ,

253 4998 352 5065 Sexto,
373 5014 425 5054 nec
445 4997 514 5052 illud
533 4995 769 5058 contemnendum,
791 5002 888 5047 centra
908 5009 984 5047 rmus
1010 4994 1119 5048 balonis
1140 5001 1170 5048 et
1190 4992 1262 5047 Solia
1282 4993 1329 5047 rel
1349 4993 1446 5047 Lunae
1466 5007 1522 5046 noa

162 5075 254 5136 mus
274 5077 304 5136 ia
323 5079 423 5152 men
442 5083 521 5133 recta
541 5091 603 5130 esre
624 5087 705 5146 quarn
718 5079 824 5128 aenas
843 5071 919 5126 risus
941 5071 1016 5126 iridis
1038 5080 1068 5127 et
1087 5071 1168 5128 Salis.
1460 5089 1464 5096 ·

1256 5157 1312 5214 w
