3692 5842
1428 458 1490 512 d·
1525 459 1670 512 robus
1709 459 1911 527 Optlelu.

311 629 450 694 Soli
497 636 628 696 tam
656 650 696 692 s
722 631 950 696 vertice
995 651 1176 714 quam
1202 634 1279 695 ab
1309 634 1426 696 ho-

313 720 549 782 rizonte
596 719 862 783 radianti
906 722 1311 784 transeundus
1339 732 1436 783 est

309 815 446 870 tam
494 828 740 872 crassus
783 816 921 886 aer,
985 828 1166 892 qnam
1210 812 1431 891 purior.

315 894 595 974 Stabunt,
635 897 819 977 igitur
865 917 1018 978 quae
1047 907 1259 963 contra
1304 900 1433 961 dic-

312 993 413 1048 tos
463 995 744 1050 auctores
788 988 1096 1068 disputavi
1129 988 1435 1051 nihilomi-

314 1095 452 1138 nus.
501 1074 759 1152 Deinde,
788 1084 860 1138 ut
886 1077 996 1141 tibi
1017 1078 1434 1157 respondeam,

316 1162 670 1225 incredibile
700 1172 815 1240 est,
852 1166 940 1227 sic
968 1185 1105 1228 esse
1133 1185 1264 1228 cum
1296 1172 1433 1229 sere

315 1250 756 1331 comparatum,
807 1262 878 1316 ut
921 1254 982 1318 iu
1009 1255 1305 1334 profundo
1353 1255 1437 1317 sit

315 1341 564 1404 densior
619 1349 685 1406 et
746 1351 954 1405 tamen
1020 1363 1159 1406 vere
1220 1362 1434 1424 corpus

317 1449 496 1494 nuum
565 1430 849 1510 optinum.
945 1427 1014 1494 Si
1063 1451 1176 1494 non
1235 1451 1430 1505 uuum,

317 1537 460 1599 ergo
531 1518 962 1599 superficiebus
1037 1520 1293 1583 divisum
1373 1529 1434 1583 et

317 1608 455 1670 ideo
503 1608 903 1672 retractiones
940 1610 1188 1674 multae.
1281 1610 1431 1671 Dico

318 1715 480 1776 ergo,
532 1696 735 1760 faeces
782 1697 942 1760 aeris
989 1699 1109 1760 ima
1154 1707 1434 1761 tenentes

316 1805 433 1848 non
497 1804 635 1848 esse
683 1786 758 1847 de
820 1805 1067 1868 corpore
1112 1787 1431 1868 pellucid0,

318 1874 425 1937 sed
462 1874 638 1955 opaci
678 1875 980 1939 rationem
1026 1877 1276 1952 habere,
1326 1894 1434 1955 per

320 1983 469 2045 quas
497 1961 607 2026 Sol
654 1983 776 2027 non
821 1973 889 2027 ut
933 1979 1042 2045 per
1088 1967 1304 2028 vitrum
1336 1966 1429 2027 lu-

319 2060 416 2116 cet
460 2053 573 2114 sed
619 2060 824 2132 utper
870 2055 1077 2116 telam.
1171 2053 1348 2115 Alias
1378 2054 1431 2116 si

321 2150 561 2218 essent,
612 2159 766 2222 quae
811 2141 909 2205 hic
938 2161 1112 2222 nego,
1152 2142 1269 2205 etsi
1314 2160 1428 2221 pu-

319 2229 437 2293 rior
482 2238 592 2294 ufir
636 2230 852 2311 ubique
881 2230 1153 2312 aequalis
1183 2231 1431 2311 profun-

321 2319 558 2396 ditatis,
637 2319 949 2384 fatendum
1023 2340 1170 2383 saue
1223 2328 1430 2404 esset,

320 2407 523 2471 radios
569 2409 631 2471 iu
677 2408 954 2471 densiore
1013 2428 1227 2473 curvos
1276 2427 1428 2471 esse.

319 2494 442 2560 Gur
486 2505 690 2560 sutem
733 2515 854 2559 non
899 2498 1170 2571 credam,
1227 2504 1428 2560 aerem

317 2584 472 2649 infra
535 2586 876 2649 densiorem
941 2595 1237 2668 quatenus
1301 2594 1426 2661 aer,

315 2694 498 2738 causa
544 2685 662 2752 est,
714 2675 855 2758 quia
892 2675 1178 2740 inferiora
1204 2676 1425 2750 calent,

315 2763 625 2843 superiora
685 2764 934 2844 frigent.
1007 2763 1167 2828 -Sed
1231 2764 1427 2827 acrius

309 2853 537 2916 instas:
585 2854 639 2916 si
670 2853 729 2916 in
761 2853 873 2917 tali
907 2873 1024 2916 uno
1053 2854 1252 2933 optino
1282 2873 1421 2915 cor-

309 2960 452 3022 pore
501 2942 883 3005 refractiouis
928 2943 1219 3015 mutatio,
1278 2961 1420 3022 ergo

311 3031 595 3094 refractio
643 3050 761 3094 non
798 3030 858 3093 in
888 3032 1242 3111 superficie?
1288 3031 1420 3093 Re·-

307 3120 607 3199 spondeo:
649 3120 908 3201 qualiter
938 3121 1062 3183 tale
1094 3140 1271 3183 unum
1302 3130 1416 3195 est,

307 3208 740 3289 quodammodo
770 3209 996 3272 multas
1042 3211 1204 3272 tales
1233 3210 1417 3271 etiam

305 3297 489 3360 habet
550 3299 922 3379 superficies,
1035 3293 1219 3361 Certe
1294 3298 1417 3360 tale

307 3405 523 3468 eorpus
567 3405 688 3450 nou
719 3387 1072 3468 simpliciter
1101 3395 1197 3449 est
1242 3406 1419 3449 unum

307 3477 590 3556 optinum.
680 3476 983 3556 Exempla
1054 3476 1231 3556 hujus
1306 3496 1416 3538 ex-

307 3566 601 3645 ceptionis
647 3566 862 3640 habeo,
914 3585 1048 3628 oum
1094 3565 1152 3627 in
1202 3565 1416 3627 solidi-

307 3661 431 3717 tate
480 3655 746 3717 occurrit
774 3656 968 3731 color,
1020 3654 1293 3735 quamvis
1322 3655 1416 3716 hic.

306 3762 394 3806 me
438 3743 610 3807 color
659 3743 835 3807 valde
884 3744 1222 3823 exercuerit
1268 3763 1413 3805 nec-

306 3832 439 3895 dum
506 3832 751 3896 omuino
821 3833 1115 3915 quiescat.
1211 3831 1414 3896 Etiam

303 3921 532 3984 semina
608 3921 781 4002 hujus
858 3921 1268 4004 responsionis
1334 3921 1413 3982 ibi

293 4009 438 4089 jeci,
502 4011 609 4073 ubi
665 4010 1002 4092 superficiei
1067 4029 1256 4073 causa
1307 4029 1412 4071 re-

301 4097 612 4165 fractionis
659 4100 922 4181 aliquam
973 4099 1150 4163 tribui
1200 4098 1411 4162 densi-

301 4195 484 4252 tatem
531 4193 702 4269 (esp.
733 4189 784 4251 1.
830 4208 1004 4269 prop.
1055 4185 1190 4263 13).
1283 4187 1416 4284 Sed

297 4278 464 4358 eupio
531 4278 676 4341 illas
738 4279 1182 4359 propositiones
1249 4297 1287 4338 a
1350 4286 1412 4338 te

297 4365 621 4448 diligenter
680 4367 1043 4443 examinari,
1142 4364 1409 4428 absurda

287 4457 589 4520 conscribi
613 4456 755 4531 &c.;
786 4476 923 4520 nam
942 4454 1405 4536 perplexissima

289 4559 383 4607 res
449 4555 552 4610 est
615 4554 681 4608 et
756 4545 1092 4627 speculatio
1165 4543 1402 4623 plurimi

291 4636 575 4719 temporis
611 4654 806 4716 neque
853 4643 1058 4698 tumen
1103 4632 1248 4695 mihi
1294 4652 1403 4693 sa-

289 4725 621 4790 tisfaoiens.
714 4724 951 4789 Probas
994 4721 1399 4805 perpendicu-

287 4811 488 4878 larem-
545 4811 783 4878 radium
853 4812 1134 4893 refringi,
1210 4830 1396 4892 argu-

286 4911 484 4968 mento
547 4901 708 4984 quod
776 4902 1053 4966 minimus
1125 4901 1397 4966 elevetur

286 4992 466 5058 etiam
507 5012 552 5056 a
575 4992 1019 5074 ,perpendiculo
1059 4990 1383 5072 inspectus,
