<?xml version="1.0" encoding="UTF-8"?>
<!DOCTYPE html PUBLIC "-//W3C//DTD XHTML 1.0 Transitional//EN"
    "http://www.w3.org/TR/xhtml1/DTD/xhtml1-transitional.dtd">
<html xmlns="http://www.w3.org/1999/xhtml" xml:lang="en" lang="en">
 <head>
  <title>
</title>
<meta http-equiv="Content-Type" content="text/html;charset=utf-8" />
  <meta name='ocr-system' content='tesseract 3.04.00' />
  <meta name='ocr-capabilities' content='ocr_page ocr_carea ocr_par ocr_line ocrx_word'/>
</head>
<body>
  <div class='ocr_page' id='page_1' title='image "./joanniskepleria01frisgoog/joanniskepleria01frisgoog_0151.png"; bbox 0 0 3692 5842; ppageno 0'>
   <div class='ocr_carea' id='block_1_1' title="bbox 799 462 1541 543">
    <p class='ocr_par' dir='ltr' id='par_1_1' title="bbox 799 462 1541 543">
     <span class='ocr_line' id='line_1_1' title="bbox 799 462 1541 543; baseline 0.004 -15"><span class='ocrx_word' id='word_1_1' title='bbox 799 475 882 543; x_wconf 79' lang='lat' dir='ltr'><strong>caput</strong></span> <span class='ocrx_word' id='word_1_2' title='bbox 898 474 919 528; x_wconf 93' lang='lat'><strong>1.</strong></span> <span class='ocrx_word' id='word_1_3' title='bbox 1475 462 1541 532; x_wconf 79' lang='grc'>137·</span> 
     </span>
    </p>
   </div>
   <div class='ocr_carea' id='block_1_2' title="bbox 172 645 1604 5007">
    <p class='ocr_par' dir='ltr' id='par_1_2' title="bbox 174 645 1604 1193">
     <span class='ocr_line' id='line_1_2' title="bbox 175 645 1538 735; baseline -0.006 -21"><span class='ocrx_word' id='word_1_4' title='bbox 175 652 313 735; x_wconf 80' lang='lat' dir='ltr'><strong>spargit,</strong></span> <span class='ocrx_word' id='word_1_5' title='bbox 348 653 477 717; x_wconf 89' lang='lat' dir='ltr'><strong>medium</strong></span> <span class='ocrx_word' id='word_1_6' title='bbox 500 655 622 734; x_wconf 89' lang='lat' dir='ltr'><strong>ponitur</strong></span> <span class='ocrx_word' id='word_1_7' title='bbox 643 673 711 717; x_wconf 89' lang='lat' dir='ltr'><strong>esse</strong></span> <span class='ocrx_word' id='word_1_8' title='bbox 736 655 867 717; x_wconf 78' lang='lat' dir='ltr'><strong>densius.</strong></span> <span class='ocrx_word' id='word_1_9' title='bbox 914 655 996 734; x_wconf 86' lang='lat' dir='ltr'><strong>Ergo</strong></span> <span class='ocrx_word' id='word_1_10' title='bbox 1020 650 1149 712; x_wconf 90' lang='lat' dir='ltr'><strong>medinm</strong></span> <span class='ocrx_word' id='word_1_11' title='bbox 1182 646 1320 726; x_wconf 87' lang='lat' dir='ltr'><strong>impedit,</strong></span> <span class='ocrx_word' id='word_1_12' title='bbox 1352 665 1409 725; x_wconf 88' lang='lat' dir='ltr'><strong>quo</strong></span> <span class='ocrx_word' id='word_1_13' title='bbox 1440 645 1538 707; x_wconf 81' lang='lat' dir='ltr'><strong>ruinas</strong></span> 
     </span>
     <span class='ocr_line' id='line_1_3' title="bbox 177 734 1537 824; baseline -0.008 -19"><span class='ocrx_word' id='word_1_14' title='bbox 177 744 231 805; x_wconf 85' lang='lat' dir='ltr'><strong>lux</strong></span> <span class='ocrx_word' id='word_1_15' title='bbox 254 749 429 823; x_wconf 73' lang='lat' dir='ltr'><strong>spargatur.</strong></span> <span class='ocrx_word' id='word_1_16' title='bbox 475 744 536 806; x_wconf 89' lang='lat' dir='ltr'><strong>Est</strong></span> <span class='ocrx_word' id='word_1_17' title='bbox 556 763 628 807; x_wconf 88' lang='lat' dir='ltr'><strong>vero</strong></span> <span class='ocrx_word' id='word_1_18' title='bbox 653 753 859 824; x_wconf 75' lang='lat' dir='ltr'><strong>argumentum</strong></span> <span class='ocrx_word' id='word_1_19' title='bbox 890 742 1057 823; x_wconf 78' lang='lat' dir='ltr'>sparsionis</span> <span class='ocrx_word' id='word_1_20' title='bbox 1081 738 1204 818; x_wconf 89' lang='lat' dir='ltr'><strong>obliqua</strong></span> <span class='ocrx_word' id='word_1_21' title='bbox 1227 734 1410 808; x_wconf 81' lang='lat' dir='ltr'><strong>incidentia3</strong></span> <span class='ocrx_word' id='word_1_22' title='bbox 1442 753 1537 814; x_wconf 89' lang='lat' dir='ltr'><strong>prop·</strong></span> 
     </span>
     <span class='ocr_line' id='line_1_4' title="bbox 175 823 1537 914; baseline -0.007 -20"><span class='ocrx_word' id='word_1_23' title='bbox 175 841 266 896; x_wconf 86' lang='lat' dir='ltr'><strong>terea</strong></span> <span class='ocrx_word' id='word_1_24' title='bbox 289 832 369 913; x_wconf 89' lang='lat' dir='ltr'><strong>quod</strong></span> <span class='ocrx_word' id='word_1_25' title='bbox 391 830 421 894; x_wconf 90' lang='lat' dir='ltr'><strong>in</strong></span> <span class='ocrx_word' id='word_1_26' title='bbox 445 851 534 914; x_wconf 90' lang='lat' dir='ltr'><strong>quam</strong></span> <span class='ocrx_word' id='word_1_27' title='bbox 558 834 744 914; x_wconf 83' lang='lat' dir='ltr'><strong>superficiem</strong></span> <span class='ocrx_word' id='word_1_28' title='bbox 770 835 819 895; x_wconf 76' lang='lat' dir='ltr'><strong>lux</strong></span> <span class='ocrx_word' id='word_1_29' title='bbox 844 832 962 911; x_wconf 87' lang='lat' dir='ltr'><strong>oblique</strong></span> <span class='ocrx_word' id='word_1_30' title='bbox 986 829 1101 900; x_wconf 85' lang='lat' dir='ltr'><strong>incidit,</strong></span> <span class='ocrx_word' id='word_1_31' title='bbox 1126 827 1154 888; x_wconf 91' lang='lat' dir='ltr'><strong>in</strong></span> <span class='ocrx_word' id='word_1_32' title='bbox 1180 825 1306 887; x_wconf 83' lang='lat' dir='ltr'><strong>eandem</strong></span> <span class='ocrx_word' id='word_1_33' title='bbox 1330 823 1537 886; x_wconf 85' lang='lat' dir='ltr'><strong>continuatam</strong></span> 
     </span>
     <span class='ocr_line' id='line_1_5' title="bbox 174 912 1604 1002; baseline -0.006 -20"><span class='ocrx_word' id='word_1_34' title='bbox 174 931 210 984; x_wconf 87' lang='lat' dir='ltr'><strong>et</strong></span> <span class='ocrx_word' id='word_1_35' title='bbox 231 931 317 985; x_wconf 85' lang='lat' dir='ltr'><strong>recte</strong></span> <span class='ocrx_word' id='word_1_36' title='bbox 339 919 453 997; x_wconf 87' lang='lat' dir='ltr'><strong>incidit,</strong></span> <span class='ocrx_word' id='word_1_37' title='bbox 480 941 551 1002; x_wconf 86' lang='lat' dir='ltr'><strong>ergo</strong></span> <span class='ocrx_word' id='word_1_38' title='bbox 575 923 653 985; x_wconf 88' lang='lat' dir='ltr'><strong>inter</strong></span> <span class='ocrx_word' id='word_1_39' title='bbox 676 931 792 985; x_wconf 89' lang='lat' dir='ltr'><strong>rectum</strong></span> <span class='ocrx_word' id='word_1_40' title='bbox 815 930 847 983; x_wconf 92' lang='lat' dir='ltr'><strong>et</strong></span> <span class='ocrx_word' id='word_1_41' title='bbox 870 921 1021 1001; x_wconf 92' lang='lat' dir='ltr'><strong>obliquum</strong></span> <span class='ocrx_word' id='word_1_42' title='bbox 1052 917 1153 979; x_wconf 85' lang='lat' dir='ltr'><strong>radios</strong></span> <span class='ocrx_word' id='word_1_43' title='bbox 1184 913 1311 992; x_wconf 87' lang='lat' dir='ltr'><strong>angulus</strong></span> <span class='ocrx_word' id='word_1_44' title='bbox 1335 912 1535 991; x_wconf 78' lang='lat' dir='ltr'><strong>interjicitur3</strong></span> <span class='ocrx_word' id='word_1_45' title='bbox 1600 931 1604 940; x_wconf 73' lang='grc'><em>’</em></span> 
     </span>
     <span class='ocr_line' id='line_1_6' title="bbox 174 1002 1537 1091; baseline -0.007 -19"><span class='ocrx_word' id='word_1_46' title='bbox 174 1011 290 1090; x_wconf 89' lang='lat' dir='ltr'><strong>angulo</strong></span> <span class='ocrx_word' id='word_1_47' title='bbox 313 1029 386 1072; x_wconf 85' lang='lat' dir='ltr'><strong>vern</strong></span> <span class='ocrx_word' id='word_1_48' title='bbox 410 1010 487 1090; x_wconf 71' lang='lat' dir='ltr'><strong>rpdii</strong></span> <span class='ocrx_word' id='word_1_49' title='bbox 511 1020 703 1091; x_wconf 87' lang='lat' dir='ltr'><strong>sparguntur.</strong></span> <span class='ocrx_word' id='word_1_50' title='bbox 751 1011 800 1074; x_wconf 90' lang='lat' dir='ltr'><strong>Sit</strong></span> <span class='ocrx_word' id='word_1_51' title='bbox 828 1011 929 1072; x_wconf 89' lang='lat' dir='ltr'><strong>radius</strong></span> <span class='ocrx_word' id='word_1_52' title='bbox 961 1010 1097 1089; x_wconf 88' lang='lat' dir='ltr'><strong>obliquus</strong></span> <span class='ocrx_word' id='word_1_53' title='bbox 1121 1006 1178 1068; x_wconf 94' lang='lat' dir='ltr'><strong>AB</strong></span> <span class='ocrx_word' id='word_1_54' title='bbox 1205 1002 1339 1065; x_wconf 89' lang='lat' dir='ltr'><strong>incidens</strong></span> <span class='ocrx_word' id='word_1_55' title='bbox 1370 1002 1399 1063; x_wconf 91' lang='lat' dir='ltr'><strong>in</strong></span> <span class='ocrx_word' id='word_1_56' title='bbox 1428 1021 1537 1082; x_wconf 89' lang='lat' dir='ltr'><strong>super·</strong></span> 
     </span>
     <span class='ocr_line' id='line_1_7' title="bbox 174 1097 1357 1193; baseline 0 -33"><span class='ocrx_word' id='word_1_57' title='bbox 174 1097 275 1161; x_wconf 84' lang='lat' dir='ltr'><strong>tisiam</strong></span> <span class='ocrx_word' id='word_1_58' title='bbox 299 1099 331 1161; x_wconf 89' lang='lat' dir='ltr'><strong>iu</strong></span> <span class='ocrx_word' id='word_1_59' title='bbox 353 1105 463 1179; x_wconf 88' lang='lat' dir='ltr'><strong>puncto</strong></span> <span class='ocrx_word' id='word_1_60' title='bbox 487 1099 528 1175; x_wconf 91' lang='lat' dir='ltr'><strong>B,</strong></span> <span class='ocrx_word' id='word_1_61' title='bbox 557 1110 665 1179; x_wconf 87' lang='lat' dir='ltr'><strong>agatur</strong></span> <span class='ocrx_word' id='word_1_62' title='bbox 689 1109 818 1179; x_wconf 87' lang='lat' dir='ltr'><strong>tangens</strong></span> <span class='ocrx_word' id='word_1_63' title='bbox 841 1101 924 1161; x_wconf 88' lang='lat' dir='ltr'><strong>illam</strong></span> <span class='ocrx_word' id='word_1_64' title='bbox 950 1119 1057 1179; x_wconf 90' lang='lat' dir='ltr'><strong>super·</strong></span> <span class='ocrx_word' id='word_1_65' title='bbox 1237 1128 1290 1193; x_wconf 49' lang='lat' dir='ltr'><strong>pig.</strong></span> <span class='ocrx_word' id='word_1_66' title='bbox 1315 1123 1357 1174; x_wconf 65' lang='lat'><strong>40,</strong></span> 
     </span>
    </p>

    <p class='ocr_par' dir='ltr' id='par_1_3' title="bbox 172 1185 1539 3297">
     <span class='ocr_line' id='line_1_8' title="bbox 174 1185 1057 1268; baseline 0.001 -20"><span class='ocrx_word' id='word_1_67' title='bbox 174 1186 295 1256; x_wconf 85' lang='lat' dir='ltr'><strong>ficiem,</strong></span> <span class='ocrx_word' id='word_1_68' title='bbox 330 1206 405 1268; x_wconf 87' lang='lat' dir='ltr'><strong>quae</strong></span> <span class='ocrx_word' id='word_1_69' title='bbox 431 1187 473 1250; x_wconf 87' lang='lat' dir='ltr'><strong>sit</strong></span> <span class='ocrx_word' id='word_1_70' title='bbox 492 1185 547 1251; x_wconf 82' lang='lat' dir='ltr'><strong>BG</strong></span> <span class='ocrx_word' id='word_1_71' title='bbox 572 1198 604 1252; x_wconf 87' lang='lat' dir='ltr'><strong>et</strong></span> <span class='ocrx_word' id='word_1_72' title='bbox 626 1190 665 1251; x_wconf 89' lang='lat' dir='ltr'><strong>ab</strong></span> <span class='ocrx_word' id='word_1_73' title='bbox 684 1190 714 1251; x_wconf 89' lang='lat' dir='ltr'>A</span> <span class='ocrx_word' id='word_1_74' title='bbox 738 1190 904 1252; x_wconf 78' lang='lat' dir='ltr'><strong>descendat</strong></span> <span class='ocrx_word' id='word_1_75' title='bbox 927 1208 1057 1268; x_wconf 89' lang='lat' dir='ltr'><strong>perpen-</strong></span> 
     </span>
     <span class='ocr_line' id='line_1_9' title="bbox 175 1274 1058 1359; baseline 0.003 -22"><span class='ocrx_word' id='word_1_76' title='bbox 175 1275 325 1339; x_wconf 89' lang='lat' dir='ltr'><strong>dicularis</strong></span> <span class='ocrx_word' id='word_1_77' title='bbox 345 1274 414 1339; x_wconf 77' lang='lat' dir='ltr'><strong>Ac.</strong></span> <span class='ocrx_word' id='word_1_78' title='bbox 462 1277 518 1339; x_wconf 81' lang='lat' dir='ltr'><strong>llic</strong></span> <span class='ocrx_word' id='word_1_79' title='bbox 542 1297 614 1359; x_wconf 88' lang='lat' dir='ltr'><strong>ergo</strong></span> <span class='ocrx_word' id='word_1_80' title='bbox 638 1279 689 1341; x_wconf 84' lang='lat' dir='ltr'><strong>lux</strong></span> <span class='ocrx_word' id='word_1_81' title='bbox 718 1299 755 1340; x_wconf 80' lang='lat' dir='ltr'><strong>ex</strong></span> <span class='ocrx_word' id='word_1_82' title='bbox 779 1280 808 1341; x_wconf 87' lang='lat' dir='ltr'>A</span> <span class='ocrx_word' id='word_1_83' title='bbox 839 1279 949 1357; x_wconf 83' lang='lat' dir='ltr'><strong>angulo</strong></span> <span class='ocrx_word' id='word_1_84' title='bbox 973 1276 1058 1340; x_wconf 87' lang='lat' dir='ltr'><strong>BAC</strong></span> 
     </span>
     <span class='ocr_line' id='line_1_10' title="bbox 174 1365 1059 1447; baseline 0.002 -21"><span class='ocrx_word' id='word_1_85' title='bbox 174 1365 335 1446; x_wconf 76' lang='lat' dir='ltr'><strong>spargitur</strong></span> <span class='ocrx_word' id='word_1_86' title='bbox 371 1366 410 1427; x_wconf 88' lang='lat' dir='ltr'><strong>ad</strong></span> <span class='ocrx_word' id='word_1_87' title='bbox 450 1386 539 1429; x_wconf 90' lang='lat' dir='ltr'><strong>nuum</strong></span> <span class='ocrx_word' id='word_1_88' title='bbox 577 1368 677 1442; x_wconf 88' lang='lat' dir='ltr'><strong>latus,</strong></span> <span class='ocrx_word' id='word_1_89' title='bbox 720 1376 752 1429; x_wconf 93' lang='lat' dir='ltr'><strong>et</strong></span> <span class='ocrx_word' id='word_1_90' title='bbox 795 1377 937 1447; x_wconf 87' lang='lat' dir='ltr'><strong>quantum</strong></span> <span class='ocrx_word' id='word_1_91' title='bbox 985 1367 1059 1429; x_wconf 90' lang='lat' dir='ltr'><strong>lueis</strong></span> 
     </span>
     <span class='ocr_line' id='line_1_11' title="bbox 174 1453 1058 1536; baseline 0 -19"><span class='ocrx_word' id='word_1_92' title='bbox 174 1455 259 1517; x_wconf 85' lang='lat' dir='ltr'><strong>intra</strong></span> <span class='ocrx_word' id='word_1_93' title='bbox 284 1453 370 1517; x_wconf 89' lang='lat' dir='ltr'><strong>BAC</strong></span> <span class='ocrx_word' id='word_1_94' title='bbox 395 1455 535 1534; x_wconf 88' lang='lat' dir='ltr'><strong>angulum</strong></span> <span class='ocrx_word' id='word_1_95' title='bbox 558 1457 615 1518; x_wconf 84' lang='lat' dir='ltr'><strong>fuit</strong></span> <span class='ocrx_word' id='word_1_96' title='bbox 637 1457 666 1519; x_wconf 93' lang='lat' dir='ltr'><strong>iu</strong></span> <span class='ocrx_word' id='word_1_97' title='bbox 690 1458 827 1536; x_wconf 83' lang='lat' dir='ltr'><strong>partibus</strong></span> <span class='ocrx_word' id='word_1_98' title='bbox 851 1457 909 1536; x_wconf 87' lang='lat' dir='ltr'><strong>ipsi</strong></span> <span class='ocrx_word' id='word_1_99' title='bbox 934 1456 963 1517; x_wconf 92' lang='lat' dir='ltr'>A</span> <span class='ocrx_word' id='word_1_100' title='bbox 987 1475 1058 1534; x_wconf 91' lang='lat' dir='ltr'><strong>pro-</strong></span> 
     </span>
     <span class='ocr_line' id='line_1_12' title="bbox 173 1541 1059 1623; baseline 0.001 -18"><span class='ocrx_word' id='word_1_101' title='bbox 173 1541 330 1623; x_wconf 88' lang='lat' dir='ltr'><strong>pioribus,</strong></span> <span class='ocrx_word' id='word_1_102' title='bbox 365 1545 543 1607; x_wconf 80' lang='lat' dir='ltr'><strong>tantundem</strong></span> <span class='ocrx_word' id='word_1_103' title='bbox 577 1555 625 1608; x_wconf 88' lang='lat' dir='ltr'><strong>est</strong></span> <span class='ocrx_word' id='word_1_104' title='bbox 652 1557 683 1608; x_wconf 90' lang='lat' dir='ltr'><strong>et</strong></span> <span class='ocrx_word' id='word_1_105' title='bbox 706 1546 735 1606; x_wconf 90' lang='lat' dir='ltr'><strong>in</strong></span> <span class='ocrx_word' id='word_1_106' title='bbox 759 1544 812 1607; x_wconf 88' lang='lat' dir='ltr'><strong>BG</strong></span> <span class='ocrx_word' id='word_1_107' title='bbox 837 1547 927 1607; x_wconf 87' lang='lat' dir='ltr'><strong>linea.</strong></span> <span class='ocrx_word' id='word_1_108' title='bbox 976 1544 1059 1607; x_wconf 88' lang='lat' dir='ltr'><strong>Con-</strong></span> 
     </span>
     <span class='ocr_line' id='line_1_13' title="bbox 172 1631 1060 1714; baseline 0.001 -21"><span class='ocrx_word' id='word_1_109' title='bbox 172 1632 317 1694; x_wconf 82' lang='lat' dir='ltr'><strong>tinuatas</strong></span> <span class='ocrx_word' id='word_1_110' title='bbox 341 1631 398 1694; x_wconf 88' lang='lat' dir='ltr'><strong>AB</strong></span> <span class='ocrx_word' id='word_1_111' title='bbox 422 1632 451 1694; x_wconf 92' lang='lat' dir='ltr'><strong>in</strong></span> <span class='ocrx_word' id='word_1_112' title='bbox 466 1632 508 1709; x_wconf 93' lang='lat' dir='ltr'><strong>D,</strong></span> <span class='ocrx_word' id='word_1_113' title='bbox 530 1633 588 1696; x_wconf 86' lang='lat' dir='ltr'><strong>AC</strong></span> <span class='ocrx_word' id='word_1_114' title='bbox 608 1636 636 1697; x_wconf 94' lang='lat' dir='ltr'><strong>in</strong></span> <span class='ocrx_word' id='word_1_115' title='bbox 651 1635 688 1703; x_wconf 87' lang='grc' dir='ltr'><strong>Ε,</strong></span> <span class='ocrx_word' id='word_1_116' title='bbox 714 1643 747 1697; x_wconf 91' lang='lat' dir='ltr'><strong>ut</strong></span> <span class='ocrx_word' id='word_1_117' title='bbox 761 1634 816 1696; x_wconf 91' lang='grc' dir='ltr'><strong>Ι)Ε</strong></span> <span class='ocrx_word' id='word_1_118' title='bbox 838 1634 877 1695; x_wconf 92' lang='lat' dir='ltr'><strong>sit</strong></span> <span class='ocrx_word' id='word_1_119' title='bbox 897 1634 1060 1714; x_wconf 84' lang='lat' dir='ltr'><strong>parallelos</strong></span> 
     </span>
     <span class='ocr_line' id='line_1_14' title="bbox 175 1717 1059 1803; baseline 0.002 -21"><span class='ocrx_word' id='word_1_120' title='bbox 175 1722 218 1782; x_wconf 90' lang='lat' dir='ltr'><strong>ad</strong></span> <span class='ocrx_word' id='word_1_121' title='bbox 232 1717 299 1795; x_wconf 84' lang='lat' dir='ltr'><strong>BC,</strong></span> <span class='ocrx_word' id='word_1_122' title='bbox 326 1720 352 1782; x_wconf 92' lang='lat' dir='ltr'><strong>si</strong></span> <span class='ocrx_word' id='word_1_123' title='bbox 371 1721 400 1783; x_wconf 91' lang='lat' dir='ltr'><strong>in</strong></span> <span class='ocrx_word' id='word_1_124' title='bbox 413 1719 468 1782; x_wconf 86' lang='lat' dir='ltr'><strong>BC</strong></span> <span class='ocrx_word' id='word_1_125' title='bbox 488 1742 544 1784; x_wconf 93' lang='lat' dir='ltr'><strong>non</strong></span> <span class='ocrx_word' id='word_1_126' title='bbox 570 1732 709 1787; x_wconf 86' lang='lat' dir='ltr'><strong>occurrat</strong></span> <span class='ocrx_word' id='word_1_127' title='bbox 731 1724 904 1803; x_wconf 88' lang='lat' dir='ltr'><strong>superficies</strong></span> <span class='ocrx_word' id='word_1_128' title='bbox 929 1724 1059 1795; x_wconf 80' lang='lat' dir='ltr'><strong>densior,</strong></span> 
     </span>
     <span class='ocr_line' id='line_1_15' title="bbox 174 1810 1059 1894; baseline 0.003 -23"><span class='ocrx_word' id='word_1_129' title='bbox 174 1816 344 1891; x_wconf 80' lang='lat' dir='ltr'><strong>spargetur</strong></span> <span class='ocrx_word' id='word_1_130' title='bbox 372 1810 423 1870; x_wconf 83' lang='lat' dir='ltr'><strong>lux</strong></span> <span class='ocrx_word' id='word_1_131' title='bbox 456 1812 584 1890; x_wconf 91' lang='lat' dir='ltr'><strong>amplius</strong></span> <span class='ocrx_word' id='word_1_132' title='bbox 618 1815 732 1894; x_wconf 90' lang='lat' dir='ltr'><strong>eritque</strong></span> <span class='ocrx_word' id='word_1_133' title='bbox 756 1814 822 1892; x_wconf 91' lang='lat' dir='ltr'><strong>jam</strong></span> <span class='ocrx_word' id='word_1_134' title='bbox 846 1832 963 1874; x_wconf 89' lang='lat' dir='ltr'><strong>rursum</strong></span> <span class='ocrx_word' id='word_1_135' title='bbox 987 1822 1059 1874; x_wconf 91' lang='lat' dir='ltr'><strong>tan-</strong></span> 
     </span>
     <span class='ocr_line' id='line_1_16' title="bbox 175 1897 1074 1981; baseline 0.002 -21"><span class='ocrx_word' id='word_1_136' title='bbox 175 1898 306 1964; x_wconf 87' lang='lat' dir='ltr'><strong>tundem</strong></span> <span class='ocrx_word' id='word_1_137' title='bbox 331 1897 406 1961; x_wconf 89' lang='lat' dir='ltr'><strong>lucis</strong></span> <span class='ocrx_word' id='word_1_138' title='bbox 430 1898 459 1960; x_wconf 92' lang='lat' dir='ltr'><strong>iu</strong></span> <span class='ocrx_word' id='word_1_139' title='bbox 483 1900 539 1962; x_wconf 87' lang='lat' dir='ltr'><strong>DE</strong></span> <span class='ocrx_word' id='word_1_140' title='bbox 563 1911 707 1981; x_wconf 87' lang='lat' dir='ltr'><strong>qnantum</strong></span> <span class='ocrx_word' id='word_1_141' title='bbox 733 1902 791 1963; x_wconf 88' lang='lat' dir='ltr'><strong>fuit</strong></span> <span class='ocrx_word' id='word_1_142' title='bbox 814 1902 844 1963; x_wconf 89' lang='lat' dir='ltr'><strong>in</strong></span> <span class='ocrx_word' id='word_1_143' title='bbox 868 1900 933 1964; x_wconf 85' lang='lat' dir='ltr'><strong>BC.</strong></span> <span class='ocrx_word' id='word_1_144' title='bbox 966 1902 1010 1964; x_wconf 91' lang='lat' dir='ltr'><strong>At</strong></span> <span class='ocrx_word' id='word_1_145' title='bbox 1034 1902 1074 1962; x_wconf 93' lang='lat' dir='ltr'><strong>si.</strong></span> 
     </span>
     <span class='ocr_line' id='line_1_17' title="bbox 174 1985 1059 2067; baseline 0.005 -19"><span class='ocrx_word' id='word_1_146' title='bbox 174 1986 353 2067; x_wconf 84' lang='lat' dir='ltr'><strong>superficies</strong></span> <span class='ocrx_word' id='word_1_147' title='bbox 376 1985 430 2050; x_wconf 90' lang='lat' dir='ltr'><strong>BC</strong></span> <span class='ocrx_word' id='word_1_148' title='bbox 463 1988 502 2050; x_wconf 91' lang='lat' dir='ltr'><strong>sit</strong></span> <span class='ocrx_word' id='word_1_149' title='bbox 536 1990 684 2053; x_wconf 79' lang='lat' dir='ltr'><strong>densioris</strong></span> <span class='ocrx_word' id='word_1_150' title='bbox 715 1992 823 2062; x_wconf 88' lang='lat' dir='ltr'><strong>medii,</strong></span> <span class='ocrx_word' id='word_1_151' title='bbox 859 1992 948 2052; x_wconf 86' lang='lat' dir='ltr'><strong>sistet</strong></span> <span class='ocrx_word' id='word_1_152' title='bbox 983 1992 1059 2052; x_wconf 89' lang='lat' dir='ltr'><strong>haue</strong></span> 
     </span>
     <span class='ocr_line' id='line_1_18' title="bbox 174 2074 1062 2160; baseline 0.003 -22"><span class='ocrx_word' id='word_1_153' title='bbox 174 2076 401 2155; x_wconf 85' lang='lat' dir='ltr'><strong>dispersionem</strong></span> <span class='ocrx_word' id='word_1_154' title='bbox 432 2095 488 2156; x_wconf 89' lang='lat' dir='ltr'><strong>per</strong></span> <span class='ocrx_word' id='word_1_155' title='bbox 513 2074 565 2143; x_wconf 81' lang='grc'><strong>14.</strong></span> <span class='ocrx_word' id='word_1_156' title='bbox 598 2081 686 2160; x_wconf 91' lang='lat' dir='ltr'><strong>idque</strong></span> <span class='ocrx_word' id='word_1_157' title='bbox 711 2081 873 2142; x_wconf 85' lang='lat' dir='ltr'><strong>secundum</strong></span> <span class='ocrx_word' id='word_1_158' title='bbox 907 2081 1005 2159; x_wconf 87' lang='lat' dir='ltr'><strong>magis</strong></span> <span class='ocrx_word' id='word_1_159' title='bbox 1030 2088 1062 2141; x_wconf 89' lang='lat' dir='ltr'><strong>et</strong></span> 
     </span>
     <span class='ocr_line' id='line_1_19' title="bbox 174 2164 1059 2248; baseline 0.003 -21"><span class='ocrx_word' id='word_1_160' title='bbox 174 2164 287 2227; x_wconf 90' lang='lat' dir='ltr'><strong>minus.</strong></span> <span class='ocrx_word' id='word_1_161' title='bbox 334 2165 402 2227; x_wconf 82' lang='lat' dir='ltr'><strong>Lux</strong></span> <span class='ocrx_word' id='word_1_162' title='bbox 431 2185 502 2229; x_wconf 90' lang='lat' dir='ltr'><strong>vero</strong></span> <span class='ocrx_word' id='word_1_163' title='bbox 525 2168 579 2231; x_wconf 86' lang='lat' dir='ltr'><strong>BC</strong></span> <span class='ocrx_word' id='word_1_164' title='bbox 608 2169 633 2231; x_wconf 93' lang='lat' dir='ltr'><strong>si</strong></span> <span class='ocrx_word' id='word_1_165' title='bbox 663 2170 727 2231; x_wconf 90' lang='lat' dir='ltr'><strong>sine</strong></span> <span class='ocrx_word' id='word_1_166' title='bbox 757 2169 942 2248; x_wconf 83' lang='lat' dir='ltr'><strong>dispersione</strong></span> <span class='ocrx_word' id='word_1_167' title='bbox 971 2188 1059 2248; x_wconf 90' lang='lat' dir='ltr'><strong>porro</strong></span> 
     </span>
     <span class='ocr_line' id='line_1_20' title="bbox 176 2254 1539 2338; baseline 0 -22"><span class='ocrx_word' id='word_1_168' title='bbox 176 2261 354 2328; x_wconf 82' lang='lat' dir='ltr'><strong>rnoreatur,</strong></span> <span class='ocrx_word' id='word_1_169' title='bbox 389 2256 540 2334; x_wconf 86' lang='lat' dir='ltr'><strong>oportebit</strong></span> <span class='ocrx_word' id='word_1_170' title='bbox 566 2259 649 2320; x_wconf 88' lang='lat' dir='ltr'><strong>illam</strong></span> <span class='ocrx_word' id='word_1_171' title='bbox 673 2258 701 2319; x_wconf 94' lang='lat' dir='ltr'><strong>in</strong></span> <span class='ocrx_word' id='word_1_172' title='bbox 726 2259 782 2319; x_wconf 87' lang='lat' dir='ltr'><strong>DE</strong></span> <span class='ocrx_word' id='word_1_173' title='bbox 806 2258 962 2338; x_wconf 87' lang='lat' dir='ltr'><strong>superficie</strong></span> <span class='ocrx_word' id='word_1_174' title='bbox 997 2258 1174 2318; x_wconf 88' lang='lat' dir='ltr'><strong>tantundem</strong></span> <span class='ocrx_word' id='word_1_175' title='bbox 1208 2273 1353 2335; x_wconf 87' lang='lat' dir='ltr'><strong>occupare</strong></span> <span class='ocrx_word' id='word_1_176' title='bbox 1387 2254 1479 2334; x_wconf 88' lang='lat' dir='ltr'><strong>spatii</strong></span> <span class='ocrx_word' id='word_1_177' title='bbox 1503 2271 1539 2316; x_wconf 87' lang='lat' dir='ltr'><strong>ao</strong></span> 
     </span>
     <span class='ocr_line' id='line_1_21' title="bbox 175 2340 1537 2427; baseline 0 -22"><span class='ocrx_word' id='word_1_178' title='bbox 175 2344 210 2405; x_wconf 94' lang='lat' dir='ltr'><strong>in</strong></span> <span class='ocrx_word' id='word_1_179' title='bbox 233 2340 300 2418; x_wconf 87' lang='lat' dir='ltr'><strong>BC,</strong></span> <span class='ocrx_word' id='word_1_180' title='bbox 326 2362 418 2423; x_wconf 88' lang='lat' dir='ltr'><strong>quare</strong></span> <span class='ocrx_word' id='word_1_181' title='bbox 443 2364 479 2406; x_wconf 83' lang='lat' dir='ltr'><strong>ex</strong></span> <span class='ocrx_word' id='word_1_182' title='bbox 503 2345 559 2408; x_wconf 86' lang='lat' dir='ltr'><strong>DE</strong></span> <span class='ocrx_word' id='word_1_183' title='bbox 582 2347 713 2410; x_wconf 89' lang='lat' dir='ltr'><strong>resecari</strong></span> <span class='ocrx_word' id='word_1_184' title='bbox 737 2348 868 2427; x_wconf 86' lang='lat' dir='ltr'><strong>aliquam</strong></span> <span class='ocrx_word' id='word_1_185' title='bbox 893 2347 1049 2426; x_wconf 87' lang='lat' dir='ltr'><strong>aequalem</strong></span> <span class='ocrx_word' id='word_1_186' title='bbox 1072 2345 1137 2417; x_wconf 81' lang='lat' dir='ltr'><strong>Bc,</strong></span> <span class='ocrx_word' id='word_1_187' title='bbox 1162 2346 1215 2407; x_wconf 90' lang='lat' dir='ltr'><strong>illa</strong></span> <span class='ocrx_word' id='word_1_188' title='bbox 1238 2344 1279 2406; x_wconf 88' lang='lat' dir='ltr'><strong>sit</strong></span> <span class='ocrx_word' id='word_1_189' title='bbox 1301 2343 1362 2405; x_wconf 86' lang='lat' dir='ltr'><strong>FE.</strong></span> <span class='ocrx_word' id='word_1_190' title='bbox 1404 2344 1483 2405; x_wconf 84' lang='lat' dir='ltr'><strong>Nam</strong></span> <span class='ocrx_word' id='word_1_191' title='bbox 1508 2344 1537 2405; x_wconf 91' lang='lat' dir='ltr'><strong>in</strong></span> 
     </span>
     <span class='ocr_line' id='line_1_22' title="bbox 177 2428 1536 2516; baseline 0 -23"><span class='ocrx_word' id='word_1_192' title='bbox 177 2428 268 2493; x_wconf 85' lang='lat' dir='ltr'><strong>ACE</strong></span> <span class='ocrx_word' id='word_1_193' title='bbox 291 2440 341 2492; x_wconf 87' lang='lat' dir='ltr'><strong>est</strong></span> <span class='ocrx_word' id='word_1_194' title='bbox 364 2434 509 2496; x_wconf 86' lang='lat' dir='ltr'><strong>terminus</strong></span> <span class='ocrx_word' id='word_1_195' title='bbox 534 2436 630 2497; x_wconf 89' lang='lat' dir='ltr'><strong>omnis</strong></span> <span class='ocrx_word' id='word_1_196' title='bbox 655 2436 850 2516; x_wconf 87' lang='lat' dir='ltr'><strong>dispersionis</strong></span> <span class='ocrx_word' id='word_1_197' title='bbox 875 2436 959 2506; x_wconf 89' lang='lat' dir='ltr'><strong>lucis,</strong></span> <span class='ocrx_word' id='word_1_198' title='bbox 984 2436 1054 2514; x_wconf 87' lang='lat' dir='ltr'><strong>quia</strong></span> <span class='ocrx_word' id='word_1_199' title='bbox 1078 2433 1134 2497; x_wconf 85' lang='lat' dir='ltr'><strong>AC</strong></span> <span class='ocrx_word' id='word_1_200' title='bbox 1159 2434 1260 2496; x_wconf 88' lang='lat' dir='ltr'><strong>radius</strong></span> <span class='ocrx_word' id='word_1_201' title='bbox 1284 2434 1313 2494; x_wconf 94' lang='lat' dir='ltr'><strong>in</strong></span> <span class='ocrx_word' id='word_1_202' title='bbox 1340 2431 1392 2494; x_wconf 85' lang='lat' dir='ltr'><strong>CB</strong></span> <span class='ocrx_word' id='word_1_203' title='bbox 1418 2440 1536 2505; x_wconf 89' lang='lat' dir='ltr'><strong>rectus;</strong></span> 
     </span>
     <span class='ocr_line' id='line_1_23' title="bbox 175 2518 1536 2601; baseline -0.001 -18"><span class='ocrx_word' id='word_1_204' title='bbox 175 2539 273 2600; x_wconf 89' lang='lat' dir='ltr'><strong>quare</strong></span> <span class='ocrx_word' id='word_1_205' title='bbox 296 2518 323 2580; x_wconf 92' lang='lat' dir='ltr'>E</span> <span class='ocrx_word' id='word_1_206' title='bbox 347 2522 510 2584; x_wconf 85' lang='lat' dir='ltr'><strong>eommunis</strong></span> <span class='ocrx_word' id='word_1_207' title='bbox 534 2526 680 2587; x_wconf 90' lang='lat' dir='ltr'><strong>terminus</strong></span> <span class='ocrx_word' id='word_1_208' title='bbox 705 2526 800 2586; x_wconf 92' lang='lat' dir='ltr'><strong>lineae</strong></span> <span class='ocrx_word' id='word_1_209' title='bbox 824 2525 877 2585; x_wconf 90' lang='lat' dir='ltr'><strong>EF</strong></span> <span class='ocrx_word' id='word_1_210' title='bbox 901 2534 932 2584; x_wconf 92' lang='lat' dir='ltr'><strong>et</strong></span> <span class='ocrx_word' id='word_1_211' title='bbox 956 2524 1012 2585; x_wconf 88' lang='grc' dir='ltr'><strong>ΕΙ)</strong></span> <span class='ocrx_word' id='word_1_212' title='bbox 1037 2524 1102 2585; x_wconf 91' lang='lat' dir='ltr'><strong>erit.</strong></span> <span class='ocrx_word' id='word_1_213' title='bbox 1149 2524 1218 2585; x_wconf 88' lang='lat' dir='ltr'><strong>Erit</strong></span> <span class='ocrx_word' id='word_1_214' title='bbox 1241 2523 1333 2600; x_wconf 89' lang='lat' dir='ltr'><strong>igitur</strong></span> <span class='ocrx_word' id='word_1_215' title='bbox 1357 2522 1408 2582; x_wconf 88' lang='lat' dir='ltr'><strong>BF</strong></span> <span class='ocrx_word' id='word_1_216' title='bbox 1431 2522 1536 2601; x_wconf 86' lang='lat' dir='ltr'><strong>paral-</strong></span> 
     </span>
     <span class='ocr_line' id='line_1_24' title="bbox 175 2606 1539 2695; baseline -0.001 -23"><span class='ocrx_word' id='word_1_217' title='bbox 175 2610 255 2672; x_wconf 90' lang='lat' dir='ltr'><strong>lelos</strong></span> <span class='ocrx_word' id='word_1_218' title='bbox 280 2609 319 2670; x_wconf 93' lang='lat' dir='ltr'><strong>ad</strong></span> <span class='ocrx_word' id='word_1_219' title='bbox 343 2606 397 2671; x_wconf 79' lang='lat' dir='ltr'><strong>CB</strong></span> <span class='ocrx_word' id='word_1_220' title='bbox 421 2612 543 2674; x_wconf 89' lang='lat' dir='ltr'><strong>etideo</strong></span> <span class='ocrx_word' id='word_1_221' title='bbox 567 2615 689 2694; x_wconf 90' lang='lat' dir='ltr'><strong>etipsa</strong></span> <span class='ocrx_word' id='word_1_222' title='bbox 716 2614 972 2695; x_wconf 82' lang='lat' dir='ltr'><strong>perpendicularis</strong></span> <span class='ocrx_word' id='word_1_223' title='bbox 996 2613 1035 2688; x_wconf 85' lang='lat' dir='ltr'><strong>ad</strong></span> <span class='ocrx_word' id='word_1_224' title='bbox 1060 2610 1123 2673; x_wconf 86' lang='lat' dir='ltr'><strong>BC.</strong></span> <span class='ocrx_word' id='word_1_225' title='bbox 1173 2614 1238 2673; x_wconf 85' lang='lat' dir='ltr'><strong>Lux</strong></span> <span class='ocrx_word' id='word_1_226' title='bbox 1268 2611 1359 2690; x_wconf 87' lang='lat' dir='ltr'><strong>igitur</strong></span> <span class='ocrx_word' id='word_1_227' title='bbox 1386 2611 1450 2672; x_wconf 90' lang='lat' dir='ltr'><strong>sine</strong></span> <span class='ocrx_word' id='word_1_228' title='bbox 1475 2611 1539 2673; x_wconf 86' lang='lat' dir='ltr'><strong>ulla</strong></span> 
     </span>
     <span class='ocr_line' id='line_1_25' title="bbox 176 2696 1539 2781; baseline 0.001 -23"><span class='ocrx_word' id='word_1_229' title='bbox 176 2696 369 2777; x_wconf 84' lang='lat' dir='ltr'><strong>dispersione</strong></span> <span class='ocrx_word' id='word_1_230' title='bbox 394 2719 486 2781; x_wconf 89' lang='lat' dir='ltr'><strong>usque</strong></span> <span class='ocrx_word' id='word_1_231' title='bbox 512 2704 550 2763; x_wconf 88' lang='lat' dir='ltr'><strong>ad</strong></span> <span class='ocrx_word' id='word_1_232' title='bbox 574 2703 631 2764; x_wconf 87' lang='lat' dir='ltr'><strong>EI)</strong></span> <span class='ocrx_word' id='word_1_233' title='bbox 655 2703 787 2776; x_wconf 89' lang='lat' dir='ltr'><strong>veniens,</strong></span> <span class='ocrx_word' id='word_1_234' title='bbox 813 2711 976 2781; x_wconf 86' lang='lat' dir='ltr'><strong>occuparet</strong></span> <span class='ocrx_word' id='word_1_235' title='bbox 1003 2702 1134 2780; x_wconf 88' lang='lat' dir='ltr'><strong>spatium</strong></span> <span class='ocrx_word' id='word_1_236' title='bbox 1158 2701 1210 2762; x_wconf 89' lang='lat' dir='ltr'><strong>EF</strong></span> <span class='ocrx_word' id='word_1_237' title='bbox 1220 2720 1228 2775; x_wconf 94' lang='lat'>;</span> <span class='ocrx_word' id='word_1_238' title='bbox 1259 2701 1363 2760; x_wconf 89' lang='lat' dir='ltr'><strong>eadem</strong></span> <span class='ocrx_word' id='word_1_239' title='bbox 1387 2699 1452 2761; x_wconf 93' lang='lat' dir='ltr'><strong>sine</strong></span> <span class='ocrx_word' id='word_1_240' title='bbox 1476 2700 1539 2761; x_wconf 86' lang='lat' dir='ltr'><strong>ulla</strong></span> 
     </span>
     <span class='ocr_line' id='line_1_26' title="bbox 175 2786 1537 2872; baseline 0.001 -25"><span class='ocrx_word' id='word_1_241' title='bbox 175 2786 406 2866; x_wconf 88' lang='lat' dir='ltr'><strong>perturbatione</strong></span> <span class='ocrx_word' id='word_1_242' title='bbox 431 2810 560 2872; x_wconf 91' lang='lat' dir='ltr'><strong>eousque</strong></span> <span class='ocrx_word' id='word_1_243' title='bbox 586 2792 770 2854; x_wconf 88' lang='lat' dir='ltr'><strong>descendens</strong></span> <span class='ocrx_word' id='word_1_244' title='bbox 794 2801 957 2870; x_wconf 88' lang='lat' dir='ltr'><strong>occuparet</strong></span> <span class='ocrx_word' id='word_1_245' title='bbox 983 2791 1114 2870; x_wconf 87' lang='lat' dir='ltr'><strong>spatium</strong></span> <span class='ocrx_word' id='word_1_246' title='bbox 1140 2791 1204 2863; x_wconf 88' lang='grc' dir='ltr'>ΕΙ),</span> <span class='ocrx_word' id='word_1_247' title='bbox 1230 2809 1377 2869; x_wconf 79' lang='lat' dir='ltr'><strong>spargens</strong></span> <span class='ocrx_word' id='word_1_248' title='bbox 1398 2796 1429 2849; x_wconf 92' lang='lat' dir='ltr'><strong>et</strong></span> <span class='ocrx_word' id='word_1_249' title='bbox 1449 2798 1537 2851; x_wconf 84' lang='lat' dir='ltr'><strong>exte-</strong></span> 
     </span>
     <span class='ocr_line' id='line_1_27' title="bbox 177 2876 1536 2961; baseline 0.001 -26"><span class='ocrx_word' id='word_1_250' title='bbox 177 2895 278 2936; x_wconf 87' lang='lat' dir='ltr'><strong>nuans</strong></span> <span class='ocrx_word' id='word_1_251' title='bbox 300 2894 334 2936; x_wconf 91' lang='lat' dir='ltr'><strong>se</strong></span> <span class='ocrx_word' id='word_1_252' title='bbox 367 2878 472 2940; x_wconf 86' lang='lat' dir='ltr'><strong>eadem</strong></span> <span class='ocrx_word' id='word_1_253' title='bbox 503 2881 706 2961; x_wconf 87' lang='lat' dir='ltr'><strong>proportione.</strong></span> <span class='ocrx_word' id='word_1_254' title='bbox 753 2880 835 2959; x_wconf 86' lang='lat' dir='ltr'><strong>Ergo</strong></span> <span class='ocrx_word' id='word_1_255' title='bbox 859 2899 926 2941; x_wconf 85' lang='lat' dir='ltr'><strong>cum</strong></span> <span class='ocrx_word' id='word_1_256' title='bbox 959 2879 1122 2940; x_wconf 81' lang='lat' dir='ltr'><strong>intervenit</strong></span> <span class='ocrx_word' id='word_1_257' title='bbox 1155 2880 1282 2940; x_wconf 88' lang='lat' dir='ltr'><strong>medium</strong></span> <span class='ocrx_word' id='word_1_258' title='bbox 1316 2876 1369 2940; x_wconf 87' lang='lat' dir='ltr'><strong>BC</strong></span> <span class='ocrx_word' id='word_1_259' title='bbox 1404 2878 1536 2952; x_wconf 87' lang='lat' dir='ltr'><strong>densius,</strong></span> 
     </span>
     <span class='ocr_line' id='line_1_28' title="bbox 176 2962 1537 3049; baseline 0.004 -26"><span class='ocrx_word' id='word_1_260' title='bbox 176 2964 208 3024; x_wconf 94' lang='lat' dir='ltr'><strong>id</strong></span> <span class='ocrx_word' id='word_1_261' title='bbox 232 2962 449 3042; x_wconf 86' lang='lat' dir='ltr'><strong>dispersionem</strong></span> <span class='ocrx_word' id='word_1_262' title='bbox 474 2970 639 3049; x_wconf 91' lang='lat' dir='ltr'><strong>impediens</strong></span> <span class='ocrx_word' id='word_1_263' title='bbox 671 2969 755 3044; x_wconf 85' lang='lat' dir='ltr'><strong>lacit,</strong></span> <span class='ocrx_word' id='word_1_264' title='bbox 782 2979 815 3030; x_wconf 92' lang='lat' dir='ltr'><strong>ut</strong></span> <span class='ocrx_word' id='word_1_265' title='bbox 839 2969 888 3029; x_wconf 81' lang='lat' dir='ltr'><strong>lux</strong></span> <span class='ocrx_word' id='word_1_266' title='bbox 912 2969 1040 3030; x_wconf 89' lang='lat' dir='ltr'><strong>medium</strong></span> <span class='ocrx_word' id='word_1_267' title='bbox 1070 2968 1200 3047; x_wconf 87' lang='lat' dir='ltr'><strong>spatium</strong></span> <span class='ocrx_word' id='word_1_268' title='bbox 1229 2976 1357 3047; x_wconf 88' lang='lat' dir='ltr'><strong>occupet</strong></span> <span class='ocrx_word' id='word_1_269' title='bbox 1381 2968 1461 3029; x_wconf 90' lang='lat' dir='ltr'><strong>iuter</strong></span> <span class='ocrx_word' id='word_1_270' title='bbox 1484 2966 1537 3028; x_wconf 78' lang='lat' dir='ltr'><strong>EF</strong></span> 
     </span>
     <span class='ocr_line' id='line_1_29' title="bbox 177 3051 1537 3137; baseline 0.004 -25"><span class='ocrx_word' id='word_1_271' title='bbox 177 3064 210 3113; x_wconf 93' lang='lat' dir='ltr'><strong>et</strong></span> <span class='ocrx_word' id='word_1_272' title='bbox 233 3051 309 3126; x_wconf 79' lang='lat' dir='ltr'><strong>ED3</strong></span> <span class='ocrx_word' id='word_1_273' title='bbox 334 3053 377 3115; x_wconf 90' lang='lat' dir='ltr'><strong>sit</strong></span> <span class='ocrx_word' id='word_1_274' title='bbox 398 3055 471 3118; x_wconf 92' lang='lat' dir='ltr'><strong>illud</strong></span> <span class='ocrx_word' id='word_1_275' title='bbox 494 3056 561 3119; x_wconf 81' lang='lat' dir='ltr'><strong>EG.</strong></span> <span class='ocrx_word' id='word_1_276' title='bbox 609 3059 726 3120; x_wconf 82' lang='lat' dir='ltr'><strong>Radius</strong></span> <span class='ocrx_word' id='word_1_277' title='bbox 755 3078 826 3137; x_wconf 88' lang='lat' dir='ltr'><strong>ergo</strong></span> <span class='ocrx_word' id='word_1_278' title='bbox 852 3057 906 3117; x_wconf 85' lang='lat' dir='ltr'><strong>All</strong></span> <span class='ocrx_word' id='word_1_279' title='bbox 941 3058 1121 3136; x_wconf 77' lang='lat' dir='ltr'><strong>refringatur</strong></span> <span class='ocrx_word' id='word_1_280' title='bbox 1150 3059 1178 3119; x_wconf 90' lang='lat' dir='ltr'><strong>iu</strong></span> <span class='ocrx_word' id='word_1_281' title='bbox 1203 3058 1228 3118; x_wconf 94' lang='lat' dir='ltr'><strong>B</strong></span> <span class='ocrx_word' id='word_1_282' title='bbox 1258 3067 1290 3119; x_wconf 90' lang='lat' dir='ltr'><strong>et</strong></span> <span class='ocrx_word' id='word_1_283' title='bbox 1318 3058 1397 3118; x_wconf 82' lang='lat' dir='ltr'><strong>intra</strong></span> <span class='ocrx_word' id='word_1_284' title='bbox 1430 3075 1537 3136; x_wconf 91' lang='lat' dir='ltr'><strong>super-</strong></span> 
     </span>
     <span class='ocr_line' id='line_1_30' title="bbox 177 3140 1538 3226; baseline 0.002 -24"><span class='ocrx_word' id='word_1_285' title='bbox 177 3140 276 3203; x_wconf 90' lang='lat' dir='ltr'><strong>liciem</strong></span> <span class='ocrx_word' id='word_1_286' title='bbox 301 3141 448 3206; x_wconf 89' lang='lat' dir='ltr'><strong>densioris</strong></span> <span class='ocrx_word' id='word_1_287' title='bbox 472 3148 561 3208; x_wconf 89' lang='lat' dir='ltr'><strong>medii</strong></span> <span class='ocrx_word' id='word_1_288' title='bbox 585 3148 635 3208; x_wconf 90' lang='lat' dir='ltr'><strong>fiet</strong></span> <span class='ocrx_word' id='word_1_289' title='bbox 652 3146 717 3221; x_wconf 89' lang='lat' dir='ltr'><strong>BG,</strong></span> <span class='ocrx_word' id='word_1_290' title='bbox 745 3148 891 3208; x_wconf 88' lang='lat' dir='ltr'><strong>accedens</strong></span> <span class='ocrx_word' id='word_1_291' title='bbox 917 3147 955 3206; x_wconf 87' lang='lat' dir='ltr'><strong>ad</strong></span> <span class='ocrx_word' id='word_1_292' title='bbox 979 3146 1255 3226; x_wconf 79' lang='lat' dir='ltr'><strong>perpendicularem</strong></span> <span class='ocrx_word' id='word_1_293' title='bbox 1271 3148 1342 3207; x_wconf 86' lang='lat' dir='ltr'><strong>BF:</strong></span> <span class='ocrx_word' id='word_1_294' title='bbox 1369 3147 1446 3225; x_wconf 84' lang='lat' dir='ltr'><strong>quod</strong></span> <span class='ocrx_word' id='word_1_295' title='bbox 1471 3153 1538 3206; x_wconf 90' lang='lat' dir='ltr'><strong>erat</strong></span> 
     </span>
     <span class='ocr_line' id='line_1_31' title="bbox 179 3231 458 3297; baseline 0.022 -6"><span class='ocrx_word' id='word_1_296' title='bbox 179 3231 458 3297; x_wconf 86' lang='lat' dir='ltr'><strong>demonstrandum.</strong></span> 
     </span>
    </p>

    <p class='ocr_par' dir='ltr' id='par_1_4' title="bbox 175 3316 1538 3939">
     <span class='ocr_line' id='line_1_32' title="bbox 270 3316 1537 3405; baseline 0 -25"><span class='ocrx_word' id='word_1_297' title='bbox 270 3316 434 3389; x_wconf 82' lang='lat' dir='ltr'><strong>Quaeritur</strong></span> <span class='ocrx_word' id='word_1_298' title='bbox 457 3332 568 3397; x_wconf 92' lang='lat' dir='ltr'><strong>autem,</strong></span> <span class='ocrx_word' id='word_1_299' title='bbox 594 3343 652 3403; x_wconf 83' lang='lat' dir='ltr'><strong>qua</strong></span> <span class='ocrx_word' id='word_1_300' title='bbox 678 3324 823 3385; x_wconf 81' lang='lat' dir='ltr'><strong>facultate</strong></span> <span class='ocrx_word' id='word_1_301' title='bbox 847 3324 909 3384; x_wconf 86' lang='lat' dir='ltr'><strong>fieri</strong></span> <span class='ocrx_word' id='word_1_302' title='bbox 934 3324 1044 3402; x_wconf 89' lang='lat' dir='ltr'><strong>possit,</strong></span> <span class='ocrx_word' id='word_1_303' title='bbox 1071 3335 1104 3385; x_wconf 86' lang='lat' dir='ltr'><strong>ut¹</strong></span> <span class='ocrx_word' id='word_1_304' title='bbox 1127 3324 1247 3385; x_wconf 83' lang='lat' dir='ltr'><strong>allectio</strong></span> <span class='ocrx_word' id='word_1_305' title='bbox 1276 3321 1445 3405; x_wconf 86' lang='lat' dir='ltr'><strong>superficiei</strong></span> <span class='ocrx_word' id='word_1_306' title='bbox 1469 3321 1537 3401; x_wconf 89' lang='lat' dir='ltr'><strong>pel·</strong></span> 
     </span>
     <span class='ocr_line' id='line_1_33' title="bbox 178 3407 1538 3493; baseline 0.003 -24"><span class='ocrx_word' id='word_1_307' title='bbox 178 3407 298 3471; x_wconf 89' lang='lat' dir='ltr'><strong>lucidae</strong></span> <span class='ocrx_word' id='word_1_308' title='bbox 323 3410 381 3472; x_wconf 89' lang='lat' dir='ltr'><strong>luci</strong></span> <span class='ocrx_word' id='word_1_309' title='bbox 410 3412 618 3493; x_wconf 88' lang='lat' dir='ltr'><strong>imprimatur?</strong></span> <span class='ocrx_word' id='word_1_310' title='bbox 650 3413 847 3492; x_wconf 86' lang='lat' dir='ltr'><strong>Respondeo:</strong></span> <span class='ocrx_word' id='word_1_311' title='bbox 879 3413 935 3473; x_wconf 87' lang='lat' dir='ltr'><strong>luci</strong></span> <span class='ocrx_word' id='word_1_312' title='bbox 964 3424 1062 3475; x_wconf 92' lang='lat' dir='ltr'><strong>motus</strong></span> <span class='ocrx_word' id='word_1_313' title='bbox 1091 3413 1236 3492; x_wconf 86' lang='lat' dir='ltr'><strong>competit</strong></span> <span class='ocrx_word' id='word_1_314' title='bbox 1258 3431 1312 3491; x_wconf 90' lang='lat' dir='ltr'><strong>per</strong></span> <span class='ocrx_word' id='word_1_315' title='bbox 1340 3413 1365 3485; x_wconf 90' lang='lat' dir='ltr'><strong>l,</strong></span> <span class='ocrx_word' id='word_1_316' title='bbox 1391 3430 1481 3489; x_wconf 86' lang='lat' dir='ltr'><strong>qnare</strong></span> <span class='ocrx_word' id='word_1_317' title='bbox 1506 3421 1538 3473; x_wconf 87' lang='lat' dir='ltr'><strong>et</strong></span> 
     </span>
     <span class='ocr_line' id='line_1_34' title="bbox 177 3497 1537 3581; baseline 0.003 -24"><span class='ocrx_word' id='word_1_318' title='bbox 177 3497 298 3577; x_wconf 86' lang='lat' dir='ltr'><strong>species</strong></span> <span class='ocrx_word' id='word_1_319' title='bbox 323 3507 430 3562; x_wconf 84' lang='lat' dir='ltr'><strong>motus</strong></span> <span class='ocrx_word' id='word_1_320' title='bbox 446 3511 478 3562; x_wconf 90' lang='lat' dir='ltr'><strong>et</strong></span> <span class='ocrx_word' id='word_1_321' title='bbox 509 3501 678 3562; x_wconf 88' lang='lat' dir='ltr'><strong>accidentia</strong></span> <span class='ocrx_word' id='word_1_322' title='bbox 706 3501 834 3581; x_wconf 86' lang='lat' dir='ltr'><strong>reliqua,</strong></span> <span class='ocrx_word' id='word_1_323' title='bbox 869 3501 1016 3581; x_wconf 87' lang='lat' dir='ltr'><strong>impactus</strong></span> <span class='ocrx_word' id='word_1_324' title='bbox 1042 3522 1146 3581; x_wconf 88' lang='lat' dir='ltr'><strong>nempe</strong></span> <span class='ocrx_word' id='word_1_325' title='bbox 1171 3502 1198 3561; x_wconf 91' lang='lat' dir='ltr'><strong>iu</strong></span> <span class='ocrx_word' id='word_1_326' title='bbox 1230 3501 1399 3561; x_wconf 87' lang='lat' dir='ltr'><strong>densiorem</strong></span> <span class='ocrx_word' id='word_1_327' title='bbox 1429 3518 1537 3578; x_wconf 88' lang='lat' dir='ltr'><strong>super·</strong></span> 
     </span>
     <span class='ocr_line' id='line_1_35' title="bbox 177 3585 1537 3670; baseline -0.001 -23"><span class='ocrx_word' id='word_1_328' title='bbox 177 3585 277 3648; x_wconf 82' lang='lat' dir='ltr'><strong>liciam</strong></span> <span class='ocrx_word' id='word_1_329' title='bbox 310 3596 342 3649; x_wconf 94' lang='lat' dir='ltr'><strong>et</strong></span> <span class='ocrx_word' id='word_1_330' title='bbox 372 3589 438 3669; x_wconf 88' lang='lat' dir='ltr'><strong>ejus</strong></span> <span class='ocrx_word' id='word_1_331' title='bbox 470 3591 624 3670; x_wconf 88' lang='lat' dir='ltr'><strong>superatio</strong></span> <span class='ocrx_word' id='word_1_332' title='bbox 658 3600 690 3652; x_wconf 93' lang='lat' dir='ltr'><strong>et</strong></span> <span class='ocrx_word' id='word_1_333' title='bbox 722 3591 864 3652; x_wconf 88' lang='lat' dir='ltr'><strong>nonnulla</strong></span> <span class='ocrx_word' id='word_1_334' title='bbox 897 3591 1071 3651; x_wconf 89' lang='lat' dir='ltr'><strong>resistentia</strong></span> <span class='ocrx_word' id='word_1_335' title='bbox 1100 3613 1118 3651; x_wconf 88' lang='lat' dir='ltr'><strong>a</strong></span> <span class='ocrx_word' id='word_1_336' title='bbox 1145 3598 1297 3669; x_wconf 87' lang='lat' dir='ltr'><strong>snperato.</strong></span> <span class='ocrx_word' id='word_1_337' title='bbox 1352 3586 1537 3667; x_wconf 83' lang='lat' dir='ltr'><strong>Contingere</strong></span> 
     </span>
     <span class='ocr_line' id='line_1_36' title="bbox 175 3675 1535 3760; baseline 0.001 -24"><span class='ocrx_word' id='word_1_338' title='bbox 175 3683 280 3736; x_wconf 87' lang='lat' dir='ltr'><strong>autem</strong></span> <span class='ocrx_word' id='word_1_339' title='bbox 304 3675 410 3738; x_wconf 88' lang='lat' dir='ltr'><strong>eadem</strong></span> <span class='ocrx_word' id='word_1_340' title='bbox 434 3679 605 3741; x_wconf 86' lang='lat' dir='ltr'><strong>necessario</strong></span> <span class='ocrx_word' id='word_1_341' title='bbox 629 3680 711 3740; x_wconf 91' lang='lat' dir='ltr'><strong>etin</strong></span> <span class='ocrx_word' id='word_1_342' title='bbox 736 3679 895 3741; x_wconf 88' lang='lat' dir='ltr'><strong>mobilibus</strong></span> <span class='ocrx_word' id='word_1_343' title='bbox 918 3679 1065 3760; x_wconf 84' lang='lat' dir='ltr'><strong>physicis,</strong></span> <span class='ocrx_word' id='word_1_344' title='bbox 1100 3680 1216 3759; x_wconf 88' lang='lat' dir='ltr'><strong>quoties</strong></span> <span class='ocrx_word' id='word_1_345' title='bbox 1240 3678 1347 3757; x_wconf 86' lang='lat' dir='ltr'><strong>globus</strong></span> <span class='ocrx_word' id='word_1_346' title='bbox 1371 3677 1399 3737; x_wconf 92' lang='lat' dir='ltr'><strong>in</strong></span> <span class='ocrx_word' id='word_1_347' title='bbox 1426 3696 1535 3756; x_wconf 89' lang='lat' dir='ltr'><strong>aquam</strong></span> 
     </span>
     <span class='ocr_line' id='line_1_37' title="bbox 177 3767 1537 3849; baseline 0.002 -25"><span class='ocrx_word' id='word_1_348' title='bbox 177 3773 347 3843; x_wconf 90' lang='lat' dir='ltr'><strong>torquetur,</strong></span> <span class='ocrx_word' id='word_1_349' title='bbox 372 3768 529 3829; x_wconf 91' lang='lat' dir='ltr'><strong>dnmmodo</strong></span> <span class='ocrx_word' id='word_1_350' title='bbox 554 3770 663 3831; x_wconf 90' lang='lat' dir='ltr'><strong>subeat</strong></span> <span class='ocrx_word' id='word_1_351' title='bbox 685 3788 803 3849; x_wconf 88' lang='lat' dir='ltr'><strong>aquam,</strong></span> <span class='ocrx_word' id='word_1_352' title='bbox 827 3777 914 3848; x_wconf 88' lang='lat' dir='ltr'><strong>patet</strong></span> <span class='ocrx_word' id='word_1_353' title='bbox 938 3769 991 3829; x_wconf 85' lang='lat' dir='ltr'><strong>sic.</strong></span> <span class='ocrx_word' id='word_1_354' title='bbox 1040 3769 1150 3830; x_wconf 89' lang='lat' dir='ltr'><strong>Liceat</strong></span> <span class='ocrx_word' id='word_1_355' title='bbox 1174 3768 1251 3829; x_wconf 90' lang='lat' dir='ltr'><strong>enim</strong></span> <span class='ocrx_word' id='word_1_356' title='bbox 1276 3767 1323 3828; x_wconf 89' lang='lat' dir='ltr'><strong>lrio</strong></span> <span class='ocrx_word' id='word_1_357' title='bbox 1349 3767 1419 3827; x_wconf 85' lang='lat' dir='ltr'><strong>milri</strong></span> <span class='ocrx_word' id='word_1_358' title='bbox 1443 3767 1537 3827; x_wconf 83' lang='lat' dir='ltr'><strong>rerba</strong></span> 
     </span>
     <span class='ocr_line' id='line_1_38' title="bbox 176 3853 1536 3939; baseline 0.003 -26"><span class='ocrx_word' id='word_1_359' title='bbox 176 3853 349 3934; x_wconf 89' lang='lat' dir='ltr'><strong>opticorum</strong></span> <span class='ocrx_word' id='word_1_360' title='bbox 370 3865 475 3919; x_wconf 87' lang='lat' dir='ltr'><strong>contra</strong></span> <span class='ocrx_word' id='word_1_361' title='bbox 494 3865 624 3919; x_wconf 89' lang='lat' dir='ltr'><strong>mentem</strong></span> <span class='ocrx_word' id='word_1_362' title='bbox 643 3859 774 3939; x_wconf 91' lang='lat' dir='ltr'><strong>ipsorum</strong></span> <span class='ocrx_word' id='word_1_363' title='bbox 799 3876 942 3936; x_wconf 91' lang='lat' dir='ltr'><strong>usurpare</strong></span> <span class='ocrx_word' id='word_1_364' title='bbox 958 3866 989 3917; x_wconf 92' lang='lat' dir='ltr'><strong>et</strong></span> <span class='ocrx_word' id='word_1_365' title='bbox 1005 3858 1032 3918; x_wconf 90' lang='lat' dir='ltr'><strong>in</strong></span> <span class='ocrx_word' id='word_1_366' title='bbox 1052 3858 1204 3919; x_wconf 89' lang='lat' dir='ltr'><strong>meliorem</strong></span> <span class='ocrx_word' id='word_1_367' title='bbox 1220 3876 1340 3918; x_wconf 90' lang='lat' dir='ltr'><strong>sensum</strong></span> <span class='ocrx_word' id='word_1_368' title='bbox 1367 3856 1536 3919; x_wconf 88' lang='lat' dir='ltr'><strong>traducere.</strong></span> 
     </span>
    </p>

    <p class='ocr_par' dir='ltr' id='par_1_5' title="bbox 175 3940 1536 5007">
     <span class='ocr_line' id='line_1_39' title="bbox 270 3940 1536 4026; baseline 0 -21"><span class='ocrx_word' id='word_1_369' title='bbox 270 3940 1536 4026; x_wconf 60' lang='lat' dir='ltr'><strong>SBBGawaABmwmmmfflmammmmmCBmllmFBmL</strong></span> 
     </span>
     <span class='ocr_line' id='line_1_40' title="bbox 176 4031 1535 4116; baseline 0.002 -23"><span class='ocrx_word' id='word_1_370' title='bbox 176 4031 254 4093; x_wconf 84' lang='lat' dir='ltr'><strong>Cum</strong></span> <span class='ocrx_word' id='word_1_371' title='bbox 279 4052 352 4114; x_wconf 90' lang='lat' dir='ltr'><strong>ergo</strong></span> <span class='ocrx_word' id='word_1_372' title='bbox 376 4044 474 4097; x_wconf 92' lang='lat' dir='ltr'><strong>motus</strong></span> <span class='ocrx_word' id='word_1_373' title='bbox 498 4037 677 4116; x_wconf 88' lang='lat' dir='ltr'><strong>sphaerulae</strong></span> <span class='ocrx_word' id='word_1_374' title='bbox 697 4036 753 4096; x_wconf 92' lang='lat' dir='ltr'><strong>AB</strong></span> <span class='ocrx_word' id='word_1_375' title='bbox 775 4035 815 4095; x_wconf 93' lang='lat' dir='ltr'><strong>sit</strong></span> <span class='ocrx_word' id='word_1_376' title='bbox 840 4036 1059 4115; x_wconf 88' lang='lat' dir='ltr'><strong>quodammodo</strong></span> <span class='ocrx_word' id='word_1_377' title='bbox 1084 4036 1267 4115; x_wconf 86' lang='lat' dir='ltr'><strong>compositus</strong></span> <span class='ocrx_word' id='word_1_378' title='bbox 1295 4054 1332 4094; x_wconf 90' lang='lat' dir='ltr'><strong>ex</strong></span> <span class='ocrx_word' id='word_1_379' title='bbox 1349 4034 1390 4095; x_wconf 91' lang='lat' dir='ltr'><strong>IB</strong></span> <span class='ocrx_word' id='word_1_380' title='bbox 1416 4043 1447 4096; x_wconf 91' lang='lat' dir='ltr'><strong>et</strong></span> <span class='ocrx_word' id='word_1_381' title='bbox 1468 4034 1535 4109; x_wconf 83' lang='lat' dir='ltr'><strong>BH,</strong></span> 
     </span>
     <span class='ocr_line' id='line_1_41' title="bbox 175 4120 1536 4204; baseline 0.001 -24"><span class='ocrx_word' id='word_1_382' title='bbox 175 4120 299 4183; x_wconf 89' lang='lat' dir='ltr'><strong>accidet</strong></span> <span class='ocrx_word' id='word_1_383' title='bbox 327 4124 437 4199; x_wconf 89' lang='lat' dir='ltr'><strong>etiam,</strong></span> <span class='ocrx_word' id='word_1_384' title='bbox 473 4134 506 4186; x_wconf 95' lang='lat' dir='ltr'><strong>ut</strong></span> <span class='ocrx_word' id='word_1_385' title='bbox 539 4126 664 4187; x_wconf 89' lang='lat' dir='ltr'><strong>resistat</strong></span> <span class='ocrx_word' id='word_1_386' title='bbox 697 4124 739 4185; x_wconf 90' lang='lat' dir='ltr'><strong>illi</strong></span> <span class='ocrx_word' id='word_1_387' title='bbox 769 4132 830 4184; x_wconf 88' lang='lat' dir='ltr'><strong>tam</strong></span> <span class='ocrx_word' id='word_1_388' title='bbox 863 4125 1053 4203; x_wconf 83' lang='lat' dir='ltr'><strong>profunditas</strong></span> <span class='ocrx_word' id='word_1_389' title='bbox 1081 4126 1151 4199; x_wconf 87' lang='lat' dir='ltr'><strong>BF,</strong></span> <span class='ocrx_word' id='word_1_390' title='bbox 1187 4144 1274 4204; x_wconf 84' lang='lat' dir='ltr'><strong>quarn</strong></span> <span class='ocrx_word' id='word_1_391' title='bbox 1300 4124 1354 4182; x_wconf 91' lang='lat' dir='ltr'><strong>Bll</strong></span> <span class='ocrx_word' id='word_1_392' title='bbox 1379 4123 1536 4184; x_wconf 84' lang='lat' dir='ltr'><strong>crassities</strong></span> 
     </span>
     <span class='ocr_line' id='line_1_42' title="bbox 176 4211 1536 4293; baseline 0 -22"><span class='ocrx_word' id='word_1_393' title='bbox 176 4211 328 4273; x_wconf 89' lang='lat' dir='ltr'><strong>lateralis.</strong></span> <span class='ocrx_word' id='word_1_394' title='bbox 374 4214 462 4276; x_wconf 86' lang='lat' dir='ltr'><strong>Prius</strong></span> <span class='ocrx_word' id='word_1_395' title='bbox 487 4214 731 4293; x_wconf 89' lang='lat' dir='ltr'><strong>impedimentum</strong></span> <span class='ocrx_word' id='word_1_396' title='bbox 755 4213 916 4274; x_wconf 87' lang='lat' dir='ltr'><strong>tardiorem</strong></span> <span class='ocrx_word' id='word_1_397' title='bbox 942 4214 1035 4274; x_wconf 86' lang='lat' dir='ltr'><strong>ellicit</strong></span> <span class='ocrx_word' id='word_1_398' title='bbox 1054 4214 1118 4292; x_wconf 89' lang='lat' dir='ltr'><strong>ejus</strong></span> <span class='ocrx_word' id='word_1_399' title='bbox 1144 4214 1319 4274; x_wconf 84' lang='lat' dir='ltr'><strong>descensum</strong></span> <span class='ocrx_word' id='word_1_400' title='bbox 1337 4220 1367 4271; x_wconf 90' lang='lat' dir='ltr'><strong>et</strong></span> <span class='ocrx_word' id='word_1_401' title='bbox 1391 4211 1536 4281; x_wconf 91' lang='lat' dir='ltr'><strong>retundit,</strong></span> 
     </span>
     <span class='ocr_line' id='line_1_43' title="bbox 176 4299 1536 4381; baseline -0.001 -22"><span class='ocrx_word' id='word_1_402' title='bbox 176 4299 338 4361; x_wconf 91' lang='lat' dir='ltr'><strong>dummodo</strong></span> <span class='ocrx_word' id='word_1_403' title='bbox 372 4303 556 4365; x_wconf 87' lang='lat' dir='ltr'><strong>descendat:</strong></span> <span class='ocrx_word' id='word_1_404' title='bbox 590 4303 741 4381; x_wconf 90' lang='lat' dir='ltr'><strong>posterius</strong></span> <span class='ocrx_word' id='word_1_405' title='bbox 773 4322 842 4363; x_wconf 87' lang='lat' dir='ltr'><strong>roro</strong></span> <span class='ocrx_word' id='word_1_406' title='bbox 876 4303 997 4381; x_wconf 86' lang='lat' dir='ltr'><strong>repellit</strong></span> <span class='ocrx_word' id='word_1_407' title='bbox 1029 4303 1124 4381; x_wconf 90' lang='lat' dir='ltr'><strong>ipsam</strong></span> <span class='ocrx_word' id='word_1_408' title='bbox 1150 4322 1167 4361; x_wconf 90' lang='lat' dir='ltr'><strong>a</strong></span> <span class='ocrx_word' id='word_1_409' title='bbox 1192 4322 1247 4361; x_wconf 89' lang='lat' dir='ltr'><strong>sna</strong></span> <span class='ocrx_word' id='word_1_410' title='bbox 1280 4302 1372 4371; x_wconf 88' lang='lat' dir='ltr'><strong>linea,</strong></span> <span class='ocrx_word' id='word_1_411' title='bbox 1412 4309 1443 4361; x_wconf 88' lang='lat' dir='ltr'><strong>ut</strong></span> <span class='ocrx_word' id='word_1_412' title='bbox 1467 4299 1536 4379; x_wconf 88' lang='lat' dir='ltr'><strong>quia</strong></span> 
     </span>
     <span class='ocr_line' id='line_1_44' title="bbox 176 4389 1534 4471; baseline 0 -24"><span class='ocrx_word' id='word_1_413' title='bbox 176 4398 277 4449; x_wconf 90' lang='lat' dir='ltr'><strong>motus</strong></span> <span class='ocrx_word' id='word_1_414' title='bbox 301 4399 369 4452; x_wconf 91' lang='lat' dir='ltr'><strong>erat</strong></span> <span class='ocrx_word' id='word_1_415' title='bbox 390 4391 446 4453; x_wconf 90' lang='lat' dir='ltr'><strong>BD</strong></span> <span class='ocrx_word' id='word_1_416' title='bbox 470 4393 594 4465; x_wconf 82' lang='lat' dir='ltr'><strong>lutums,</strong></span> <span class='ocrx_word' id='word_1_417' title='bbox 621 4392 784 4471; x_wconf 90' lang='lat' dir='ltr'><strong>repellatur</strong></span> <span class='ocrx_word' id='word_1_418' title='bbox 808 4392 902 4452; x_wconf 87' lang='lat' dir='ltr'><strong>aBll</strong></span> <span class='ocrx_word' id='word_1_419' title='bbox 926 4401 957 4451; x_wconf 91' lang='lat' dir='ltr'><strong>et</strong></span> <span class='ocrx_word' id='word_1_420' title='bbox 981 4393 1033 4452; x_wconf 88' lang='lat' dir='ltr'><strong>liat</strong></span> <span class='ocrx_word' id='word_1_421' title='bbox 1052 4389 1118 4452; x_wconf 89' lang='lat' dir='ltr'><strong>BG.</strong></span> <span class='ocrx_word' id='word_1_422' title='bbox 1159 4392 1223 4451; x_wconf 85' lang='lat' dir='ltr'><strong>Hoc</strong></span> <span class='ocrx_word' id='word_1_423' title='bbox 1247 4390 1383 4450; x_wconf 87' lang='lat' dir='ltr'><strong>accidere</strong></span> <span class='ocrx_word' id='word_1_424' title='bbox 1409 4408 1534 4449; x_wconf 86' lang='lat' dir='ltr'><strong>neeesse</strong></span> 
     </span>
     <span class='ocr_line' id='line_1_45' title="bbox 176 4476 1536 4561; baseline 0 -24"><span class='ocrx_word' id='word_1_425' title='bbox 176 4486 225 4538; x_wconf 91' lang='lat' dir='ltr'><strong>est</strong></span> <span class='ocrx_word' id='word_1_426' title='bbox 248 4476 278 4538; x_wconf 94' lang='lat' dir='ltr'><strong>in</strong></span> <span class='ocrx_word' id='word_1_427' title='bbox 303 4480 522 4559; x_wconf 86' lang='lat' dir='ltr'><strong>projectilibus,</strong></span> <span class='ocrx_word' id='word_1_428' title='bbox 557 4501 676 4561; x_wconf 85' lang='lat' dir='ltr'><strong>quaen</strong></span> <span class='ocrx_word' id='word_1_429' title='bbox 705 4500 828 4559; x_wconf 88' lang='lat' dir='ltr'><strong>corpore</strong></span> <span class='ocrx_word' id='word_1_430' title='bbox 857 4481 987 4543; x_wconf 90' lang='lat' dir='ltr'><strong>densiori</strong></span> <span class='ocrx_word' id='word_1_431' title='bbox 1021 4480 1231 4560; x_wconf 88' lang='lat' dir='ltr'><strong>impediuntur.</strong></span> <span class='ocrx_word' id='word_1_432' title='bbox 1280 4480 1312 4540; x_wconf 91' lang='lat' dir='ltr'><strong>ln</strong></span> <span class='ocrx_word' id='word_1_433' title='bbox 1344 4479 1407 4538; x_wconf 84' lang='lat' dir='ltr'><strong>lnce</strong></span> <span class='ocrx_word' id='word_1_434' title='bbox 1436 4484 1536 4538; x_wconf 90' lang='lat' dir='ltr'><strong>motus</strong></span> 
     </span>
     <span class='ocr_line' id='line_1_46' title="bbox 175 4566 1535 4650; baseline -0.002 -25"><span class='ocrx_word' id='word_1_435' title='bbox 175 4566 231 4626; x_wconf 89' lang='lat' dir='ltr'><strong>illa</strong></span> <span class='ocrx_word' id='word_1_436' title='bbox 254 4569 374 4648; x_wconf 92' lang='lat' dir='ltr'><strong>portio,</strong></span> <span class='ocrx_word' id='word_1_437' title='bbox 406 4588 483 4650; x_wconf 86' lang='lat' dir='ltr'><strong>quae</strong></span> <span class='ocrx_word' id='word_1_438' title='bbox 507 4580 555 4630; x_wconf 93' lang='lat' dir='ltr'><strong>est</strong></span> <span class='ocrx_word' id='word_1_439' title='bbox 579 4590 683 4631; x_wconf 86' lang='lat' dir='ltr'><strong>versus</strong></span> <span class='ocrx_word' id='word_1_440' title='bbox 708 4572 781 4643; x_wconf 90' lang='lat' dir='ltr'><strong>BH,</strong></span> <span class='ocrx_word' id='word_1_441' title='bbox 815 4580 863 4630; x_wconf 89' lang='lat' dir='ltr'><strong>est</strong></span> <span class='ocrx_word' id='word_1_442' title='bbox 886 4571 936 4631; x_wconf 92' lang='lat' dir='ltr'><strong>ille</strong></span> <span class='ocrx_word' id='word_1_443' title='bbox 966 4580 1063 4630; x_wconf 86' lang='lat' dir='ltr'><strong>motus</strong></span> <span class='ocrx_word' id='word_1_444' title='bbox 1089 4568 1329 4641; x_wconf 81' lang='lat' dir='ltr'><strong>extenuationis3</strong></span> <span class='ocrx_word' id='word_1_445' title='bbox 1363 4587 1438 4645; x_wconf 89' lang='lat' dir='ltr'><strong>quae</strong></span> <span class='ocrx_word' id='word_1_446' title='bbox 1465 4584 1535 4627; x_wconf 83' lang='lat' dir='ltr'><strong>vero</strong></span> 
     </span>
     <span class='ocr_line' id='line_1_47' title="bbox 176 4656 1535 4733; baseline 0 -18"><span class='ocrx_word' id='word_1_447' title='bbox 176 4673 285 4718; x_wconf 85' lang='lat' dir='ltr'><strong>versus</strong></span> <span class='ocrx_word' id='word_1_448' title='bbox 307 4658 347 4718; x_wconf 93' lang='lat' dir='ltr'><strong>lB</strong></span> <span class='ocrx_word' id='word_1_449' title='bbox 362 4658 410 4719; x_wconf 92' lang='lat' dir='ltr'><strong>vel</strong></span> <span class='ocrx_word' id='word_1_450' title='bbox 424 4659 486 4733; x_wconf 87' lang='lat' dir='ltr'><strong>BF,</strong></span> <span class='ocrx_word' id='word_1_451' title='bbox 511 4679 568 4719; x_wconf 91' lang='lat' dir='ltr'><strong>nou</strong></span> <span class='ocrx_word' id='word_1_452' title='bbox 589 4660 688 4721; x_wconf 79' lang='lat' dir='ltr'><strong>variat</strong></span> <span class='ocrx_word' id='word_1_453' title='bbox 708 4660 765 4721; x_wconf 89' lang='lat' dir='ltr'><strong>luci</strong></span> <span class='ocrx_word' id='word_1_454' title='bbox 785 4678 878 4732; x_wconf 89' lang='lat' dir='ltr'><strong>suam,</strong></span> <span class='ocrx_word' id='word_1_455' title='bbox 902 4671 934 4719; x_wconf 94' lang='lat' dir='ltr'><strong>ut</strong></span> <span class='ocrx_word' id='word_1_456' title='bbox 952 4660 995 4719; x_wconf 89' lang='lat' dir='ltr'><strong>ita</strong></span> <span class='ocrx_word' id='word_1_457' title='bbox 1010 4659 1116 4724; x_wconf 86' lang='lat' dir='ltr'><strong>dicam,</strong></span> <span class='ocrx_word' id='word_1_458' title='bbox 1142 4658 1318 4729; x_wconf 90' lang='lat' dir='ltr'><strong>materiam;</strong></span> <span class='ocrx_word' id='word_1_459' title='bbox 1343 4656 1397 4716; x_wconf 88' lang='lat' dir='ltr'><strong>sed</strong></span> <span class='ocrx_word' id='word_1_460' title='bbox 1418 4664 1535 4716; x_wconf 89' lang='lat' dir='ltr'><strong>tantum</strong></span> 
     </span>
     <span class='ocr_line' id='line_1_48' title="bbox 178 4742 1533 4828; baseline 0 -25"><span class='ocrx_word' id='word_1_461' title='bbox 178 4742 1533 4828; x_wconf 51' lang='lat' dir='ltr'><strong>fflwrmstmemqmmmpmistnmemmsmlmmmmssBWmmffimmmm</strong></span> 
     </span>
     <span class='ocr_line' id='line_1_49' title="bbox 176 4833 1534 4918; baseline 0.002 -26"><span class='ocrx_word' id='word_1_462' title='bbox 176 4833 288 4910; x_wconf 84' lang='lat' dir='ltr'><strong>adlert,</strong></span> <span class='ocrx_word' id='word_1_463' title='bbox 313 4836 367 4897; x_wconf 87' lang='lat' dir='ltr'><strong>sed</strong></span> <span class='ocrx_word' id='word_1_464' title='bbox 391 4836 457 4898; x_wconf 91' lang='lat' dir='ltr'><strong>sola</strong></span> <span class='ocrx_word' id='word_1_465' title='bbox 480 4837 651 4918; x_wconf 85' lang='lat' dir='ltr'><strong>superficies</strong></span> <span class='ocrx_word' id='word_1_466' title='bbox 676 4837 743 4911; x_wconf 89' lang='lat' dir='ltr'><strong>BC,</strong></span> <span class='ocrx_word' id='word_1_467' title='bbox 779 4838 951 4917; x_wconf 83' lang='lat' dir='ltr'><strong>etquidem</strong></span> <span class='ocrx_word' id='word_1_468' title='bbox 976 4858 1032 4898; x_wconf 92' lang='lat' dir='ltr'><strong>non</strong></span> <span class='ocrx_word' id='word_1_469' title='bbox 1058 4837 1160 4909; x_wconf 89' lang='lat' dir='ltr'><strong>aliter,</strong></span> <span class='ocrx_word' id='word_1_470' title='bbox 1197 4854 1285 4915; x_wconf 88' lang='lat' dir='ltr'><strong>quam</strong></span> <span class='ocrx_word' id='word_1_471' title='bbox 1315 4842 1461 4914; x_wconf 89' lang='lat' dir='ltr'><strong>quatenus</strong></span> <span class='ocrx_word' id='word_1_472' title='bbox 1486 4843 1534 4895; x_wconf 89' lang='lat' dir='ltr'><strong>est</strong></span> 
     </span>
     <span class='ocr_line' id='line_1_50' title="bbox 177 4923 1534 5007; baseline 0.001 -25"><span class='ocrx_word' id='word_1_473' title='bbox 177 4923 341 4988; x_wconf 84' lang='lat' dir='ltr'><strong>densitatis</strong></span> <span class='ocrx_word' id='word_1_474' title='bbox 369 4926 537 5007; x_wconf 86' lang='lat' dir='ltr'><strong>particeps,</strong></span> <span class='ocrx_word' id='word_1_475' title='bbox 566 4946 618 5006; x_wconf 89' lang='lat' dir='ltr'><strong>per</strong></span> <span class='ocrx_word' id='word_1_476' title='bbox 647 4923 694 4990; x_wconf 80' lang='lat' dir='ltr'><strong>tl.</strong></span> <span class='ocrx_word' id='word_1_477' title='bbox 742 4929 809 4989; x_wconf 75' lang='lat' dir='ltr'><strong>lt&#39;on</strong></span> <span class='ocrx_word' id='word_1_478' title='bbox 834 4934 881 4987; x_wconf 88' lang='lat' dir='ltr'><strong>est</strong></span> <span class='ocrx_word' id='word_1_479' title='bbox 905 4935 1006 4988; x_wconf 88' lang='lat' dir='ltr'><strong>autem</strong></span> <span class='ocrx_word' id='word_1_480' title='bbox 1037 4924 1197 4988; x_wconf 87' lang='lat' dir='ltr'><strong>densitatis</strong></span> <span class='ocrx_word' id='word_1_481' title='bbox 1232 4924 1385 5003; x_wconf 88' lang='lat' dir='ltr'><strong>particeps</strong></span> <span class='ocrx_word' id='word_1_482' title='bbox 1408 4924 1438 4985; x_wconf 92' lang='lat' dir='ltr'><strong>in</strong></span> <span class='ocrx_word' id='word_1_483' title='bbox 1462 4942 1534 5003; x_wconf 90' lang='lat' dir='ltr'><strong>pro-</strong></span> 
     </span>
    </p>
   </div>
   <div class='ocr_carea' id='block_1_3' title="bbox 1102 2139 1123 2179">
    <p class='ocr_par' dir='ltr' id='par_1_6' title="bbox 1102 2139 1123 2179">
     <span class='ocr_line' id='line_1_51' title="bbox 1102 2139 1123 2179; baseline 0 0"><span class='ocrx_word' id='word_1_484' title='bbox 1102 2139 1123 2179; x_wconf 79' lang='grc' dir='ltr'><strong>ΙΙ</strong></span> 
     </span>
    </p>
   </div>
   <div class='ocr_carea' id='block_1_4' title="bbox 178 5013 1537 5097">
    <p class='ocr_par' dir='ltr' id='par_1_7' title="bbox 178 5013 1537 5097">
     <span class='ocr_line' id='line_1_52' title="bbox 178 5013 1537 5097; baseline -0.001 -23"><span class='ocrx_word' id='word_1_485' title='bbox 178 5013 323 5091; x_wconf 83' lang='lat' dir='ltr'><strong>lundum3</strong></span> <span class='ocrx_word' id='word_1_486' title='bbox 347 5024 432 5077; x_wconf 89' lang='lat' dir='ltr'><strong>esset</strong></span> <span class='ocrx_word' id='word_1_487' title='bbox 454 5015 533 5078; x_wconf 91' lang='lat' dir='ltr'><strong>enim</strong></span> <span class='ocrx_word' id='word_1_488' title='bbox 557 5035 678 5097; x_wconf 89' lang='lat' dir='ltr'><strong>corpus,</strong></span> <span class='ocrx_word' id='word_1_489' title='bbox 709 5037 766 5077; x_wconf 90' lang='lat' dir='ltr'><strong>non</strong></span> <span class='ocrx_word' id='word_1_490' title='bbox 791 5017 973 5096; x_wconf 87' lang='lat' dir='ltr'><strong>superficies.</strong></span> <span class='ocrx_word' id='word_1_491' title='bbox 1021 5016 1079 5076; x_wconf 88' lang='lat' dir='ltr'><strong>Est</strong></span> <span class='ocrx_word' id='word_1_492' title='bbox 1101 5034 1172 5077; x_wconf 89' lang='lat' dir='ltr'><strong>vero</strong></span> <span class='ocrx_word' id='word_1_493' title='bbox 1204 5015 1300 5076; x_wconf 90' lang='lat' dir='ltr'><strong>densa</strong></span> <span class='ocrx_word' id='word_1_494' title='bbox 1328 5013 1357 5075; x_wconf 91' lang='lat' dir='ltr'><strong>in</strong></span> <span class='ocrx_word' id='word_1_495' title='bbox 1386 5014 1481 5075; x_wconf 85' lang='lat' dir='ltr'><strong>latum</strong></span> <span class='ocrx_word' id='word_1_496' title='bbox 1505 5023 1537 5073; x_wconf 90' lang='lat' dir='ltr'><strong>et</strong></span> 
     </span>
    </p>
   </div>
   <div class='ocr_carea' id='block_1_5' title="bbox 0 0 1852 5842">
    <p class='ocr_par' dir='ltr' id='par_1_8' title="bbox 0 0 1852 5842">
     <span class='ocr_line' id='line_1_53' title="bbox 0 0 1852 5842; baseline 0 0"><span class='ocrx_word' id='word_1_497' title='bbox 0 0 1852 5842; x_wconf 95' lang='lat' dir='ltr'><strong> </strong></span> 
     </span>
    </p>
   </div>
  </div>
 </body>
</html>
