3692 5842
237 445 304 514 482
659 445 760 497 Litsrae
778 444 880 513 Keplsri
899 445 1051 512 aliorumque
1067 453 1170 501 mutuas

239 628 278 678 Tu
295 640 361 683 rere,
381 626 422 691 qai
445 625 537 689 optime
555 624 581 674 in
599 631 643 675 tna
662 625 753 690 Optica
772 621 924 689 (Dioptrica)
949 626 1079 690 perspicilli
1106 625 1228 676 ratium
1249 625 1339 682 docus,
1364 637 1458 690 quaeso
1474 624 1570 690 ramula

246 699 303 765 quid
321 699 406 749 sontis.
445 697 619 761 Spumctriam
639 699 703 746 enim
722 712 766 747 seu
784 699 870 761 prarin
889 698 1046 748 construendi
1064 712 1113 746 non
1131 698 1228 747 invenio
1247 709 1264 748 a
1281 703 1308 746 ts
1326 695 1453 746 traditam.

336 779 375 828 Ad
393 778 456 829 haee
475 777 661 843 Koplerns:
703 770 851 833 Judicium
876 789 973 830 meum
997 769 1116 849 expetis
1139 769 1176 829 de
1201 769 1261 830 tuis
1292 768 1411 830 studiis.
1464 766 1574 846 Egrep't

247 859 315 941 quin
340 860 436 920 dicam
459 859 531 920 nihil
556 860 584 920 in
609 879 692 920 mora
725 869 790 930 est,
825 879 891 922 enm
924 858 1031 918 iisdem
1064 866 1095 918 et
1126 858 1191 937 ipse
1228 857 1422 918 adhaeream.
1479 856 1574 919 Vereor

241 957 343 1011 tamen
368 955 402 1009 ut
426 956 525 1009 actum
551 968 625 1028 agas
649 948 678 1008 in
703 947 963 1010 theoriaJovialis
978 947 1094 1007 Mundi.
1143 945 1302 1028 Galuilaeus
1326 946 1405 1007 enirn
1425 945 1488 1025 jam
1507 946 1575 1006 nobis

241 1036 460 1118 Eplremcridas
485 1057 537 1097 seu
561 1037 656 1097 mavis
675 1037 845 1114 Ephoridas
868 1037 997 1117 prodere
1022 1035 1135 1114 incipit.
1183 1034 1244 1096 Sed
1268 1035 1390 1114 privata
1414 1034 1515 1114 cuique
1535 1055 1575 1096 sua

242 1125 420 1188 exercitatio
436 1145 584 1205 nunquam
600 1125 722 1199 inutilis,
745 1145 863 1207 semper
873 1126 1016 1207 jucunda.
1058 1125 1161 1186 Macte
1176 1123 1268 1204 igitur
1283 1124 1340 1185 hac
1356 1122 1502 1184 industria
1515 1133 1575 1184 esto.

327 1214 535 1293 Perspicillum
559 1225 648 1294 optas
677 1222 780 1294 aptum
805 1216 919 1276 dnobus
944 1214 1037 1275 oculis
1062 1221 1093 1274 et
1116 1234 1136 1273 a
1158 1231 1205 1274 ms
1230 1212 1422 1274 fabricatum.
1469 1211 1575 1274 Difficile

238 1312 331 1384 puto;
357 1311 477 1364 tentare
502 1305 586 1380 coepi
603 1311 672 1364 ante
688 1303 848 1366 biennium.
887 1305 1053 1382 Postquam
1068 1303 1146 1364 enim
1166 1303 1322 1381 capsulam
1348 1300 1486 1363 exhibuit
1505 1321 1575 1362 arcu·

242 1391 334 1454 larius
371 1394 488 1471 qualern
521 1393 793 1472 praescripseram,
829 1393 895 1454 risa
928 1400 976 1452 est
1007 1392 1192 1470 muscipulae
1225 1391 1352 1469 figuram
1387 1399 1480 1451 nacta
1509 1409 1576 1462 esset

241 1481 342 1542 fecisti
365 1480 457 1560 igitur
485 1500 521 1541 ue
553 1501 650 1542 essem
675 1480 847 1543 deridiculo.
895 1482 943 1542 Ac
976 1480 1033 1541 etsi
1066 1481 1211 1541 iaciamus
1244 1478 1365 1559 qualem
1400 1487 1506 1558 optas,
1534 1497 1576 1540 nor

240 1570 298 1630 erit
321 1573 394 1649 a'pta
417 1570 585 1647 promiscue
609 1570 746 1631 omnibus
770 1589 825 1631 nec
849 1587 967 1649 semper
990 1568 1097 1630 eidem.
1137 1567 1287 1629 Crescunt
1309 1567 1448 1629 homines
1471 1568 1499 1628 in
1521 1568 1576 1629 lati·

240 1658 373 1720 tudinem
398 1676 491 1737 usque
517 1660 555 1719 ad
579 1667 754 1737 provectam
778 1667 919 1721 aetatem.
965 1658 1040 1719 Tum
1066 1664 1166 1718 sutem
1191 1657 1355 1718 difficultas
1383 1656 1528 1726 maxima.
1555 1671 1577 1717 rt

243 1747 318 1807 duos
342 1747 431 1807 tubos
464 1746 600 1825 ejusdem
632 1750 754 1809 effectus
785 1749 814 1809 in
839 1749 954 1821 colore,
982 1747 1068 1825 copia
1092 1745 1212 1808 luminis
1235 1755 1267 1807 et
1291 1746 1466 1824 quantitate
1487 1743 1576 1825 speciei

240 1854 459 1914 comparemus.
507 1836 539 1898 Si
565 1837 687 1897 minima
707 1837 920 1915 discrepantia,
946 1844 1059 1915 quanta
1082 1835 1312 1897 incommoditas
1337 1836 1366 1894 in
1390 1835 1463 1896 usu!
1498 1833 1576 1896 Credo

243 1934 354 1998 tamen,
381 1925 408 2008 si
431 1924 599 2003 diligentia
621 1926 765 1993 accedat,
797 1926 993 2004 aliquousque
1021 1925 1189 2003 promoveri
1221 1944 1296 2003 opus
1319 1942 1411 2003 posse
1436 1943 1489 1984 usn
1510 1923 1577 1984 onis

244 2013 372 2076 convexi
405 2013 434 2074 iu
469 2014 613 2074 arundine
647 2014 805 2075 admodum
839 2015 929 2092 longa
961 2014 1142 2093 duorumque
1177 2032 1339 2085 carornm;
1381 2032 1438 2073 nec
1474 2013 1576 2072 multon

244 2103 411 2163 nocituram
440 2101 650 2181 obliquitatem
679 2103 804 2163 converri
835 2101 984 2163 tantulam
1016 2102 1054 2162 sd
1088 2120 1172 2163 cara.
1246 2109 1279 2173 (Ε
1307 2111 1386 2160 literis
1417 2109 1441 2158 a
1471 2107 1577 2159 theiis

245 2188 285 2239 16.
305 2189 368 2239 Dec.
390 2186 480 2250 1613).

339 2259 477 2325 Sequentes
496 2261 608 2311 Pisani
626 2261 713 2310 literae
733 2262 808 2311 datae
821 2269 879 2310 sunt
893 2262 946 2311 sins
959 2262 999 2310 dis
1012 2267 1038 2310 ct
1049 2261 1111 2316 loco,
1131 2274 1227 2325 sasque
1237 2258 1301 2308 haec
1319 2259 1438 2310 exhibent
1455 2260 1578 2324 pramis!

250 2332 352 2395 Kepleri
372 2333 455 2382 literas
478 2334 635 2395 spectantia:
656 2332 727 2392 Quod
746 2334 815 2389 dicis,
834 2333 898 2396 quod
921 2335 1019 2391 vereris,
1039 2332 1103 2396 quod
1127 2339 1210 2382 aetum
1235 2345 1310 2395 agam
1327 2332 1355 2380 in
1372 2331 1484 2382 theorica
1499 2329 1579 2382 tanati

249 2410 339 2459 motas,
360 2404 432 2453 crede
450 2406 484 2452 nil
503 2407 592 2453 minus.
619 2403 684 2452 Nam
704 2420 749 2468 ego
769 2404 890 2454 delineari
909 2404 1019 2453 meones
1030 2403 1097 2452 Joris
1116 2405 1141 2452 in
1154 2417 1200 2452 sus
1218 2403 1311 2451 orbium
1329 2405 1475 2465 symmetria
1491 2415 1515 2453 et
1529 2405 1579 2452 dra

245 2474 392 2523 diametrum
418 2463 628 2538 epinycti'addidt
657 2475 789 2530 circulum.
817 2478 842 2523 in
862 2490 908 2539 quo
935 2481 1039 2538 quatuor
1067 2489 1165 2523 errones
1190 2473 1363 2524 circatorem
1387 2475 1495 2524 satellitii
1519 2475 1579 2524 1111

240 2545 355 2595 incedens
375 2559 405 2594 ac
429 2552 496 2594 staro
523 2546 627 2595 delineo.
667 2546 699 2594 Et
716 2548 752 2596 sic
778 2549 853 2596 stiam
878 2548 963 2610 scripsi
984 2545 1089 2594 Domino
1109 2544 1203 2594 Galileo
1222 2552 1248 2594 ot
1272 2547 1328 2594 misi
1357 2545 1446 2595 libram
1464 2547 1495 2596 ad
1511 2545 1578 2596 sm

242 2616 363 2681 Magnum
382 2616 487 2666 Ducem.

333 2688 442 2738 Galileus
460 2688 520 2737 milri
532 2689 638 2752 scripsit,
658 2688 843 2751 quaereretur,
862 2690 962 2738 unicum
981 2686 1098 2739 circulum
1111 2701 1160 2736 non
1173 2685 1287 2737 sulficere
1306 2687 1420 2736 omnibus
1439 2687 1577 2752 appareaffl:

244 2773 291 2824 ego
310 2760 438 2823 respondi,
463 2759 528 2824 quod
546 2760 739 2823 inaequalitates
766 2761 892 2809 theoricae
910 2759 977 2808 Joris
996 2767 1022 2808 et
1044 2773 1108 2808 uuus
1130 2757 1171 2808 ills
1197 2758 1302 2808 circulus
1329 2773 1417 2808 omnes
1444 2758 1579 2824 apparead!

246 2829 326 2879 solvat
344 2846 388 2880 seu
408 2829 583 2886 eximat;lroc
603 2839 687 2880 autem
707 2831 795 2880 clarius
815 2831 907 2880 ridebis
926 2831 952 2879 in
970 2831 1039 2879 libro.

333 2901 404 2961 Quod
423 2902 484 2950 dicis
504 2902 533 2951 de
552 2902 754 2964 Ephcmeridibus
773 2902 870 2958 Galilei‚
890 2902 924 2950 nil
942 2916 1003 2951 sane
1023 2901 1120 2950 audiri:
1148 2907 1208 2964 puto
1227 2907 1327 2954 autern.
1347 2901 1413 2965 quod
1432 2900 1523 2966 siquid
1537 2899 1580 2949 atti

244 2974 290 3021 erit
317 2973 369 3035 ipso
389 2973 498 3021 Gallicus
526 2972 584 3021 mihi
614 2974 711 3021 scribet.
751 2973 937 3037 (premerides
965 2973 1096 3022 Jorialium
1123 2972 1259 3021 satellitum
1278 2971 1408 3020 Galilaeae
1435 2986 1484 3022 aon
1507 2971 1579 3022 aasz

243 3045 329 3091 insunt
347 3051 431 3092 autom
450 3045 624 3107 manuscriptis
644 3043 757 3101 Galilaei,
777 3047 802 3092 iu
822 3045 929 3093 editione
949 3045 1090 3093 l‘lorentina
1108 3045 1173 3106 typis
1191 3043 1288 3092 traditis
1307 3044 1364 3092 l'ol.
1386 3040 1432 3103 l'.)

335 3131 374 3181 Do
392 3132 529 3195 perspicillo
548 3133 642 3180 duobus
661 3133 737 3180 oeulis
762 3140 846 3196 aptato
866 3134 899 3180 nil
927 3133 1005 3182 audeo
1025 3133 1119 3192 dicero,
1144 3146 1173 3181 εο
1192 3133 1256 3196 quod
1275 3134 1426 3181 exanimasti
1445 3148 1492 3182 me.
1524 3131 1581 3182 Situ

243 3209 327 3251 tantus
347 3203 404 3253 Dux
423 3205 501 3267 iugis,
529 3203 586 3267 quid
605 3205 700 3252 facient
727 3204 837 3252 milites?
866 3203 963 3266 Oquid
983 3205 1105 3253 audeam!
1134 3205 1186 3252 lmo
1210 3204 1375 3266 superaddis:
1396 3205 1471 3267 quod,
1492 3203 1582 3268 qums

244 3275 403 3331 inveniretur,
423 3284 507 3324 tamen
527 3290 586 3338 opus
612 3276 697 3324 inutile
716 3281 789 3324 esset.
827 3275 894 3325 Sauo
913 3277 1012 3325 territus
1036 3277 1158 3339 obstupui.
1178 3275 1222 3325 sed
1241 3290 1290 3323 non
1309 3276 1420 3323 funditus
1447 3277 1507 3338 ejeci
1523 3287 1583 3339 open.

243 3361 301 3394 nam
320 3346 379 3394 milri
398 3347 494 3395 ridetur
513 3346 645 3409 aliquando
665 3348 727 3396 benc
746 3348 941 3396 succedere...
961 3347 1014 3410 Ego
1032 3347 1081 3411 legi
1101 3355 1169 3396 tuam
1189 3345 1317 3409 Opticam.
1337 3361 1401 3395 sans
1420 3354 1530 3396 teranto
1545 3346 1584 3392 viro

242 3417 358 3481 dignam,
388 3426 413 3467 et
431 3432 593 3480 quaecunque
622 3418 762 3466 doctissima
790 3419 877 3474 doces,
907 3420 991 3481 quibus
1010 3433 1071 3467 sane
1090 3419 1123 3466 nil
1147 3433 1222 3481 supra
1240 3432 1287 3466 nec
1315 3418 1416 3467 uberius
1434 3433 1483 3468 nec
1505 3418 1584 3467 doeth

243 3492 381 3552 quicquam.
408 3489 490 3538 Unum
510 3496 607 3538 tantum
626 3490 751 3551 problema
770 3490 897 3539 desidero:
917 3490 1069 3553 perspicillus
1089 3492 1200 3539 consistit
1212 3491 1238 3537 in
1255 3504 1304 3537 uuo
1323 3499 1417 3551 puncto
1435 3489 1585 3553 perfectioni

242 3561 306 3623 quod
325 3567 362 3609 est
380 3563 489 3609 maxima
516 3562 642 3624 elongatio
660 3564 732 3609 unius
752 3562 882 3624 perspicilli
902 3561 934 3609 ab
953 3562 1045 3616 altere.
1074 3569 1099 3610 ct
1117 3562 1226 3610 maxima
1248 3563 1384 3612 retractior
1413 3577 1470 3610 tum
1488 3563 1587 3610 uniunt!

242 3630 305 3679 haec
325 3632 381 3692 duo,
400 3639 458 3680 tunc
477 3633 629 3695 perspicillus
649 3635 753 3695 optimus
773 3640 818 3681 est.
857 3632 918 3681 Peto
939 3646 954 3680 a
972 3641 996 3680 te
1016 3632 1061 3681 hoc
1082 3632 1132 3681 tals
1150 3632 1291 3694 problema:
1319 3632 1379 3680 dato
1398 3648 1449 3682 uno
1467 3631 1588 3696 perspiull·

243 3717 351 3752 concavo
365 3704 402 3751 rel
416 3718 532 3759 convexo.
547 3705 655 3751 invenire
667 3704 721 3751 dno.
743 3704 849 3751 Primum
861 3711 905 3762 est,
920 3705 983 3751 scira
997 3703 1192 3768 magnitudinem
1205 3705 1369 3752 concavitatis
1383 3713 1429 3752 ant
1442 3705 1588 3754 coauxit&

244 3774 353 3826 alterius.
375 3774 480 3822 alterum
494 3783 540 3829 est.
560 3777 622 3822 scire
637 3774 780 3822 distantium
799 3777 871 3823 unius
890 3775 1020 3837 perspicilli
1040 3776 1072 3823 ab
1085 3775 1141 3826 alin.
1161 3775 1186 3823 id
1198 3774 1262 3838 qaod
1274 3783 1313 3823 est
1332 3774 1462 3838 longitudo
1474 3775 1532 3824 tubi.
1559 3775 1590 3824 su

243 3844 315 3892 datus
328 3845 480 3906 perspicillus
500 3860 623 3895 concavus
638 3854 681 3893 aut
695 3861 825 3904 convexus,
846 3847 899 3893 rolo
912 3847 983 3903 scire,
1003 3849 1056 3910 quis
1069 3845 1220 3909 perspicillus
1239 3860 1363 3895 convexus
1375 3861 1421 3894 sen
1434 3849 1489 3910 quis
1499 3847 1591 3897 siml·

243 3916 404 3964 convexitatis
412 3926 535 3979 competat
542 3918 679 3965 inmarima
688 3918 834 3965 retractione
843 3919 898 3966 alio.
912 3916 1043 3966 Voloscire
1053 3919 1153 3980 pariter.
1161 3925 1281 3980 quantum
1289 3916 1419 3966 distabunt
1426 3919 1544 3968 invicem!
1553 3917 1590 3968 ts

336 3986 531 4048 Responsionem
551 3987 651 4049 Kepleri
672 3989 702 4036 ad
722 3989 768 4036 lras
788 4003 853 4036 anno
875 3985 950 4034 1611.
972 3989 1044 4038 datas
1061 3989 1146 4036 literas
1164 4004 1214 4036 non
1234 3990 1362 4051 accepisse
1381 3989 1480 4038 ridetur
1490 3988 1592 4040 rim

244 4073 300 4105 cum
319 4057 479 4121 quadriennio
498 4067 553 4121 post
567 4059 666 4106 easdem
686 4068 806 4123 proponat
825 4063 982 4123 quaestiones
995 4062 1020 4109 in
1038 4060 1114 4108 litoris
1127 4060 1160 4109 ad
1172 4060 1308 4122 Keplerum
1328 4058 1396 4108 datis
1409 4061 1492 4109 Antv.
1506 4059 1529 4110 1.
1541 4061 1592 4112 isa

250 4126 324 4184 1616,
345 4129 456 4177 addens:
478 4130 614 4193 „eillagitm
634 4136 662 4178 ut
675 4132 732 4179 milri
752 4131 852 4185 scribas.
873 4134 978 4194 quidvis
992 4147 1034 4194 pre
1053 4131 1176 4179 laboribus
1193 4132 1250 4179 tuis.
1276 4130 1346 4180 Illico
1366 4133 1433 4180 enim
1451 4133 1593 4184 nohhein

243 4208 270 4249 et
288 4201 331 4250 tibi
351 4201 442 4248 solvam
462 4201 526 4264 quod
545 4203 625 4263 petis;
654 4209 739 4250 tantus
759 4205 824 4251 enim
843 4218 909 4256 sum.
936 4209 963 4251 ut
982 4204 1044 4251 bens
1063 4203 1157 4252 solvere
1175 4203 1281 4266 possim*
1302 4201 1358 4257 dc..
1387 4203 1593 4269 superadderem

245 4273 322 4321 nimia
346 4272 448 4336 Kepleri
477 4274 596 4321 encomia.
635 4274 801 4336 Keplorus
829 4276 954 4337 respondit
979 4271 1083 4333 (Linciis
1105 4271 1146 4321 16.
1168 4277 1225 4337 Apr.
1248 4270 1340 4331 1618.)
1358 4273 1427 4324 hunc
1446 4277 1473 4324 ia
1490 4277 1592 4326 modu:

334 4362 453 4422 literas
470 4362 560 4430 Tuas,
585 4362 778 4424 Nobilissime
804 4363 922 4435 Octavi,
949 4364 1078 4440 scriptas
1103 4360 1132 4425 1.
1149 4362 1285 4424 Januarii
1311 4382 1415 4424 mense
1439 4365 1592 4428 Februan'a

241 4450 349 4529 recepi.
398 4449 556 4519 Quodnam
583 4470 677 4510 nreum
712 4454 821 4512 uralum
847 4453 874 4511 in
900 4452 977 4513 Nob.
1003 4452 1120 4513 lixeell.
1147 4453 1241 4512 Tuam
1267 4461 1354 4512 extat
1380 4455 1536 4526 meritum,
1565 4467 1593 4514 ut

244 4548 289 4599 tot
324 4539 469 4600 rrrarlriuis
503 4540 719 4600 innueritarum
755 4542 873 4601 laudum
910 4560 1109 4621 precumque,
1148 4543 1253 4621 quales
1290 4542 1430 4620 superbis
1469 4541 1593 4605 adbiberi

240 4629 348 4701 solent,
374 4631 603 4707 expugnandum
619 4630 771 4689 eerrsueris
796 4650 890 4690 oneum
915 4631 1078 4692 silentium.
1125 4630 1291 4710 Numquid,
1316 4649 1384 4691 cum
1413 4652 1493 4693 anuo
1521 4625 1592 4695 1611

240 4718 279 4776 ad
304 4736 349 4776 rue
374 4718 558 4796 scripsisses,
587 4739 642 4778 nou
668 4720 808 4797 expedite
834 4718 995 4797 respondi?
1034 4720 1100 4781 Etsi
1127 4740 1197 4782 rero
1222 4709 1401 4781 tarditatem
1417 4741 1514 4783 meam
1532 4721 1593 4800 jore

241 4814 292 4865 tuo
318 4804 497 4884 increpitare
523 4808 616 4867 rideri
643 4808 759 4885 possis:
795 4823 826 4867 at
861 4829 895 4868 ne
930 4808 985 4868 lrac
1020 4809 1137 4889 quidem
1173 4810 1201 4869 in
1234 4808 1430 4870 accusatione
1454 4813 1593 4891 persistes

242 4893 343 4952 causis
367 4895 528 4972 perceptis.
577 4895 723 4956 Nimirum
751 4897 845 4957 lino-ii
871 4916 1006 4958 caremus
1037 4906 1143 4976 postero
1174 4897 1333 4970 beneficiu;
1373 4899 1591 4961 tabellariorum

242 4997 318 5058 gens
343 4980 472 5043 literatis
497 4983 615 5045 int'ensa
640 4992 697 5054 est,
722 5004 756 5044 eo
782 4987 859 5064 quod
884 5005 974 5064 parce
999 4986 1072 5065 ipsis
1096 4986 1293 5048 exsolvuntur
1316 4987 1467 5066 preciola,
1491 4987 1592 5070 qnippe
