3692 5842
241 475 307 543 696
721 474 761 526 no
780 475 860 527 sou·
876 474 949 527 uon
966 474 1117 541 spanum

242 675 357 738 quoque
381 655 469 730 fixae,
492 672 546 734 pro
569 661 679 714 natura
701 653 768 727 loci,
793 652 843 735 qui
866 652 1080 717 inaestimabili
1103 652 1262 717 intervallo
1277 652 1433 732 ansgisus
1447 653 1596 716 0100111011

242 746 347 814 distat,
376 743 549 807 rarissimae
573 743 664 804 etiam
687 751 720 803 et
742 743 871 803 maxime
895 742 1063 818 diuturnae,
1086 762 1154 806 cnm
1178 743 1238 805 sint
1262 749 1297 805 ct
1318 742 1484 806 muimae.

330 835 387 896 1v.
434 834 524 896 Addo
556 840 588 893 et
617 839 754 911 quartum
787 841 994 910 argumentum
1017 832 1056 894 ab
1088 832 1193 912 eclipsi
1216 832 1320 908 Solis,
1356 852 1450 914 qnam
1474 829 1595 894 Octobri

243 943 345 988 rnense
370 922 508 986 vidimus.
553 920 683 1000 Neapoli
715 928 797 982 totus
830 921 949 1001 quidem
978 919 1032 983 801
1060 929 1159 984 tectus
1192 922 1358 1003 apparuit,
1391 923 1448 984 sed
1475 922 1596 983 eunden

241 1015 331 1095 plane
355 1013 395 1074 ad
418 1012 547 1086 modom,
573 1010 818 1090 quemadmodum
841 1010 1023 1072 Plutarchus
1047 1019 1117 1073 ante
1142 1030 1236 1074 annos
1265 1008 1353 1076 1500
1375 1021 1411 1074 et
1434 1010 1505 1094 ipae
1527 1012 1596 1073 vidit

242 1103 391 1183 aliquam3
424 1102 510 1180 cujus
540 1100 633 1161 rerba
662 1118 700 1159 ex
733 1099 784 1161 lol.
809 1096 875 1162 318
907 1118 1038 1162 meorum
1062 1097 1237 1180 Opticorum
1267 1101 1347 1163 haec
1379 1108 1472 1163 sunt:
1506 1112 1597 1166 Eleas

244 1202 354 1274 quidam
375 1202 505 1272 splendor
525 1199 598 1253 circa
618 1198 744 1263 orbitam,
766 1216 821 1253 non
841 1197 934 1253 sinens
955 1200 1044 1256 altam
1063 1195 1227 1273 ni'miamqne
1245 1201 1308 1256 deri
1327 1202 1470 1257 unum
1520 1191 1596 1253 Nea·

246 1280 383 1362 politana
406 1299 477 1342 vero
501 1278 607 1341 relatio
631 1278 793 1357 superioris
814 1278 883 1339 anui
897 1278 942 1340 sic
956 1277 1068 1341 habet:
1093 1290 1233 1343 accurate
1255 1288 1375 1343 testum
1390 1280 1597 1342 1010001001

243 1370 355 1439 Solem,
380 1370 457 1451 quod
482 1368 599 1450 quidem
623 1386 682 1429 non
702 1367 752 1428 diu
776 1367 950 1442 duraverit;
974 1367 1003 1429 in
1018 1368 1125 1442 medio,
1150 1371 1199 1432 ubi
1223 1370 1319 1445 Lnna,
1348 1370 1449 1432 fuisse
1474 1370 1597 1449 spectes

245 1460 331 1540 quasi
355 1459 459 1539 nigrae
479 1458 576 1526 uubis,
601 1455 794 1518 circumcirca
817 1457 974 1519 rubentem
993 1466 1025 1519 et
1042 1457 1210 1520 flammeum
1233 1459 1444 1541 splendorem,
1470 1457 1597 1539 00000111

242 1548 372 1628 nudique
397 1547 579 1621 latitudinis,
614 1546 663 1624 qui
687 1546 796 1607 bonam
819 1546 895 1607 coeli
917 1553 1037 1626 partem
1069 1547 1268 1627 occupaverit
1314 1547 1347 1610 Ε
1371 1548 1502 1629 regione
1525 1545 1597 1610 Solia

244 1657 351 1700 versus
374 1636 610 1717 septentrionem
644 1635 759 1697 coelum
792 1635 949 1697 obscurum
979 1636 1087 1715 plane,
1118 1647 1153 1699 ut
1174 1657 1240 1700 cum
1272 1637 1429 1718 profunda
1453 1657 1517 1699 nox
1538 1647 1596 1708 est;

245 1726 354 1788 stellas
379 1733 479 1788 tamen
504 1745 563 1787 non
585 1725 679 1787 visas.
726 1724 769 1787 Ut
799 1733 899 1786 antem
934 1724 1008 1787 nihil
1040 1726 1158 1787 dubites
1181 1727 1299 1789 deiide
1326 1726 1506 1801 historiae,
1535 1744 1596 1787 eoae

245 1815 336 1878 aliam
370 1834 407 1876 ex
438 1814 598 1888 Flandria‚
630 1813 679 1875 nbi
712 1833 769 1875 nou
802 1821 885 1875 totus
917 1814 1034 1894 quidem
1059 1813 1112 1877 801
1146 1824 1265 1891 10010ος
1297 1816 1501 1896 prominebat
1527 1816 1595 1877 enin

244 1924 384 1985 suprema
407 1923 478 1986 pars
502 1902 605 1966 circuli
624 1901 741 1964 Solaris
765 1901 864 1964 lucida
888 1903 1047 1965 latitudine
1070 1904 1155 1966 unius
1179 1905 1266 1985 digiti
1291 1914 1347 1967 aut
1370 1906 1493 1969 dimidii
1517 1909 1595 1980 (sanc

243 1993 314 2074 qnia
337 1993 533 2073 Antverpiae,
558 1992 689 2053 citeriori
712 1991 795 2067 loco,
820 1992 964 2054 exstabat
986 1993 1134 2073 digitus);
1158 1995 1210 2057 sed
1235 2003 1336 2057 tamen
1363 1996 1479 2075 globus
1502 1995 1595 2057 Lunae

242 2084 342 2156 visus,
377 2083 533 2145 declinans
566 2082 604 2142 ad
635 2080 845 2159 nigredinem,
884 2082 986 2144 fuscus
1019 2092 1072 2144 aut
1102 2084 1188 2164 quasi
1218 2083 1344 2163 fuligine
1382 2093 1596 2158 tectus,‚ean

241 2172 377 2253 superior
408 2170 650 2234 circumferentia
672 2171 777 2232 Lunae
809 2179 892 2232 esset
923 2178 989 2233 tota
1021 2172 1150 2234 candida
1171 2180 1203 2235 st
1230 2173 1317 2253 qnasi
1349 2173 1458 2255 ignea.
1507 2173 1549 2234 Et
1568 2184 1595 2232 nt

241 2267 404 2338 constaret,
421 2262 516 2323 visum
531 2280 598 2323 esse
622 2261 719 2323 locum
735 2260 810 2322 disci
825 2260 929 2321 Lunae
948 2260 1063 2339 integre
1079 2262 1349 2343 circumscriptum,
1371 2263 1463 2326 addit
1485 2262 1595 2332 relatio,

240 2352 337 2413 locum
361 2370 487 2426 omnem,
511 2349 541 2412 in
565 2369 652 2430 quern
675 2372 694 2412 a
717 2348 789 2412 Sole
813 2349 895 2411 visus
924 2369 1049 2411 aversus
1080 2350 1276 2430 dirigeretur,
1309 2352 1410 2415 visum
1433 2372 1509 2415 esse
1533 2351 1595 2413 luli-

240 2440 377 2521 giuosum
418 2439 660 2502 circumferentia
696 2439 794 2519 ignea
848 2438 917 2501 Non
954 2447 1075 2519 poterat
1104 2439 1195 2520 igitur
1231 2441 1468 2520 phaenomenon
1507 2441 1596 2520 ipsun

240 2530 353 2591 habere
382 2530 490 2604 aliter,
523 2530 608 2608 cujus
639 2529 756 2608 species
779 2529 809 2590 in
834 2528 919 2589 oculo
949 2528 1020 2590 talis
1052 2539 1128 2592 erat.
1175 2528 1279 2591 Simila
1311 2530 1474 2612 quippiam
1508 2531 1595 2592 risun

388 2636 442 2703 rig.
463 2632 488 2687 t.
639 2616 842 2680 estJessenio
857 2617 974 2696 Targae
998 2617 1028 2679 in
1052 2618 1156 2700 eclipsi
1179 2619 1249 2680 anni
1276 2616 1375 2684 1598.
1414 2620 1510 2681 Vidit
1527 2620 1596 2680 euim

440 2752 442 2756 ,
644 2706 801 2788 splendore
825 2705 942 2768 Lunam
965 2707 1054 2786 plane
1077 2708 1167 2788 cingi.
1215 2709 1295 2770 Vide
1318 2726 1390 2789 pag.
1418 2707 1490 2774 318
1512 2706 1595 2788 0011·

643 2816 761 2872 corum,
800 2794 851 2857 nbi
879 2814 984 2857 vocem
1017 2796 1097 2859 airis
1134 2798 1196 2860 late
1230 2797 1333 2880 accipe
1366 2818 1425 2880 pro
1457 2799 1597 2861 aetherea

644 2886 735 2948 etiam
759 2884 941 2947 substantia.
957 2880 999 2960 ³¹)

731 2975 789 3036 Hic
813 2993 941 3055 quaero,
975 2973 1095 3056 quinam
1124 2976 1214 3037 luerit
1237 2976 1287 3037 ille
1318 2976 1467 3056 splendor
1498 2979 1596 3057 ignens

643 3064 832 3126 circumdans
855 3064 986 3139 Lunam,
1016 3082 1091 3144 quae
1116 3065 1154 3125 ad
1182 3065 1278 3127 visum
1301 3074 1369 3127 erat
1393 3064 1471 3130 Sole
1496 3068 1594 3146 major,

643 3154 712 3233 quia
752 3161 846 3214 totum
879 3152 982 3214 Solem
1018 3154 1241 3216 absconderat?
1291 3156 1354 3216 luro
1390 3156 1518 3237 quinam
1551 3157 1594 3217 itte

641 3243 798 3323 splendor,
831 3243 880 3322 qui
904 3242 1019 3304 Lunam
1044 3243 1082 3304 ab
1106 3244 1244 3306 inferiore
1268 3245 1378 3319 limbo,
1412 3266 1474 3326 quo
1499 3245 1594 3309 Solem

642 3332 715 3393 haec
748 3333 785 3392 ad
819 3330 905 3393 unius
937 3332 1024 3410 digiti
1058 3333 1245 3395 latitudinem
1283 3334 1475 3411 excedebat,
1511 3335 1593 3397 nihil·

641 3421 757 3481 ominus
786 3421 1047 3500 amplectebatur?
1079 3421 1229 3501 Splendor
1261 3432 1328 3485 erat
1351 3422 1456 3499 Solis,
1493 3425 1594 3507 inquis

642 3512 774 3583 Verum3
799 3521 832 3571 at
854 3528 911 3571 non
935 3510 992 3571 hoc
1017 3512 1178 3590 quaeritur,
1204 3514 1258 3574 sed
1283 3532 1436 3594 quaenam
1460 3515 1595 3584 materia

549 3613 563 3637 ⁰
641 3600 789 3681 quodnam
813 3599 987 3679 subjectum,
1012 3600 1041 3660 in
1067 3619 1123 3680 quo
1147 3601 1279 3664 inhaesit
1301 3604 1361 3665 iste
1383 3603 1470 3666 Solis
1495 3606 1593 3686 splen-

640 3689 715 3750 dor?
739 3689 811 3767 Ipsa
834 3707 959 3769 namque
983 3707 1037 3768 per
1060 3709 1093 3750 se
1117 3691 1167 3751 lux
1190 3692 1330 3772 digressa
1352 3713 1373 3754 a
1392 3713 1449 3756 suo
1474 3711 1594 3774 corpore

639 3779 720 3840 cerni
744 3798 801 3839 non
826 3787 929 3858 potest
951 3777 1008 3839 nisi
1033 3778 1061 3839 in
1086 3780 1241 3859 subjecto;
1266 3782 1337 3861 quia
1356 3784 1503 3863 nuspiam
1525 3802 1593 3845 con·

639 3868 731 3941 sistit,
758 3868 894 3947 nuspiam
918 3866 1091 3947 impingitur
1114 3869 1171 3930 nisi
1195 3870 1224 3931 iu
1248 3890 1343 3951 opaco
1368 3873 1504 3952 quodam
1528 3872 1594 3933 sub·

634 3958 730 4036 jecto.
783 3955 817 4018 Si
855 3957 955 4031 dicas,
990 3963 1090 4019 ae'rern
1126 3956 1219 4019 fuisse
1253 3961 1320 4022 hnic
1353 3962 1515 4041 splendori
1546 3979 1594 4042 pro

639 4045 784 4125 subjecto,
810 4045 994 4107 diversorum
1018 4047 1149 4109 locorum
1173 4050 1368 4128 experientiis
1394 4052 1594 4114 diversimode

591 4163 596 4182 ··
638 4135 818 4196 relutabere.
865 4136 898 4196 ln
923 4135 1077 4197 schemate
1110 4137 1151 4197 sit
1173 4139 1215 4214 αβ
1237 4136 1306 4212 801,
1340 4135 1380 4213 d(
1407 4141 1518 4215 Luna,
1549 4137 1598 4216 dri

638 4242 730 4285 conus
763 4224 906 4285 umbrae:
941 4224 1049 4303 globus
1083 4226 1212 4288 Telluris
1236 4250 1274 4289 aa.
1321 4229 1424 4309 Igitur
1456 4230 1593 4310 Neapoli,

638 4313 687 4394 qui
711 4314 794 4375 locus
823 4312 1011 4392 concipiatur
1032 4315 1062 4375 in
1088 4338 1115 4389 a,
1142 4324 1224 4377 totus
1247 4316 1300 4379 801
1330 4319 1433 4380 latuit.
1482 4323 1528 4382 At
1550 4319 1594 4380 uhi

638 4402 692 4464 Sol
717 4402 811 4477 latet,
843 4402 869 4463 is
893 4403 975 4463 10000
1000 4403 1028 4464 10
1060 4404 1164 4466 umbra
1187 4416 1234 4468 est
1256 4406 1378 4482 Lunae,
1414 4419 1493 4489 puta
1521 4411 1594 4470 intra

636 4518 655 4567 r,
680 4512 715 4553 a:
741 4511 832 4572 quare
856 4492 910 4553 1110
932 4493 1031 4571 portio
1056 4495 1149 4566 abiis,
1182 4513 1347 4575 perquam
1372 4501 1495 4577 species
1521 4497 1593 4578 ignei

636 4581 805 4661 splendoris
820 4581 938 4642 Lunam
962 4583 1096 4662 proxime
1115 4583 1302 4646 circumdans
1318 4586 1347 4647 iu
1364 4588 1471 4649 oculos
1491 4588 1593 4650 obser·

635 4671 750 4733 vatoris
774 4679 823 4732 est
847 4671 990 4750 delapsa,
1016 4673 1069 4733 illa
1095 4672 1216 4753 inquam
1246 4675 1346 4754 portio
1370 4677 1456 4738 aeris
1478 4677 1592 4739 eratin

635 4760 740 4821 umbra
763 4760 869 4821 Lunae
893 4761 974 4821 intra
996 4784 1041 4822 n.
1090 4760 1144 4824 Sol
1167 4762 1259 4841 igitur
1286 4771 1389 4827 adrem
1414 4768 1517 4841 illuns,
1549 4765 1590 4826 eni

635 4850 775 4911 tribuitur
803 4850 947 4929 splendor
975 4850 1033 4911 iste
1057 4851 1095 4912 ab
1119 4861 1302 4931 opponente,
1328 4874 1388 4916 non
1420 4856 1589 4919 illustrarit.

634 4937 726 5000 Dicet
756 4938 858 5000 forsan
889 4939 1098 5014 adversarius,
1135 4942 1288 5023 margines
1316 4944 1425 5006 Lunae
1456 4945 1589 5023 Solisque

634 5029 710 5090 adeo
734 5029 871 5107 praecise
895 5029 1023 5092 invicem
1047 5029 1225 5110 applicatos,
1251 5041 1285 5095 ut
1301 5053 1361 5097 non
1377 5034 1455 5098 bene
1478 5035 1587 5097 discer-
