3692 5842
813 487 896 539 noae
915 487 1030 539 suan.
1534 485 1599 553 327

334 670 434 739 ltaque
453 669 507 720 duo
527 665 686 736 responderi
706 672 839 736 possunt:
862 672 913 722 ant
925 667 997 722 enim
1018 666 1167 720 absurdum
1186 666 1292 720 nullum
1313 671 1421 721 estant
1441 668 1599 737 absurditas

245 751 286 804 ab
303 749 364 821 ipso
378 748 531 804 Aristotele
552 748 666 801 sublata
686 753 738 801 est.
767 747 888 811 Nullum,
910 748 1030 818 inquam,
1053 748 1209 809 absurdum,
1231 746 1255 800 si
1276 747 1439 801 concentrici
1459 755 1600 818 ponantur

244 847 305 885 arm
334 828 446 884 usitatis
476 827 616 882 Theoricis
645 827 762 891 libellis,
793 827 838 898 qui
866 828 1004 883 theoriam
1033 828 1165 897 planetae
1190 842 1278 896 supra
1301 833 1332 880 et
1359 827 1433 883 intra
1457 829 1600 883 claudunt.

244 911 282 966 Hi
303 926 421 981 namque
442 908 608 963 concentrici
628 914 772 962 moventur
792 908 934 978 aequabili
954 915 1038 964 motu.
1070 908 1162 978 Igitur
1182 906 1291 964 ffieoria
1310 907 1442 976 planetae
1463 907 1600 963 inferioris

244 998 277 1045 et
295 998 426 1045 vectatur
447 987 620 1058 asnperiore
641 988 797 1042 includente
819 994 850 1041 et
869 988 934 1058 ipsa
946 1006 996 1045 suo
1017 987 1143 1041 movendi
1162 987 1295 1057 principio
1317 988 1394 1041 addit
1414 988 1515 1059 aliquid
1537 987 1602 1044 huic

245 1070 412 1126 sectationis
433 1069 527 1131 motui,
551 1086 604 1140 quo
617 1069 649 1122 ht
668 1068 790 1126 velocior
810 1068 939 1122 vehente.
968 1070 1067 1139 Itaque
1088 1068 1112 1121 si
1132 1067 1201 1121 nihil
1222 1076 1267 1122 est
1280 1068 1399 1131 absurdi,
1421 1069 1485 1122 vehi
1504 1086 1601 1123 eccen-

244 1153 343 1207 tricum
371 1168 390 1205 a
416 1148 604 1204 deterentibus
633 1148 661 1203 in
689 1165 745 1203 una
769 1148 865 1219 aliqua
888 1149 1000 1203 theoria
1028 1156 1058 1202 et
1081 1148 1189 1202 interim
1216 1149 1319 1202 moveri
1345 1163 1396 1217 per
1421 1150 1602 1203 deferentium

245 1232 395 1286 cavitatem
424 1230 537 1301 proprio
566 1236 657 1283 motus
687 1229 836 1299 principio,
868 1229 937 1283 nihil
958 1230 1042 1284 etiam
1072 1229 1196 1293 absurdi,
1228 1229 1292 1282 vehi
1322 1228 1448 1302 integras
1478 1229 1601 1284 theorias

244 1313 388 1366 interiores
409 1327 428 1365 a
448 1310 648 1380 superioribus,
679 1310 842 1379 interimque
872 1316 905 1363 ιιι
931 1310 1071 1363 formicam
1098 1308 1126 1363 in
1155 1308 1320 1363 circumacta
1346 1317 1411 1363 rota
1438 1308 1466 1364 in
1491 1311 1602 1364 easdem

244 1400 340 1463 partes
361 1390 464 1461 aliquid
485 1391 617 1460 prolicere
637 1391 715 1444 ultra
735 1390 907 1444 celeritatem
927 1390 1101 1445 sectationis.

335 1479 466 1549 Quicquid
487 1495 552 1532 vero
573 1479 686 1536 absurdi
707 1480 782 1546 hinc,
805 1481 840 1534 ob
860 1480 1049 1553 diversitatem
1063 1480 1135 1534 t'crte
1149 1470 1288 1548 polorum,
1309 1485 1468 1534 exstrueret
1488 1478 1598 1550 aliquis,
1688 1503 1691 1508 ·

243 1561 411 1615 Aristoteles
437 1560 479 1612 ita
503 1560 631 1624 sustulit,
653 1568 685 1615 nt
705 1560 815 1615 Eudoxi
843 1566 873 1614 et
899 1560 1009 1632 Calippi
1035 1559 1146 1615 orbibus
1178 1555 1215 1613 27
1241 1559 1431 1629 interponeret
1456 1560 1525 1613 alios
1554 1556 1600 1624 26,

244 1658 313 1713 quos
333 1639 514 1695 restituentes
535 1641 671 1710 appellat,
695 1658 809 1712 quorum
827 1641 973 1713 unicuique
995 1640 1127 1694 tribuitur
1147 1642 1241 1693 eadem
1255 1640 1340 1709 plane
1360 1648 1450 1694 motus
1471 1641 1600 1695 celeritas

244 1730 282 1800 et*
295 1722 417 1793 qualitas
441 1716 484 1788 (in
502 1721 619 1794 plagam
639 1730 733 1777 tamen
754 1718 948 1788 contrariam),
977 1737 1048 1792 quae
1069 1720 1143 1774 inest
1167 1720 1302 1790 superiori
1324 1720 1465 1790 Cslippico
1486 1737 1516 1774 se
1537 1737 1601 1791 pro·

244 1802 318 1857 xime
340 1800 469 1873 tangenti
490 1807 520 1854 et
546 1801 668 1857 vehenti.
710 1802 756 1856 Fit
776 1802 817 1855 ita
841 1802 926 1871 hujus
953 1802 1121 1855 revolventis
1143 1818 1210 1871 ope,
1239 1807 1271 1855 ut
1292 1817 1478 1872 quemcunque
1498 1809 1601 1856 motum

243 1882 370 1953 perficiat
397 1901 422 1936 e.
446 1880 478 1951 g.
507 1888 522 1950 fi
546 1888 575 1935 et
599 1889 622 1951 ιι
643 1883 769 1953 proxime
800 1898 917 1951 sequens
947 1882 1154 1946 restituentem,
1183 1882 1268 1951 plane
1298 1882 1433 1935 liberetur
1462 1889 1492 1935 et
1522 1882 1600 1952 quasi

243 1971 366 2018 exuatur
386 1979 404 2016 a
425 1963 563 2016 contrario
593 1970 669 2016 motu
699 1961 888 2025 restituentis,
919 1962 966 2033 qni
993 1962 1158 2017 vectationis
1188 1961 1252 2033 lege
1279 1962 1341 2015 Jovi
1370 1961 1600 2017 communicatur:

244 2045 252 2098 i
302 2061 338 2098 uc
359 2043 411 2098 nisi
432 2050 455 2111 tt
477 2060 514 2096 ex
536 2059 566 2095 se
588 2043 647 2113 ipso
669 2060 767 2097 novum
789 2049 891 2096 motum
911 2044 1089 2112 produceret,
1110 2041 1138 2096 in
1159 2042 1213 2096 hac
1233 2042 1423 2097 vectationem
1443 2043 1600 2098 obviatione

244 2124 328 2195 plane
348 2124 489 2178 videretur
513 2123 662 2194 quiescere.
705 2126 799 2178 Habes
820 2124 990 2177 Laurentiue
1018 2124 1131 2178 absurdi
1152 2122 1192 2178 tui
1220 2123 1363 2177 elisionem
1383 2140 1439 2177 non
1458 2124 1599 2188 novitiam,

245 2206 294 2257 sed
314 2205 408 2274 plane,
431 2209 630 2275 contraquam
651 2204 819 2273 opinaberis,
841 2203 1066 2274 antiquissimam.
1173 2195 1176 2202 ’

332 2293 481 2348 Exhaustus
511 2293 662 2369 pharetra,
692 2293 811 2363 perfusis
844 2293 921 2356 telis,
959 2294 1056 2365 quibus
1082 2293 1216 2347 usitatam
1244 2293 1413 2363 hypothesin
1439 2298 1600 2370 contigeret,

245 2372 342 2443 incipit
361 2375 476 2427 eandern'
495 2373 663 2429 Laurentius
685 2375 831 2427 defendere
852 2380 882 2444 et
902 2374 1019 2427 vulnera
1046 2374 1179 2444 obligare.
1220 2373 1341 2444 Magnus
1367 2384 1484 2430 novator
1503 2379 1600 2432 eadem

244 2455 364 2524 undique
378 2454 443 2508 dicit
458 2470 516 2506 cum
531 2455 681 2517 veteribus,
696 2454 809 2507 mutans
824 2460 932 2507 tantum
947 2454 1050 2508 mediis.
1086 2456 1210 2517 Fatetur,
1226 2464 1329 2508 motum
1340 2456 1447 2525 primae
1462 2459 1600 2528 sphaerae

245 2533 437 2608 communicari
461 2533 648 2597 inferioribus,
678 2542 709 2588 at
729 2541 828 2605 negat,
856 2534 882 2586 id
904 2535 963 2587 deri
988 2535 1145 2587 vectatione
1173 2536 1217 2587 vel
1244 2542 1341 2604 raptu,
1369 2537 1415 2607 qui
1436 2538 1543 2593 oriatur
1562 2557 1600 2594 cx

244 2620 374 2669 contactu
395 2613 588 2684 sphaerarum,
610 2616 658 2667 sed
680 2614 921 2696 communicatione
948 2616 1064 2685 quadam
1094 2614 1216 2683 ejusdem
1246 2614 1365 2669 consilii:
1395 2617 1597 2690 intelligentias

241 2710 358 2765 namque
379 2695 560 2765 sphaerarum
581 2695 738 2749 inferiorum
759 2696 794 2748 ad
807 2695 922 2764 primam
944 2694 1089 2764 respicere,
1113 2711 1226 2764 cumque
1242 2697 1357 2749 eundern
1370 2714 1430 2750 cum
1445 2697 1496 2752 illa
1516 2699 1595 2754 fluam

241 2776 366 2829 habeant
386 2774 565 2846 propositum,
586 2774 690 2830 imitari
710 2775 794 2829 etiarn
814 2775 900 2844 ipsius
924 2783 1034 2829 motum.
1080 2780 1119 2829 At
1140 2776 1205 2845 quia
1225 2793 1278 2828 non
1300 2778 1421 2831 sufficiat
1441 2779 1486 2832 hic
1506 2789 1596 2835 motus

242 2855 426 2919 interioribus,
449 2857 550 2912 addere
571 2856 656 2910 alium
676 2855 825 2926 proprium.

330 2945 448 3000 Vehitur
467 2945 563 3017 igitur,
584 2945 727 3008 Laurenti,
743 2962 796 2997 non
818 2944 924 3014 quidem
946 2961 1044 3014 corpus
1066 2962 1084 2998 a
1098 2962 1221 3014 corpore,
1243 2948 1290 2999 sed
1306 2947 1415 3001 vehitur
1437 2964 1486 3002 seu
1506 2949 1596 3020 magis

242 3026 364 3080 uehitur
384 3026 574 3097 intelligentia
595 3028 632 3080 ab
645 3024 843 3095 intelligentia,
867 3026 1003 3096 cogitatio
1018 3041 1036 3078 a
1050 3025 1228 3097 cogitatione,
1250 3027 1386 3096 cupiditas
1402 3045 1420 3081 a
1434 3028 1596 3098 cupiditate,

242 3106 284 3160 vis
305 3105 407 3161 motrix
427 3121 445 3161 a
464 3107 492 3160 vi
512 3107 645 3161 motrice?
671 3105 764 3168 Quid?
784 3104 860 3158 Tune
882 3107 957 3158 solus
979 3106 1073 3175 sapis?
1099 3110 1144 3159 An
1164 3123 1219 3159 non
1238 3108 1284 3159 vel
1305 3109 1377 3162 hanc
1398 3110 1512 3163 eandem
1534 3127 1596 3164 sen·

242 3186 359 3241 tentiam
379 3186 432 3256 ipsi
459 3188 543 3241 ctiam
573 3186 722 3241 astronomi
747 3202 798 3253 per
823 3202 887 3238 suos
913 3187 994 3239 orbes
1024 3188 1195 3259 depingunt:
1227 3203 1262 3241 an
1284 3196 1313 3241 tu
1341 3189 1459 3244 sortasse
1487 3206 1597 3246 sensum

243 3278 351 3322 tuorum
371 3266 515 3322 verborum
542 3283 641 3337 capere
668 3264 798 3336 potuisti,
826 3283 881 3319 non
906 3265 1075 3336 imaginatus
1103 3267 1179 3336 prius
1208 3268 1313 3322 orbium
1342 3270 1526 3325 vectationem
1547 3285 1598 3326 oea

243 3348 380 3419 picturam
406 3347 552 3402 dilucidam
579 3348 619 3401 rei
643 3363 694 3417 per
721 3362 751 3399 sc
778 3345 934 3399 obscurae?
968 3347 1196 3401 Numeratoribus
1226 3348 1298 3402 enirn
1323 3356 1353 3402 et
1382 3352 1597 3406 calculatoribus

243 3428 419 3499 geometricis
439 3427 624 3482 schematibus
646 3444 714 3498 opus
736 3433 791 3489 est,
821 3426 926 3479 trustra
946 3433 977 3479 tu
997 3426 1052 3479 illis
1074 3444 1182 3481 amores
1208 3429 1304 3481 summi
1325 3430 1404 3493 boni,
1431 3425 1596 3500 cupiditates

244 3508 416 3578 acquirendi,
442 3509 644 3579 intelligentias
670 3515 700 3559 et
723 3506 879 3576 hujusmodi
903 3506 1096 3576 philosophica
1118 3508 1318 3562 inculcaveris:
1348 3527 1420 3579 quae
1441 3511 1493 3564 nisi
1513 3512 1596 3566 rebus

244 3590 419 3660 geometricis
440 3588 643 3657 exprimantur,
666 3589 701 3641 sd
727 3603 853 3641 numeros
875 3603 929 3639 non
953 3588 1076 3641 veniunt.
1117 3589 1173 3641 Irno
1201 3605 1266 3641 vero
1295 3590 1430 3644 difficilior
1450 3598 1494 3645 est
1513 3593 1594 3657 ratio,

243 3684 301 3723 una
319 3670 472 3722 intentione
494 3669 573 3722 unius
599 3667 805 3739 intelligentiae
827 3662 845 3721 2
866 3667 1039 3720 commiscere
1060 3674 1090 3719 et
1111 3668 1242 3737 perficere
1263 3675 1367 3733 motus,
1394 3688 1475 3741 quam
1496 3690 1596 3744 corpus

244 3750 325 3804 simul
346 3757 376 3803 et
396 3750 459 3803 vehi
481 3749 516 3802 ab
533 3756 669 3803 extraneo
684 3765 713 3801 se
729 3748 867 3802 ambiente
888 3747 1046 3816 corpore'ct
1058 3748 1160 3802 moveri
1179 3766 1209 3801 sc
1223 3749 1284 3819 ipso
1305 3750 1378 3804 intra
1399 3753 1466 3823 illud
1487 3770 1594 3824 corpus.

245 3830 336 3899 Hujus
357 3831 488 3900 exempla
509 3837 573 3885 sunt
593 3829 761 3901 quotidiana,
782 3828 851 3882 illud
866 3830 991 3891 nondum,
1014 3829 1131 3905 quiufieri
1144 3829 1242 3899 possit,
1265 3830 1423 3900 explicasti.
1454 3833 1596 3889 Violentia

244 3928 310 3965 vero
332 3917 360 3964 te
381 3928 435 3965 non
456 3911 539 3964 debet
564 3910 709 3980 impedire,
738 3927 791 3980 qno
815 3909 902 3964 minus
930 3910 1086 3980 exemplum
1107 3926 1125 3963 a
1144 3911 1261 3964 terrenis
1283 3914 1318 3965 ad
1346 3914 1479 3968 coelestia
1504 3923 1594 3970 traua

246 3991 329 4056 ieras,
350 3992 445 4061 ntique
465 3991 489 4043 ei
503 3991 618 4046 Averroi
639 3999 687 4044 tuo
701 3989 797 4054 credis,
818 3991 964 4044 materiam
985 3990 1069 4044 coelis
1090 3990 1237 4054 adimenti;
1260 4009 1312 4063 quo
1327 3993 1401 4047 iacto
1416 3994 1493 4049 nulla
1505 4002 1596 4052 restat

245 4072 329 4127 coelis
349 4072 486 4144 gravitas,
507 4074 585 4127 nulla
604 4071 691 4143 igitur
710 4071 851 4135 violentia,
873 4072 938 4141 quia
958 4072 1037 4127 nulla
1057 4088 1075 4125 a
1094 4072 1236 4143 gravitate
1257 4074 1451 4146 repugnantia

334 4170 420 4225 Porro
448 4171 586 4225 transiens
617 4172 651 4223 ad
685 4169 863 4238 aperiendum
892 4169 1062 4238 particulare
1091 4171 1269 4241 mysterium,
1300 4175 1431 4243 quomodo
1459 4175 1531 4229 orbis
1559 4175 1596 4229 ab

246 4250 435 4323 intelligentia
452 4258 604 4316 moveatur,
625 4251 728 4305 evertit
742 4250 813 4320 quod
827 4250 854 4302 in
874 4250 1030 4304 universum
1049 4252 1166 4306 dixerat.
1194 4252 1223 4306 si
1237 4252 1341 4307 nullam
1360 4255 1483 4308 concedit
1502 4263 1595 4310 vecta·

246 4332 349 4387 tionem
363 4335 450 4387 honus
465 4338 495 4385 et
508 4332 626 4403 simplex
640 4329 836 4393 Laurentinus,
857 4337 887 4383 et
901 4330 924 4382 si
938 4330 1030 4383 omnia
1043 4331 1112 4385 facit
1131 4332 1326 4403 intelligentia,
1349 4334 1412 4404 quid
1427 4352 1495 4404 opus
1510 4336 1536 4390 ei
1550 4344 1596 4390 est

250 4415 336 4468 orbe?
358 4414 458 4467 Orbem
473 4413 509 4465 ab
524 4413 590 4466 orbe
605 4412 667 4465 vehi
682 4419 776 4483 negat,
792 4411 863 4481 quod
878 4411 1026 4464 absurdum
1040 4412 1085 4475 sit,
1101 4420 1131 4465 et
1144 4413 1290 4467 absurdum
1304 4431 1357 4467 uon
1370 4421 1461 4484 putat,
1485 4417 1596 4471 stellam

248 4499 306 4549 tam
327 4510 442 4564 parvam
464 4494 501 4546 ab
522 4493 587 4546 orbe
613 4491 676 4546 vehi
697 4498 753 4544 tam
776 4497 862 4546 vasto.
905 4489 957 4553 Qui
984 4492 1063 4545 orbes
1091 4492 1245 4557 linxerunt,
1275 4494 1334 4547 ideo
1355 4497 1508 4561 finxerunt,
1531 4497 1596 4567 quia

248 4576 419 4639 metuebant,
441 4592 475 4627 ne
496 4572 686 4646 intelligentia
707 4589 761 4626 non
781 4578 877 4641 posset
898 4581 992 4645 tenere
1014 4572 1152 4627 tramitem
1166 4576 1267 4627 stellae
1287 4583 1337 4628 aut
1356 4585 1471 4647 gestare
1496 4595 1594 4648 corpus

248 4657 323 4726 ejus,
353 4655 406 4709 nisi
428 4655 493 4709 orbe
523 4663 649 4708 uteretur
668 4654 696 4706 in
716 4652 788 4722 polis
818 4652 918 4714 affixo;
950 4661 980 4706 tu
1004 4653 1050 4722 qui
1082 4652 1184 4718 credie,
1221 4656 1421 4727 intelligentias
1451 4658 1594 4713 inferiores

248 4736 417 4807 superiorem
436 4753 520 4806 posse
540 4733 641 4789 imitari
662 4734 732 4787 citra
752 4732 936 4786 vectationem
957 4734 1070 4796 orbium,
1092 4734 1155 4803 quid
1176 4735 1265 4788 adhuc
1285 4753 1382 4790 oneras
1404 4737 1467 4793 illas
1489 4739 1595 4793 orbium

249 4818 334 4881 mole,
361 4834 422 4871 cum
442 4816 526 4872 unica
549 4814 636 4870 stella
659 4814 713 4877 sit,
739 4812 817 4881 cujus
842 4812 911 4866 latio
933 4813 961 4866 in
986 4814 1085 4867 effectu
1110 4821 1274 4882 spectatur?
1303 4817 1449 4872 Sententia
1468 4826 1530 4874 tota
1550 4824 1595 4875 est

249 4898 379 4961 ridicula,
401 4897 531 4971 designat
551 4904 655 4950 certum
676 4893 881 4963 intelligentiae
902 4900 1032 4962 punctum
1053 4894 1082 4947 in
1102 4894 1182 4959 orbe,
1205 4897 1242 4949 ab
1263 4914 1296 4950 eo
1316 4916 1418 4954 nexum
1438 4900 1479 4956 ait
1500 4901 1594 4955 orbem

249 4986 383 5042 ceterum,
405 4985 437 5032 ut
456 4980 579 5033 membra
597 4973 712 5031 hominis
734 4980 799 5026 sunt
821 4988 896 5027 nexa
916 4989 935 5027 a
956 4976 1052 5039 corde,
1079 4974 1141 5027 inde
1168 4975 1329 5046 principium
1350 4998 1411 5034 esse
1432 4990 1534 5045 motus,
1562 4988 1595 5035 ut

249 5059 277 5113 in
297 5066 361 5115 rota
374 5058 558 5116 Archimedes
570 5060 607 5114 ab
622 5075 676 5114 imo
690 5053 782 5126 aliquo
804 5054 939 5111 claviculo
960 5055 1131 5110 extrinsecus
1148 5055 1265 5125 impulso
1280 5064 1342 5114 tots
1354 5069 1420 5117 rota
1438 5061 1592 5133 impeditur,
