3692 5842
659 490 1169 556 mutim-nu

405 673 455 734 ng.
478 673 521 724 25.
697 669 724 725 in
755 667 930 737 altitudine,
964 679 997 725 nt
1025 666 1051 724 si
1082 665 1127 724 Η]
1160 665 1201 724 sit
1228 661 1290 724 20.
1331 663 1373 723 lK
1404 673 1510 723 tamea
1544 679 1603 721 nou

695 771 797 832 posset
839 773 905 811 esse
947 753 1064 829 longior
1098 773 1187 832 quam
1231 748 1291 813 lbi
1324 751 1479 812 milliaria.
1530 747 1602 809 Jam

696 861 764 902 vero
786 844 865 902 aeris
881 842 1009 901 altitudo
1028 842 1116 920 paul·
1136 842 1204 920 plns
1223 840 1347 901 dimidio
1365 838 1490 900 milliari
1508 837 1605 900 habet

385 977 411 998 f
457 977 463 1020 ἰ
502 960 558 994 ·--,-
615 930 657 976 ‘J
695 951 760 990 enm
785 949 831 989 est
857 931 999 990 maxima.
1041 929 1198 1008 Equidem,
1221 945 1255 988 ut
1278 929 1385 989 umbra
1407 927 1516 988 Lunae
1539 937 1602 988 tatu

598 1025 628 1064 «θ
696 1021 862 1097 propinqua
897 1019 1000 1078 veniat
1038 1019 1268 1096 claritatemque
1306 1018 1467 1094 extinguat
1509 1021 1602 1084 aeria.

697 1127 821 1167 necesse
846 1123 891 1166 est
916 1107 1040 1185 eclipsin
1064 1126 1140 1184 pene
1164 1107 1290 1166 totalem
1313 1106 1406 1164 cerni.

786 1196 910 1264 Scribis.
936 1196 1052 1255 Lunam
1073 1196 1102 1253 in
1122 1195 1225 1272 eclipsi
1241 1194 1324 1254 Solis
1343 1195 1492 1253 distincte
1509 1188 1602 1258 cerni,

697 1303 762 1344 curu
796 1298 842 1343 est
877 1284 1008 1343 latitudo
1038 1284 1180 1343 borealis.
1227 1282 1284 1342 llic
1308 1283 1334 1340 si
1359 1283 1397 1341 de
1425 1293 1495 1341 toto
1518 1278 1605 1338 disco

698 1372 824 1451 intelligi
844 1374 899 1434 ris.
923 1373 1010 1450 cupio
1029 1372 1233 1449 experimenta
1248 1372 1297 1431 rel
1321 1371 1526 1431 auctoritates
1549 1367 1605 1427 ab·

241 1474 272 1519 te
298 1457 433 1518 indicari.
473 1453 526 1514 Sin
551 1469 662 1516 aute-m.
686 1480 762 1538 qnae
784 1477 948 1539 sequnntur
969 1460 1152 1538 turismodo
1175 1460 1256 1520 orbis
1280 1460 1387 1520 Lunae
1410 1471 1475 1518 turn
1499 1456 1604 1517 orbern

240 1546 321 1607 Solis
353 1546 500 1614 suleavr
534 1545 569 1603 iis
604 1545 704 1623 priora
736 1551 886 1627 explicare
920 1549 1061 1610 coluisti.
1094 1549 1215 1609 ridetur
1237 1549 1309 1609 milri
1342 1565 1505 1608 commune
1534 1561 1604 1604 eaae

240 1635 378 1695 omnibns
402 1633 564 1711 eclipsibus
588 1653 762 1715 quacunque
788 1638 956 1697 latitudine.

332 1723 409 1782 l‘nto
434 1723 533 1800 itaque
559 1741 647 1781 unum
672 1725 757 1785 nobis
781 1727 927 1788 suiticere.
953 1742 984 1784 ut
1009 1725 1136 1802 insignis
1159 1724 1248 1785 luerit
1273 1725 1353 1784 aeris
1376 1722 1509 1803 puritas.
1557 1717 1606 1780 Ea

243 1811 359 1872 duobus
385 1811 551 1869 nominibus
577 1812 703 1884 adjerit.
729 1815 854 1892 primum
880 1815 973 1873 Terra
996 1812 1201 1873 vehementius
1227 1812 1282 1872 luit
1306 1811 1413 1873 aSole
1436 1810 1605 1878 illustrata,

245 1901 383 1978 quamsi
415 1899 556 1958 nebule-sc·
592 1907 660 1960 alre
690 1902 796 1962 luisset
829 1904 954 1964 restite.
992 1903 1097 1961 lortius
1126 1902 1227 1980 itaque
1260 1902 1394 1962 uicissim
1422 1914 1454 1959 et
1486 1899 1606 1959 Lunam

248 1989 422 2049 illustrarit.
463 1988 577 2047 Deinde
602 1997 653 2048 aer
678 1993 774 2050 mirus
798 1993 971 2050 recaecarit
996 2004 1192 2066 spectatores
1219 1991 1244 2050 si
1268 1991 1368 2050 minus
1385 2007 1511 2049 crassus
1537 1986 1605 2056 luit,

245 2078 342 2138 minus
367 2078 516 2136 radiorum
546 2078 698 2136 cembiiit.
747 2080 791 2138 lie
816 2079 964 2158 speculari
993 2077 1208 2156 aequabilitate
1238 2080 1330 2138 maris
1359 2075 1494 2146 Oceani,
1527 2093 1607 2156 qnae

243 2184 298 2244 per
322 2168 468 2243 insignem
492 2168 612 2244 yuirrrr
637 2168 741 2238 luerit,
763 2169 827 2246 janr
851 2187 927 2245 pene
950 2167 1032 2225 cedo.
1078 2165 1157 2226 Nam
1180 2167 1205 2226 si
1237 2187 1320 2227 mare
1350 2166 1510 2245 speculum
1535 2164 1605 2234 luit,

243 2255 396 2333 speculum
428 2254 587 2314 rotundum
618 2255 688 2326 luit,
720 2256 797 2333 quod
833 2256 979 2333 dispergit
1008 2254 1108 2314 radios
1136 2253 1218 2315 Solis
1246 2273 1462 2333 repercumoa:
1498 2253 1607 2332 itaque

246 2344 424 2404 imbecillius
455 2342 569 2402 Lunam
599 2343 725 2420 pingunt
752 2357 782 2402 et
814 2344 974 2404 illustrant.
1022 2340 1083 2400 Sed
1113 2361 1223 2421 operae
1253 2345 1382 2421 pretium
1410 2355 1459 2402 est
1489 2341 1606 2413 ridere,

246 2431 313 2510 quia
337 2432 420 2491 locu=
444 2431 556 2490 Terrae
581 2431 679 2492 luerit.
705 2432 781 2490 unde
806 2432 955 2510 repercuti
978 2431 1118 2492 debuere.

331 2519 382 2581 Ad
413 2520 469 2579 lroc
498 2538 571 2597 rpus
610 2532 654 2578 est
690 2520 859 2597 cognitione
901 2519 1042 2578 notilunii
1079 2520 1151 2580 reri.
1197 2517 1322 2580 Stadios
1353 2518 1484 2580 Lotanii
1516 2518 1607 2597 pouit

244 2610 274 2670 lr.
298 2606 351 2669 22.
378 2603 442 2679 29¹,
468 2608 546 2686 quod
577 2622 659 2666 esset
684 2607 869 2667 Tissabonae
895 2608 924 2667 lr.
948 2604 1002 2667 20.
1026 2603 1090 2670 49⁶.
1137 2606 1200 2669 Sed
1223 2607 1376 2686 Tychonis
1403 2607 1506 2668 verior
1534 2607 1607 2668 eal·

245 2698 329 2758 cnlns
354 2697 439 2755 addit
465 2697 554 2755 boras
579 2696 699 2756 circiter
721 2696 813 2767 duas,
839 2711 871 2755 ut
896 2696 984 2755 luerit
1009 2695 1196 2756 lissabonae
1219 2696 1251 2755 h.
1276 2717 1303 2756 c.
1328 2693 1382 2757 23.
1431 2696 1536 2755 Locus
1563 2714 1605 2772 0

244 2783 323 2860 l2'l=
354 2803 378 2844 o
405 2804 447 2853 c..
477 2783 593 2844 Declin.
625 2780 663 2844 ἶ*
689 2786 759 2845 circ.
789 2784 942 2844 australis.
993 2784 1079 2844 Luna
1106 2803 1177 2844 vcro
1200 2785 1316 2844 liabens
1344 2783 1541 2844 latitudinem
1567 2778 1609 2844 2·

240 2874 413 2934 declinabat
443 2872 514 2932 circ.
543 2869 591 2933 δ”.
648 2873 752 2951 ltaque
782 2872 835 2933 Sol
868 2873 1021 2932 verticalis
1052 2873 1108 2932 t'uit
1138 2874 1213 2944 illis,
1243 2873 1351 2951 quibus
1378 2883 1446 2933 erat
1477 2872 1535 2933 lat.
1567 2869 1609 2936 'i‘

240 2977 335 3022 austu
360 2961 400 3020 ab
424 2973 598 3039 aequatore.
625 2961 710 3021 Luna
734 2962 803 3024 illis.
828 2963 934 3038 quibus
958 2957 995 3019 δ”·
1018 2973 1124 3022 austr..
1148 2962 1197 3039 qni
1227 2962 1260 3021 lb
1283 2962 1331 3021 ret
1360 2959 1418 3023 to·
1440 2961 1608 3024 distabant

240 3053 279 3110 ab
309 3049 427 3126 llispali
458 3066 563 3108 uersus
593 3048 748 3109 orientem.
803 3050 901 3110 Locus
932 3049 1020 3125 igitur
1055 3068 1248 3127 repercussus
1279 3050 1349 3120 luit,
1386 3049 1437 3109 ubi
1468 3049 1608 3111 latitudo

240 3135 279 3200 6·
302 3153 379 3198 aust.
428 3137 506 3197 Nam
530 3137 584 3196 sub
606 3138 657 3196 lut.
680 3134 717 3196 ἶο
741 3139 842 3198 radius
867 3156 1067 3215 repercussus.
1093 3138 1163 3216 qnia
1185 3139 1455 3217 perpendicularis,
1480 3139 1607 3200 retere-

239 3227 328 3287 batur
352 3228 430 3285 ultra
456 3226 571 3286 Lunam
596 3225 624 3283 in
649 3227 892 3304 septentrionem.
936 3226 1012 3293 Quis
1035 3239 1083 3284 est
1107 3226 1200 3295 locus,
1223 3229 1309 3304 cnjus
1334 3227 1416 3288 latit.
1441 3222 1483 3288 δ’
1505 3240 1605 3296 aust..

197 3370 206 3386 ,
239 3314 434 3394 longitudinis
458 3314 627 3372 ditlerentia
647 3315 685 3374 ab
702 3314 819 3392 llispali
841 3314 868 3373 in
887 3325 985 3373 ortum
1012 3312 1090 3373 15⁹?
1114 3314 1245 3375 Terrane
1265 3336 1303 3375 an
1328 3316 1436 3375 mare?
1460 3316 1603 3396 blappae

239 3404 371 3464 indicant
397 3403 491 3463 sinum
516 3403 597 3462 illurn
622 3403 772 3481 ingentem
797 3402 899 3461 oceani
924 3402 1129 3468 occidentalis.
1154 3403 1183 3462 in
1207 3423 1265 3482 quo
1285 3403 1317 3464 S.
1334 3404 1471 3464 Thomae
1496 3404 1603 3466 inaula

238 3493 363 3572 ejusque
384 3511 459 3571 pene
483 3490 689 3552 meditullium.
737 3490 765 3550 Ο
790 3509 852 3549 rem
877 3489 1050 3549 ridiculam!
1074 3511 1111 3549 an
1136 3510 1193 3551 non
1218 3493 1273 3552 hoc
1298 3507 1345 3552 est
1369 3493 1478 3553 literas
1514 3493 1605 3554 disco

239 3582 343 3642 lunae
368 3580 553 3640 inscribere?
595 3579 673 3640 Nam
698 3581 722 3638 si
748 3598 785 3638 ea
808 3578 881 3637 horu
905 3577 991 3637 naris
1019 3579 1119 3656 aliqua
1152 3580 1259 3640 linisset
1283 3581 1334 3641 illo
1360 3581 1428 3641 loco
1458 3593 1601 3652 versun,

238 3672 305 3747 ejus
339 3671 443 3729 umbra
476 3670 542 3728 risa
574 3679 658 3728 esset
686 3671 715 3729 in
748 3666 843 3726 Luna.
890 3667 953 3724 Aut
987 3667 1148 3726 secundnm
1181 3680 1315 3730 retenuu
1348 3670 1538 3730 senteutiam
1564 3670 1606 3732 de

239 3759 342 3819 Lunae
381 3758 505 3817 maculis
543 3755 814 3816 accommodatius:
839 3754 864 3812 si
903 3754 1001 3812 insula
1029 3755 1068 3813 ibi
1106 3754 1212 3815 luisset
1243 3754 1263 3816 ‘2
1294 3758 1344 3819 rel
1373 3755 1394 3819 3
1424 3757 1606 3820 milliarium

239 3846 395 3914 diametro,
419 3864 456 3903 ea
476 3844 623 3905 maculam
642 3845 672 3905 in
688 3845 774 3905 Luna
794 3842 1009 3920 praestitisset,
1034 3843 1110 3920 quod
1126 3844 1202 3904 lianc
1223 3845 1344 3923 quidem
1359 3846 1606 3910 illustrationem

240 3935 362 3992 attinet.

327 4018 397 4080 Jam
427 4019 601 4078 electionem
631 4018 684 4077 tibi
715 4019 753 4075 rio
787 4017 948 4076 admittere
981 4017 1056 4075 retis
1087 4018 1165 4079 hanc
1193 4039 1316 4080 causam
1345 4023 1383 4081 de
1417 4042 1606 4102 repereuaau

239 4110 387 4189 speculari
413 4107 492 4168 Solis
528 4106 678 4166 radiorum
703 4107 730 4164 in
757 4105 888 4172 lunam,
923 4121 989 4161 curn
1020 4105 1124 4166 videas
1157 4121 1261 4186 partes
1293 4109 1377 4188 globi
1402 4111 1518 4174 Terrae
1542 4131 1606 4174 nou

240 4214 414 4276 repugnare,
440 4207 471 4255 et
496 4196 583 4254 detur
607 4193 684 4273 quud
710 4191 839 4269 postulo.
864 4209 969 4267 nempe
984 4193 1104 4268 ιιιλῃςε
1128 4215 1166 4255 an
1186 4196 1274 4257 malis
1297 4200 1436 4276 rejicere,
1461 4201 1607 4282 eoquod

239 4286 348 4363 exigua
372 4284 470 4364 portio
495 4283 607 4343 Terrae
631 4300 689 4341 uon
713 4281 806 4356 major
830 4275 850 4336 8
875 4278 1050 4337 milliaribus
1079 4293 1174 4343 totam
1204 4284 1283 4345 banc
1307 4286 1413 4347 Lunae
1445 4287 1607 4350 illumina·

239 4375 351 4433 tionem
376 4373 555 4434 sustineret:
582 4385 610 4428 et
635 4367 772 4436 credere,
797 4364 971 4442 potissimas
994 4381 1097 4444 partes
1125 4371 1356 4435 illuminationis
1382 4375 1477 4436 luisse
1503 4377 1607 4438 totius

240 4461 327 4521 laciei
354 4460 491 4530 Telluris,
517 4471 546 4517 et
573 4456 610 4515 al·
635 4456 700 4530 ejus
726 4454 789 4512 luce
814 4453 1040 4514 communicata.

332 4548 426 4615 Tale,
458 4565 562 4623 meque
594 4542 834 4603 commendatum
866 4538 952 4601 habe.
977 4577 1018 4586 -
1057 4541 1111 4604 21.
1136 4549 1209 4628 Apr.
1245 4545 1337 4609 1605.
1388 4550 1469 4612 Nol..
1495 4554 1606 4632 ΜΨ,

240 4635 323 4696 Tuae
876 4624 1122 4691 Olliciosissimus

1221 4721 1352 4785 Joltunrt
1374 4726 1511 4808 Kepler·‚

1241 4809 1493 4878 Mathematicus.

333 4928 373 4977 De
392 4929 488 4991 Scripta
517 4927 558 4975 tuo
590 4925 747 4980 ,tannarie
769 4927 880 4980 tlutonii
895 4926 1021 4976 Laurentii
1035 4929 1065 4976 de
1079 4928 1165 4977 lloute
1179 4929 1319 4988 Pale-tm),
1337 4937 1404 4999 Μ
1422 4941 1496 4989 m,
1516 4941 1611 4994 m

241 5001 368 5050 {tamn
387 4997 508 5059 neptam
532 4996 606 5048 dicit.
631 4994 738 5058 plurilus
761 4997 842 5058 agitur
861 4999 884 5044 ia
904 4997 964 5047 libro
982 4997 1085 5061 Repleri
1103 5001 1136 5048 rle
1153 5001 1226 5052 stella
1249 5018 1323 5054 nora.
1355 5005 1461 5060 litem
1480 5010 1612 5064 ΒΜ
