3692 5842
811 491 892 542 usas
911 492 1025 544 auom.
1167 553 1171 561 .
1527 487 1592 555 815

243 692 449 749 atusgegangen
468 675 522 742 uad
544 675 579 727 a'd
599 672 806 743 navigationem
826 674 889 728 Joh.
910 673 1037 743 Hug‘unis
1058 672 1250 728 aLieichonc
1264 664 1305 739 (l)
1325 671 1427 741 flagae
1448 671 1592 739 aduectirt,

243 775 275 814 so
296 756 340 810 ich
368 733 528 817 remuthe,
559 756 607 809 der
632 753 709 810 Herr
733 756 825 807 werde
850 770 880 807 ιι
911 770 981 825 geru
1002 755 1094 809 seben.
1135 752 1184 814 lch
1212 752 1289 805 kann
1309 768 1396 805 zwar
1425 752 1512 822 primo
1541 753 1594 806 hoc

242 839 371 909 inspectu
391 837 433 890 nit
451 835 531 889 recht
544 836 645 890 dmaus
666 834 810 897 hommem
832 834 891 888 will
911 837 959 887 des
974 836 1065 890 Herrn
1078 832 1228 887 Bedonken
1248 833 1303 886 und
1319 831 1455 887 iudicium
1475 834 1594 888 dardher

242 936 315 992 geru
333 914 526 974 uernehmen.u
610 965 613 974 .

332 1005 426 1055 Eodem
444 1018 491 1069 quo
494 1003 654 1053 nonanus
674 999 739 1053 haec
763 1002 861 1066 scripsit
887 1001 996 1066 Keplero
1020 1001 1094 1051 ιιι
1087 1015 1108 1050 ιι
1138 999 1171 1048 ad
1197 997 1355 1049 Ηιιιιιιιιιιι
1380 998 1433 1048 sio:
1458 990 1487 1049 S
1509 992 1539 1048 P.
1564 996 1595 1047 eb

244 1078 422 1136 ioelicissima
442 1077 505 1131 anni
528 1076 659 1146 auspicia

334 1159 409 1223 Quia
437 1158 600 1212 tabellarius
631 1157 784 1250 admonuit,
816 1158 849 1209 de
879 1172 953 1210 more
986 1153 1109 1242 nonnihil
1140 1151 1283 1222 literarum
1312 1155 1349 1206 ad
1375 1153 1483 1210 Excell.
1509 1154 1595 1207 Τιιιιιιι

243 1257 365 1304 exarare
386 1239 469 1292 volui.

332 1318 435 1375 Remisi
465 1325 553 1387 nuper
583 1316 642 1370 sine
672 1264 761 1370 literis
782 1316 871 1370 Clarii
892 1315 1087 1379 Theodosium,
1120 1331 1199 1386 quem
1229 1332 1278 1385 pro
1303 1314 1437 1385 Epistolis
1458 1313 1595 1385 Tychcuis

243 1403 367 1460 miseras.
415 1400 485 1453 Eum
515 1397 580 1467 quin
597 1397 746 1466 receperis
777 1415 831 1451 non
860 1398 974 1460 dubito,
1005 1388 1075 1450 ιιιιιιΙ
1090 1396 1117 1450 id
1143 1396 1262 1449 affirmet
1291 1395 1463 1450 tabellarius.
1505 1394 1595 1448 elerii

242 1481 433 1540 astrolabium
454 1495 506 1549 quo
528 1478 615 1532 minus
636 1477 784 1542 remittam,
806 1478 874 1542 iacit
886 1478 1013 1532 itinerum
1035 1478 1153 1532 foeditas
1168 1483 1198 1529 et
1211 1493 1275 1546 spes
1297 1475 1375 1530 brevi
1392 1475 1451 1532 iore
1471 1476 1593 1540 meliora
1635 1508 1641 1523 ·

242 1572 276 1620 ut
295 1564 354 1618 sine
375 1559 497 1631 periculo
519 1557 591 1612 mitti
610 1555 707 1650 possit.

332 1642 471 1697 Libellum
491 1641 572 1703 bunc,
593 1638 672 1708 cujus
694 1638 721 1694 iu
742 1638 846 1691 scheda
866 1613 976 1692 titulum
985 1631 1072 1691 vides
1094 1633 1168 1704 (Pet.
1183 1637 1391 1692 Maricurtensis
1411 1638 1446 1690 de
1460 1637 1594 1708 Magnete

243 1733 274 1781 et
294 1722 356 1794 ejus
376 1727 512 1813 perpetuo
532 1726 617 1774 motu.
659 1711 744 1772 Liber
766 1725 811 1772 ιιι
836 1717 1271 1810 Maximilian01.ltnperatori
1301 1717 1452 1772 dedicatus.
1492 1718 1598 1773 Prodiit

242 1811 393 1877 Augustae
415 1803 443 1856 in
457 1798 568 1871 quarto)
590 1799 788 1860 commendavit
808 1798 873 1852 mihi
893 1799 1001 1869 quidam
1023 1793 1153 1868 principis
1169 1799 1327 1853 iodinarum
1341 1799 1513 1869 lllyricarum
1532 1816 1596 1869 pro·

243 1892 356 1941 curator
369 1883 509 1946 Adlerus‚'
518 1880 673 1935 secretioris
695 1879 888 1949 philosophiae
909 1886 988 1949 perst
977 1880 1108 1934 tudicsus.
1145 1880 1244 1950 Itaque
1264 1887 1293 1934 ιι
1314 1897 1371 1944 cro,
1398 1885 1431 1934 ut
1448 1883 1596 1951 Augustae
1642 1915 1645 1920 -

242 1969 276 2021 de
298 1953 518 2105 eo‘p‘pppirpjsrrl'm
537 2053 612 2103 quum
630 2038 774 2088 Hsrvartcs
791 2036 900 2101 Kepiero
918 2003 1017 2088 tradere
1036 2052 1085 2087 non
1104 2039 1212 2121 potnerit
1230 2035 1256 2098 („
1258 2037 1298 2088 ich
1317 2038 1387 2089 laun
1404 2038 1454 2090 den
1475 2030 1595 2124 Madaur-

242 2124 341 2169 tausem
368 2112 433 2163 anch
451 2128 498 2162 von
516 2108 650 2160 Franilurt
676 2111 714 2158 nit
738 2106 913 2170 bokommcn“)
941 2111 1008 2173 prins
1027 2109 1059 2159 sb
1084 2109 1158 2159 illo
1151 2111 1203 2174 ipsi
1224 2112 1394 2161 uansmissum
1420 2111 1507 2161 librum
1525 2109 1553 2173 („
1555 2112 1596 2168 ein

243 2186 396 2240 instruction
415 2184 446 2233 ds
464 2183 599 2248 hlagrre'w
603 2178 614 2242 )
634 2181 696 2231 adiit
714 2180 845 2253 Kaplerus,
865 2196 942 2245 eoque
961 2181 1026 2231 lecto
1043 2181 1107 2232 haec
1126 2183 1223 2250 scripsit
1240 2182 1387 2233 Herwarto:

332 2275 543 2332 instructionem
562 2275 596 2327 de
621 2280 753 2348 magnete
781 2272 861 2326 avide
891 2272 1018 2343 perlegi:
1049 2275 1097 2326 sed
1124 2273 1254 2328 incertior
1283 2275 1373 2330 factus
1401 2292 1481 2347 quam
1511 2276 1595 2347 prius.

242 2362 274 2417 si
294 2376 362 2413 vera
382 2365 426 2410 est
446 2354 598 2417 instructio,
622 2360 684 2407 tota
697 2353 893 2422 experimentis
912 2359 1031 2418 constat,
1054 2371 1105 2408 nec
1119 2360 1197 2407 certa
1211 2361 1241 2408 et
1254 2362 1382 2410 constans
1397 2364 1441 2411 est
1454 2357 1596 2412 inclinatio

244 2457 321 2497 acus.
362 2439 434 2492 Nam
460 2433 641 2489 animadverti
666 2436 734 2486 duos
754 2433 782 2487 in
803 2450 839 2486 ea
859 2433 1023 2487 meridianos
1052 2434 1242 2507 magneticos:
1272 2436 1393 2491 alterum'
1411 2455 1462 2507 per
1480 2442 1595 2503 ΙΔιοιιι,

243 2524 365 2577 alterum
385 2535 436 2588 per
460 2522 546 2607 caput
565 2516 661 2568 Bonae
682 2514 755 2584 Spei.
797 2515 926 2576 Quamvis
951 2514 1049 2569 merito
1078 2516 1272 2569 auctoritatem
1298 2518 1418 2572 auctoris
1438 2518 1465 2573 in
1486 2518 1597 2573 dubium

243 2621 319 2659 voco.
360 2596 498 2653 Etenim
490 2615 519 2649 ιιι
539 2598 634 2650 eodem
660 2594 759 2665 capitis
781 2596 876 2648 Bonae
897 2594 963 2665 Spei
990 2596 1155 2661 meridiano,
1185 2596 1229 2667 qui
1251 2598 1308 2651 iere
1329 2604 1359 2652 ct
1383 2599 1597 2691 promontorium

243 2685 373 2752 Nordcap
395 2659 538 2733 extremae
558 2675 726 2747 Norwe'giae
748 2675 936 2745 amplectitur,
965 2676 1112 2736 Hellaudis
1132 2675 1334 2733 animadversa
1353 2685 1397 2733 cst
1417 2698 1471 2733 non
1488 2679 1598 2772 exigua

245 2767 295 2824 sed
314 2763 395 2818 valde
422 2755 554 2813 notabilis
579 2756 731 2814 inclinatio.
772 2756 880 2810 Deinde
903 2769 1051 2827 cuperem·
1062 2756 1132 2811 scire
1160 2760 1280 2824 modum,
1310 2778 1362 2830 quo
1391 2760 1483 2814 solent
1506 2759 1598 2816 metiri

245 2842 460 2900 hrcliuationem.
500 2840 544 2893 Ad
569 2843 699 2892 exactam
728 2837 801 2892 euim
830 2836 1035 2892 inclinationem
1065 2856 1134 2909 opus
1162 2847 1207 2893 est
1234 2840 1411 2895 exactissima
1440 2842 1597 2912 cognitione

245 2926 339 2988 haeae
360 2921 534 2985 meridianae,
557 2917 667 2990 qualem
687 2918 768 2988 pauci
789 2936 826 2972 ex
847 2919 1012 2972 astronomis
1038 2920 1205 2974 constituere
1225 2927 1349 2990 possunt
1390 2923 1500 2976 Nautaa
1520 2939 1596 3000 pero,

245 3014 280 3061 ut
299 3010 383 3075 puto,
406 3004 449 3055 'ex
469 2999 622 3092 horologiis
649 2999 786 3052 solaribus
811 2998 945 3069 judicium
976 2989 1095 3063 iaciunt,
1126 3002 1249 3071 adeoque
1270 3020 1304 3054 ne
1325 3001 1432 3072 quidem
1452 2987 1597 3056 Hellandis

246 3088 401 3146 crederem,
432 3081 484 3135 nisi
509 3081 629 3150 ipsorum
656 3079 803 3133 declinatio
829 3086 905 3132 esset
925 3081 1007 3133 valde
1038 3081 1168 3134 notabilis
1189 3088 1219 3135 et
1238 3097 1359 3154 magna,
1381 3089 1412 3136 ut
1432 3097 1497 3153 par·
1505 3090 1549 3136 est
1569 3082 1598 3135 in
1703 3062 1709 3102 Ἰ

245 3164 445 3237 septentrione.
484 3162 524 3215 Et
543 3160 676 3214 Hellandi
705 3159 841 3230 quidem
834 3178 861 3212 m
889 3166 993 3215 terram
1022 3163 1211 3216 ascendebant
1239 3163 1492 3227 metiendicausa,
1525 3165 1595 3236 quod

246 3250 411 3318 argumento
432 3246 484 3305 est,
505 3241 608 3295 diffisos
629 3241 834 3294 inconstantiae
848 3241 958 3294 navium
974 3242 1076 3312 stylum
1095 3242 1217 3296 erexisse
1238 3243 1365 3308 infirma,
1387 3246 1421 3297 ad
1435 3244 1597 3314 capiendam

245 3326 319 3384 Solis
350 3323 525 3378 altitudinem
554 3328 618 3375 ante
640 3326 754 3390 etpost
784 3321 938 3386 meridiem,
967 3322 1012 3394 qui
1043 3324 1136 3376 modus
1158 3341 1211 3377 non
1232 3324 1273 3377 ita
1293 3325 1407 3378 multum
1438 3324 1519 3379 fallit.
1558 3328 1599 3396 Δι

249 3403 472 3473 ,ιιιιιιιιοιιοιιιι“
497 3407 594 3455 auctor
614 3400 642 3455 in
662 3401 836 3455 mediomari
858 3403 891 3455 de
916 3402 1095 3457 inclinatione
1117 3402 1250 3472 judicium
1271 3404 1341 3459 fert:
1373 3421 1444 3476 quae
1465 3406 1597 3476 quomode

246 3483 417 3559 deprehendi
436 3481 532 3553 possit,
554 3483 638 3552 plane
659 3500 714 3536 non
734 3480 821 3537 video.
863 3482 892 3536 Si
913 3483 993 3537 navis
1019 3483 1185 3554 quiesceret,
1212 3485 1308 3554 posset
1337 3485 1502 3555 aequinoctii
1530 3490 1598 3540 tem·

246 3586 315 3642 pore
345 3563 491 3620 maneval
519 3562 628 3632 vesperi
657 3561 739 3633 dirigi
768 3563 979 3617 instrumentum
1001 3565 1035 3618 ad
1056 3563 1128 3618 Solis
1159 3572 1248 3618 ortum
1267 3566 1312 3618 ιιι
1338 3582 1479 3628 occasum;
1510 3565 1597 3619 vel
1575 3583 1599 3619 ιι

246 3649 366 3705 altitudo
387 3645 443 3717 poli
465 3651 540 3697 esset
560 3643 685 3715 cognita,
717 3650 812 3713 posset
832 3641 859 3698 id
879 3644 938 3699 lieri
967 3645 1086 3715 quotidie
1117 3644 1253 3699 medlente
1284 3645 1462 3715 amplitudine
1493 3647 1597 3708 ortiva;

246 3729 293 3787 vel
313 3728 337 3783 ιι
357 3726 385 3780 in
406 3723 593 3796 septentrione
615 3741 724 3795 semper
743 3722 920 3795 navigarent,
943 3732 1037 3795 posset
1058 3731 1140 3778 noctu
1166 3723 1247 3798 dirigi
1273 3725 1481 3780 instrumentum
1501 3743 1598 3783 versum

247 3811 386 3882 polarem,
417 3822 489 3878 quae
509 3805 596 3870 ratic,
627 3805 650 3859 ιι
672 3823 725 3860 non
750 3805 922 3860 suffulciatur
950 3805 1168 3860 consideratione
1198 3806 1374 3877 tempestatis
1400 3807 1465 3860 anni
1486 3815 1517 3863 et
1535 3806 1598 3870 diei,
1668 3851 1672 3860 .

247 3890 358 3946 circiter
379 3884 410 3942 3⁰
441 3887 517 3941 ultra
545 3886 669 3956 citraque
694 3901 789 3939 samm
815 3893 901 3941 errat.
941 3886 1067 3957 Denique
1097 3901 1186 3956 genus
1207 3894 1251 3939 est
1276 3887 1498 3960 horologiorum,
1528 3889 1599 3959 quod

249 3970 341 4026 varios
362 3969 469 4022 habens
499 3983 650 4038 gnomones
680 3982 818 4037 nunquam
845 3967 969 4021 omnibus
999 3966 1180 4037 gnomonibus
1211 3969 1324 4021 eandem
1353 3969 1474 4022 ostendit
1492 3971 1597 4031 boram,

247 4052 300 4107 nisi
325 4048 620 4103 cum'instrumentum
645 4054 746 4101 exacte
774 4047 923 4102 meridiano
952 4048 1109 4117 respondet.
1153 4047 1206 4101 Sed
1233 4050 1291 4103 tale
1320 4049 1528 4104 instrumentum
1552 4049 1598 4103 vel

247 4127 421 4200 horologium
450 4129 548 4182 unicae
579 4133 687 4183 tantum
717 4127 865 4182 elevationi
893 4127 951 4199 poli
978 4134 1073 4199 aptum
1094 4132 1145 4182 est.
1186 4128 1272 4199 Cirpio
1303 4128 1396 4200 itaque
1428 4130 1514 4195 scire,
1546 4146 1598 4200 quo

248 4214 429 4268 instrumento
459 4210 585 4264 nitantur
614 4210 668 4263 hae
698 4208 879 4273 assertiones,
909 4210 1075 4280 quomodove
1106 4212 1206 4278 captae
1237 4210 1292 4264 sint
1312 4216 1341 4264 et
1362 4227 1414 4281 quc
1436 4209 1523 4266 medio
1544 4210 1598 4264 hae

247 4293 386 4349 variorum
406 4291 526 4345 locorum
546 4288 738 4344 inclinationes
760 4288 787 4342 in
802 4288 891 4343 medio
911 4290 988 4354 mari,
1011 4305 1030 4343 a
1042 4288 1154 4343 rudibus
1170 4289 1280 4343 nautis?
1311 4297 1466 4358 (Ηιιιιιιιιιι
1485 4299 1518 4349 ιι
1534 4298 1599 4349 ba'ao

249 4371 326 4493 rer&
335 4368 467 4501 rmprrpirr
497 4368 565 4429 ,Ani
581 4368 621 4420 die
640 4383 682 4418 vor
700 4368 793 4419 diesem
810 4367 881 4420 Euob
898 4368 1074 4435 zugescbiclrte
1100 4368 1283 4420 observationes
1302 4368 1332 4419 de
1350 4376 1468 4435 magnete
1486 4370 1541 4421 halt
1558 4368 1598 4420 lch

249 4459 276 4495 ss
344 4457 384 4491 mc

337 4517 417 4571 Haec
436 4515 576 4585 Keplerus
604 4517 638 4569 de
663 4513 836 4586 magneticis.
877 4514 954 4567 Data
981 4520 1045 4568 sunt
1070 4513 1174 4568 Gratiis
1199 4515 1226 4567 d.
1251 4507 1294 4569 12.
1315 4515 1370 4567 Jul.
1401 4509 1490 4579 1600,
1517 4531 1597 4585 prae·

250 4597 339 4655 missis
362 4595 569 4667 quaestionibus
591 4597 624 4648 de
645 4595 816 4649 instituenda
835 4593 911 4649 vitae
937 4594 1060 4659 ratione,
1085 4611 1153 4665 quas
1173 4595 1363 4664 proposuimus
1385 4596 1446 4649 Vol.
1468 4596 1488 4658 l,
1510 4612 1537 4665 p.
1558 4589 1597 4649 71

249 4678 400 4747 additaque
414 4676 550 4730 relatione
565 4678 598 4729 de
608 4675 705 4729 studiis
720 4675 917 4740 astronomicis,
933 4676 1004 4728 libro
1014 4676 1174 4729 demotihus
1184 4675 1289 4729 Stellae
1298 4676 1396 4729 Martis
1412 4676 1597 4747 adjungenda

342 4773 412 4834 Quae
431 4774 565 4837 posteriore
584 4779 694 4835 tempore
715 4770 838 4835 Keplerus
858 4772 910 4835 egit
929 4785 984 4820 cum
1003 4772 1131 4820 Ηιιιιιιιο
1150 4771 1180 4820 de
1198 4778 1324 4835 magnete,
1343 4771 1472 4820 referenda
1490 4776 1547 4820 sunt
1565 4769 1599 4819 ad

250 4860 311 4911 opus
330 4844 361 4895 da
378 4850 448 4894 motu
459 4843 555 4904 Martis,
576 4844 687 4908 equibus
705 4844 842 4907 apparebit,
860 4843 996 4908 Keplerum
1013 4844 1082 4892 initio
1101 4843 1165 4907 quod
1182 4857 1257 4906 supra
1275 4842 1426 4892 exhibuimus
1443 4843 1519 4898 iacto,
1539 4841 1598 4905 quin

250 4919 384 4982 inquireret
401 4916 467 4966 hanc
485 4916 656 4979 disciplinam,
676 4931 724 4965 non
743 4917 919 4975 intermisisse,
948 4916 992 4964 sed
1010 4930 1059 4978 qua
1080 4915 1187 4977 potuerit
1214 4914 1342 4979 diligentia
1360 4914 1428 4963 illam
1452 4914 1596 4964 excoluisse.

250 4990 307 5040 iios
333 4988 388 5037 loeo
407 5002 438 5037 ea
462 4996 560 5037 tantum
588 4987 704 5037 addenda
731 5001 873 5044 censemus,
902 5001 966 5052 quse
993 4983 1047 5047 (29.
1067 4988 1131 5051 hug.
1152 4982 1208 5045 99.)
1237 4986 1267 5035 de
1295 4985 1460 5035 declinatione
1486 4984 1598 5050 lingulae

250 5070 408 5137 ngesucse
426 5068 459 5120 ad
474 5066 689 5119 Maestlinnm
707 5067 783 5118 dedit
807 5061 879 5116 illud
900 5061 992 5125 etiam,
1014 5066 1106 5127 scribit,
1126 5060 1304 5115 vehementer
1324 5066 1390 5131 opto
1404 5076 1422 5113 a
1439 5065 1468 5114 te
1484 5058 1597 5115 investi·
