3692 5842
748 481 830 547 eaput
849 480 893 534 111.
913 483 938 532 t.
1457 483 1519 552 175

166 662 270 728 veniat
292 661 331 725 ad
355 662 552 743 superficiem.
600 659 702 733 Quare
726 661 818 722 etiam
842 661 871 722 in
903 659 1079 725 concidibus
1112 662 1241 740 speculis
1269 664 1405 744 exenrplo
1429 682 1520 743 prae-

164 760 237 816 eunt
260 752 414 826 (Alhazen
439 752 490 816 lib.
516 751 545 827 5,
571 752 697 814 Vitellio
723 750 772 811 lib.
799 750 834 821 7)
858 749 1134 832 perpendicularem
1159 771 1196 811 ex
1220 771 1251 813 re
1275 752 1304 811 in
1334 754 1520 832 superficiem

163 842 300 904 ccnoidis
324 841 438 921 speculi
462 841 605 914 ducendi,
630 842 708 922 quod
732 858 819 900 secus
843 838 945 900 habet.
993 839 1077 900 Nihil
1100 840 1179 901 enim
1208 839 1337 902 interest
1359 842 1398 903 ad
1422 843 1519 904 locum

164 930 317 1011 imaginis,
342 931 423 1011 quali
447 930 603 1009 superficie
636 929 788 1009 speculum
812 927 854 988 rei
877 935 1060 1008 opponatur,
1095 948 1160 990 cum
1184 929 1318 990 rationes
1344 931 1518 993 formandae
1556 949 1560 961 ·

164 1020 305 1100 imaginis
333 1037 436 1080 omnes
460 1039 498 1080 ex
521 1020 574 1081 illa
601 1027 688 1099 parte
719 1016 833 1096 speculi
867 1024 1039 1091 sumantur,
1073 1018 1186 1097 inqua
1212 1027 1284 1080 sunt
1306 1019 1377 1081 bina
1408 1029 1520 1099 puncta

163 1127 393 1189 repercussuum
423 1109 497 1170 lucie
522 1109 561 1170 ad
589 1108 676 1169 binos
709 1108 821 1169 oculos.
869 1107 902 1167 In
928 1105 984 1167 hac
1013 1106 1104 1184 igitur
1135 1108 1247 1186 speculi
1271 1117 1373 1187 parte,
1408 1129 1467 1170 uon
1489 1109 1519 1171 in

165 1199 234 1279 ipss
254 1197 496 1277 perpendiculari
521 1217 558 1258 ex
583 1216 625 1271 re,
654 1215 748 1258 causa
777 1195 869 1267 inest,
900 1213 953 1256 cur
983 1195 1065 1256 locus
1097 1196 1235 1275 imaginis
1259 1197 1287 1258 in
1311 1198 1365 1259 illa
1388 1216 1519 1278 perpen-

163 1286 291 1348 diculari
311 1287 361 1349 sit.
399 1287 506 1365 ltaque
530 1296 600 1349 tunc
624 1294 724 1347 mente
748 1283 917 1362 intelligere
937 1292 1066 1363 oportet,
1091 1286 1257 1347 continuari
1280 1287 1426 1349 rationem
1450 1306 1519 1351 our·

164 1374 281 1448 sitatis,
308 1394 386 1454 quae
409 1394 616 1456 repercussum
639 1376 754 1436 fecerat
778 1372 806 1433 in
831 1389 948 1433 omnem
972 1373 1125 1446 ambitum,
1151 1382 1183 1435 et
1201 1393 1291 1455 super
1306 1378 1382 1437 hano
1405 1376 1518 1455 sphae-
1571 1371 1573 1375 ’

163 1484 228 1527 ram
253 1464 461 1543 imaginariam
484 1466 593 1527 ducere
618 1465 710 1527 etiam
734 1470 854 1542 oportet
876 1462 1153 1540 perpendicularem
1172 1483 1209 1525 ex
1224 1483 1256 1525 re
1275 1483 1328 1543 pro
1352 1465 1519 1527 definiendo

164 1555 231 1616 loco
261 1553 412 1633 imaginis.
459 1554 503 1616 Ut
534 1561 700 1633 appareat,
734 1559 877 1632 quantum
908 1551 937 1611 in
971 1551 1077 1613 effectu
1101 1551 1269 1628 ,discrimen
1293 1554 1334 1617 sit
1366 1554 1518 1634 utriusque

163 1641 347 1711 sentemiae,
372 1662 447 1722 cape
471 1643 526 1705 hoc
545 1643 729 1722 'exemplum

254 1729 306 1793 Sit
329 1732 424 1793 sectio
448 1732 623 1812 parabolica
646 1728 809 1793 communis
825 1728 919 1790 sectio
944 1728 1057 1808 speculi
1079 1728 1221 1792 coniciet
1243 1730 1378 1809 planitiei
1403 1733 1518 1795 refrac-

163 1820 261 1881 toriae
298 1819 367 1900 (per
406 1821 605 1882 definitionem
642 1819 803 1901 parabolas
837 1818 915 1896 apud
948 1818 1156 1896 Apollonium)
1191 1820 1237 1880 vel
1278 1821 1370 1882 etiam
1406 1822 1519 1902 speculi

162 1909 301 1971 concidis
325 1911 490 1988 rectanguli
515 1912 584 1989 (per
606 1907 797 1972 Archimedis
820 1926 854 1986 p.
870 1903 919 1967 12.
940 1907 977 1967 de
1000 1905 1209 1981 Concidibus).
1248 1907 1297 1970 Sit
1315 1910 1406 1988 igitur
1424 1912 1518 1972 sectio

162 1999 227 2078 αβγ,
253 1998 284 2059 in
301 2017 338 2058 ea
362 2002 538 2078 punctumd
561 2000 703 2061 ostendat
727 1998 822 2059 locum
846 1995 923 2056 unde
947 2002 1071 2076 uterque
1095 1998 1198 2058 oculus
1215 1997 1364 2077 (quamuis
1390 2000 1418 2060 in
1440 2000 1517 2062 binis

160 2088 276 2150 talibus
306 2088 504 2162 sectionibus)
533 2090 682 2150 refractus
713 2086 814 2147 radios
842 2085 960 2163 accipit.
1009 2084 1175 2165 Contingat
1199 2105 1269 2166 ergo
1298 2087 1464 2150 sectionem
1488 2088 1517 2149 in

162 2179 293 2253 presta
316 2183 358 2238 ed.
405 2176 510 2257 Sitque
545 2178 627 2239 visus
655 2177 684 2238 in
710 2172 738 2249 ζ,
770 2173 888 2235 visibile
913 2174 941 2234 in
966 2197 996 2250 η,
1031 2182 1064 2234 ut
1087 2170 1154 2251 ζβδ,
1186 2177 1240 2252 epla
1269 2176 1330 2236 sint
1362 2178 1521 2258 aequales:

163 2266 219 2328 Hic
234 2268 261 2328 si
277 2285 317 2327 ex
341 2266 449 2344 opticis
474 2286 600 2347 quaeras
625 2266 722 2328 locum
745 2263 894 2343 imaginis,
915 2263 1024 2340 jubent
1040 2282 1182 2343 quaerere
1201 2264 1340 2344 pernotum
1365 2267 1518 2342 sectionis,

165 2357 193 2417 in
225 2356 307 2437 quod
333 2375 411 2433 exq
442 2354 697 2435 perpendicularis
730 2354 861 2424 incidat,
895 2352 972 2431 quod
1001 2352 1042 2413 sit
1064 2376 1087 2430 y.
1135 2353 1235 2416 Ducta
1257 2359 1292 2416 θι
1325 2356 1518 2436 contingente

165 3872 336 3935 sectionem
360 3872 388 3934 in
412 3895 426 3951 y
453 3881 484 3932 et
518 3871 685 3951 conjunctis
707 3893 776 3949 η,γ
807 3871 946 3950 punctis,
976 3871 1122 3950 jubebunt
1151 3874 1316 3951 producere
1339 3871 1392 3952 ζβ,
1427 3878 1520 3941 donec

167 3971 330 4024 concurrat
353 3981 418 4024 cum
447 3983 494 4039 ηγ,
519 3970 676 4023 concurrat
703 3961 732 4022 in
757 3963 783 4021 λ.
831 3961 941 4022 Dicent
970 3961 1074 4038 igitur,
1108 3965 1134 4023 λ’
1149 3982 1218 4024 esse
1251 3964 1347 4027 locum
1380 3966 1521 4047 imaginis

166 4051 271 4133 puncti
295 4073 322 4128 η.
369 4051 415 4113 At
437 4051 536 4113 rarior
558 4050 636 4112 ratio
661 4050 751 4128 jubet
773 4049 906 4111 invenire
936 4049 1091 4123 circulum,
1124 4052 1173 4132 qni
1197 4054 1352 4116 contineat
1375 4057 1521 4119 rationem

166 4141 340 4214 curvitatis,
359 4137 400 4214 10)
434 4159 521 4218 quam
553 4141 645 4201 habet
678 4140 772 4200 sectio
796 4140 869 4216 inll
900 4148 1010 4217 pruneto
1044 4158 1237 4218 repercussus
1261 4145 1389 4215 (habent
1420 4154 1520 4207 autem

167 4231 260 4291 aliam
285 4238 376 4308 atque
411 4229 501 4290 aliern
533 4229 699 4309 hujusmodi
730 4228 838 4290 mistae
870 4228 992 4300 lineae).
1040 4226 1089 4290 Sit
1113 4232 1341 4310 quantitasetl,
1375 4242 1405 4295 et
1429 4234 1521 4296 ducta

167 4339 207 4380 ex
229 4320 250 4397 β
274 4319 331 4398 ipsi
354 4323 387 4380 ed
409 4318 661 4399 perpendiculari,
695 4338 771 4397 quae
795 4317 836 4379 sit
859 4319 912 4394 βκ,
947 4326 1080 4380 centrum
1109 4320 1211 4382 circuli
1239 4332 1366 4401 ponetur
1388 4322 1417 4383 in
1442 4323 1521 4384 linea

166 4411 215 4486 βκ,
241 4409 495 4488 conjungeturque
513 4430 556 4485 ηκ,
581 4407 694 4486 eritque
720 4408 801 4469 locus
826 4406 975 4483 imaginis,
1000 4408 1050 4469 ubi
1069 4404 1105 4485 ζβ
1127 4411 1301 4472 continuata
1324 4397 1409 4472 secat
1423 4431 1519 4489 quse.

168 4501 199 4562 in
218 4522 250 4574 μ.
289 4497 346 4558 Hic
372 4497 459 4558 facile
483 4496 578 4570 vides,
602 4497 659 4557 etsi
683 4504 805 4558 maneat
823 4498 843 4572 β
864 4499 1058 4576 repercussus
1082 4498 1174 4571 locus,
1199 4500 1321 4578 proinde
1342 4509 1372 4561 et
1387 4503 1424 4577 κβ
1442 4501 1520 4562 ratio

168 4586 339 4659 curvitatis,
365 4597 397 4646 et
420 4583 439 4659 ζ
462 4587 578 4658 oculus,
609 4587 746 4648 discedat
774 4605 845 4647 vero
874 4586 959 4647 risile
984 4608 1001 4661 η
1024 4586 1140 4664 longius
1164 4587 1193 4647 in
1223 4588 1302 4649 linea
1325 4591 1377 4666 βη,
1402 4609 1520 4670 semper

169 4676 447 4759 perpendicularem
472 4696 509 4737 ex
532 4698 550 4753 η
573 4676 601 4737 in
625 4684 765 4754 punctum
787 4695 806 4735 a
828 4698 843 4753 y
864 4675 1008 4737 remotius
1032 4676 1200 4747 incisurum,
1223 4678 1345 4757 proinde
1370 4688 1400 4741 et
1425 4681 1521 4741 locum

170 4766 311 4846 imaginis
345 4784 461 4846 semper
495 4765 610 4845 longius
639 4767 697 4824 al
730 4782 834 4826 versus
866 4764 1024 4826 exteriora.
1071 4765 1216 4843 Adeoque
1248 4767 1322 4828 haec
1353 4769 1521 4830 differentia

169 4858 293 4920 taudem
318 4855 346 4915 in
376 4854 520 4930 infinitum
551 4853 625 4917 abit.
672 4853 717 4914 At
744 4853 867 4915 multum
895 4855 989 4915 refert
1015 4853 1053 4914 ad
1083 4853 1215 4915 rationes
1245 4859 1444 4935 speculariae,
1473 4858 1521 4921 hic

170 4966 230 5010 uon
255 4946 283 5007 in
309 4944 397 5006 dubio
422 4963 597 5023 suspensum
623 4941 726 5003 teneri.
774 4941 835 5003 Sed
864 4943 940 5004 satis
964 4944 1001 5005 de
1025 4942 1089 5003 loco
1118 4941 1270 5023 imaginis,
1300 4964 1377 5026 quae
1401 4948 1521 5027 quidem

169 5034 375 5104 consideratio
399 5035 572 5098 necessaria
593 5034 681 5114 plane
710 5032 767 5093 suit
789 5032 828 5093 ad
856 5033 1014 5113 sequentia
1032 5037 1122 5106 (comp.
1140 5055 1165 5106 p.
1185 5038 1287 5108 tusa).
1333 5036 1381 5102 Da
1403 5038 1521 5108 venam
