3692 5842
749 467 831 534 Caput
850 467 893 520 lll.
1433 465 1498 533 377

144 643 248 717 anna
276 642 404 721 australi
427 650 461 706 nt
483 644 580 724 prius)
605 640 666 707 340
689 640 731 707 60.
776 644 834 705 Η10
863 662 934 722 ergo
959 646 1046 707 Luna
1078 644 1198 724 propior
1227 644 1336 707 orienti
1358 653 1391 706 01
1419 646 1499 708 11111

143 730 257 796 Solem.

231 820 268 884 In
292 817 414 900 reliquis
438 819 554 882 duobus
577 820 746 895 momentis,
772 819 842 900 quia
865 820 1075 883 inclinationes
1098 827 1169 882 suut
1191 821 1391 900 majusculae,
1416 821 1500 883 lulet

142 929 215 989 ergo
240 909 370 989 experiri
392 928 432 971 an
456 908 555 971 cantio
585 908 781 987 problematis
808 906 857 972 14.
889 909 1061 971 necessaria
1084 910 1133 971 sit.
1180 908 1320 971 Altitudo
1344 908 1426 972 Solis
1452 916 1500 971 est

142 992 205 1060 370
232 995 292 1071 150,
327 997 483 1060 inclinatio
513 992 568 1060 190
590 999 619 1059 11
653 999 742 1077 plano
774 998 891 1079 quidem
924 998 1133 1073 instrumenti,
1168 998 1245 1077 quod
1274 1018 1332 1058 non
1356 998 1421 1060 Soli
1444 999 1498 1060 sed

141 1085 318 1149 azimuthali
350 1085 514 1148 horizontis
543 1094 654 1166 puncto
687 1086 976 1167 perpendiculariter
998 1095 1064 1148 erat
1088 1087 1248 1166 objectum.
1297 1084 1373 1148 Cum
1398 1096 1499 1149 autern

142 1175 201 1237 dno
225 1175 320 1255 plana
343 1175 501 1255 sphaeram
522 1184 651 1254 tangunt
663 1175 694 1237 in
714 1176 818 1245 codem
842 1177 971 1237 maximo
991 1175 1101 1238 circulo
1117 1175 1166 1236 vel
1182 1175 1377 1254 tangentibus
1400 1177 1498 1255 planis

141 1262 368 1344 aequidistant,
401 1272 505 1327 mutua
535 1264 653 1326 illorum
685 1264 780 1326 sectio
812 1273 898 1326 recta
930 1273 978 1326 est
1010 1263 1265 1345 perpendicularis
1293 1265 1383 1342 plano
1418 1263 1498 1326 illius

140 1352 245 1414 circuli
265 1352 396 1427 maximi,
423 1362 455 1415 et
468 1353 549 1414 linea
564 1372 602 1414 ex
621 1361 725 1415 centro
749 1353 896 1433 sphaerae
911 1374 964 1437 per
983 1354 1104 1433 planum
1123 1352 1224 1413 circuli
1243 1353 1364 1413 maximi
1380 1353 1499 1425 educta,
1528 1353 1532 1360 “

140 1449 174 1505 11
189 1450 330 1503 occurrat
347 1442 390 1504 illi
406 1450 526 1504 mutuae
548 1441 684 1517 sectioni,
705 1443 795 1504 rectis
816 1442 934 1521 angulis
949 1443 978 1503 in
994 1462 1061 1503 eam
1080 1442 1195 1523 incidit.
1228 1440 1307 1502 Nam
1323 1436 1498 1516 1Ε.Χ1,4)

140 1530 224 1592 linea
247 1530 277 1591 11
301 1530 422 1611 planum
453 1531 708 1610 perpendicularis
732 1531 761 1591 in
790 1551 892 1592 omnes
923 1531 1004 1610 plani
1038 1531 1132 1593 lineas
1157 1537 1205 1592 est
1231 1530 1498 1610 perpendicularis.

140 1620 173 1681 ln
199 1620 256 1681 hoc
280 1618 402 1698 negotio
427 1620 486 1680 tria
514 1619 658 1682 habemus
690 1619 782 1699 plana
809 1620 892 1682 talia.
940 1621 1018 1683 Nam
1043 1619 1171 1682 circulus
1205 1621 1353 1681 maximus
1377 1629 1426 1681 est
1451 1620 1498 1682 hic

139 1707 297 1770 verticalis
320 1727 373 1787 per
397 1716 531 1770 centrum
554 1706 635 1771 Solis
659 1709 793 1770 eductus.
839 1709 933 1789 Finge
959 1708 1041 1769 illum
1066 1707 1149 1787 tangi
1173 1707 1202 1769 in
1226 1718 1336 1787 puncto
1361 1707 1499 1771 verticuli

140 1797 178 1858 ab
203 1816 262 1859 uno
287 1797 392 1876 plano,
426 1796 567 1876 eiigitur
599 1798 720 1877 planum
749 1797 911 1860 horizontis
946 1796 1141 1878 aequidistat.
1186 1796 1281 1876 Finge
1305 1797 1390 1875 tangi
1415 1797 1498 1859 illum

140 1885 178 1947 ab
202 1885 301 1947 altero
324 1885 425 1966 plano,
451 1885 480 1947 iu
504 1885 638 1949 sectione
663 1905 728 1948 curn
753 1887 917 1961 horizonte,
943 1887 969 1947 01
990 1887 1080 1965 plano
1106 1884 1234 1946 diximus
1259 1883 1498 1965 aequidistitisse
1616 1933 1621 1954 .

139 1975 264 2053 planum
289 1974 488 2036 instrumenti.
527 1975 620 2054 Finge
645 1976 735 2036 tertio
759 1976 841 2037 illurn
866 1974 950 2054 tangi
973 1975 1002 2036 11
1025 1986 1128 2036 001110
1144 1971 1225 2034 Solis
1244 1994 1262 2034 a
1279 1974 1372 2052 plano
1397 1974 1498 2045 tertio,

140 2083 214 2141 ergo
239 2063 335 2125 sectio
368 2063 454 2143 hujus
478 2071 510 2124 et
532 2063 615 2142 plani
650 2063 814 2124 horizontis
848 2064 930 2125 cadit
962 2071 1049 2126 entra
1081 2062 1252 2142 sphaeram.
1300 2060 1404 2123 Sectio
1428 2079 1499 2123 vero

139 2152 222 2232 plani
251 2153 441 2214 instrumenti
466 2173 532 2214 cum
555 2154 644 2232 plano
668 2152 832 2214 horizontis
855 2153 938 2213 cadit
961 2152 1041 2214 intra
1064 2153 1235 2231 sphaeram.

233 2240 283 2302 Sit
297 2240 388 2303 AXY
401 2241 522 2321 planum
537 2241 710 2315 horizontis,
727 2240 809 2303 STV
824 2241 1022 2311 instrumenti,
1038 2240 1123 2304 SXY

141 2330 273 2405 tertium,
297 2331 327 2390 A
342 2339 477 2392 centrum
500 2329 656 2410 sphaerae,
679 2328 701 2391 S
717 2329 780 2404 Sol,
800 2331 866 2405 TV,
881 2330 943 2392 XY
958 2330 1118 2392 sectiones.

139 2420 172 2479 ln
207 2420 299 2498 plano
332 2419 413 2481 TSV
447 2420 484 2480 ad
518 2419 567 2481 TS
599 2427 790 2499 comparetur
822 2420 883 2479 alia
915 2418 970 2481 SV
1005 2419 1119 2479 iaciens

140 2509 282 2587 angulum
306 2506 387 2570 TSV
415 2505 481 2580 190,
505 2518 535 2568 01
558 2509 746 2570 continuetur
768 2509 830 2570 AV
853 2507 882 2569 in
905 2507 967 2570 XY
990 2527 1120 2569 connec-

140 2606 281 2678 taturque
305 2596 368 2660 SY.
415 2598 457 2658 Et
489 2597 559 2677 quia
591 2599 688 2671 ATV,
719 2596 810 2671 ATS,
841 2596 931 2659 AXY
954 2599 1037 2671 recti,
1063 2598 1121 2659 erit

140 2685 189 2747 TS
214 2688 298 2748 sinus
322 2686 490 2748 altitudinis
510 2686 599 2758 Solis,
627 2682 744 2749 60529.
793 2686 854 2748 Sed
877 2685 960 2749 TSV
983 2687 1121 2747 inventus

142 2774 198 2836 luit
224 2769 291 2850 190,
317 2795 388 2856 ergo
413 2777 469 2837 TV
493 2772 611 2839 20842.
650 2776 708 2837 Est
731 2784 831 2837 autem
850 2776 907 2837 AT
930 2776 1012 2837 sinus
1037 2794 1119 2836 com-

140 2864 283 2943 plernenti
317 2861 485 2926 altitudinis
518 2861 637 2927 796011.
684 2865 823 2942 Angulus
858 2884 929 2925 vero
960 2864 1042 2926 TSX
1075 2874 1123 2926 est

141 2954 276 3033 aequalis
311 2952 462 3015 altitudini
495 2952 577 3015 Solis
611 2950 671 3016 37⁰
708 2952 766 3028 150,
805 2973 876 3032 ergo
909 2954 967 3014 ΤΧ
1000 2948 1120 3017 46027.

141 3043 219 3103 Tota
243 3062 315 3123 ergo
338 3042 401 3104 AX
427 3038 564 3105 125627.
611 3043 654 3105 Ut
677 3062 746 3103 vero
771 3042 827 3103 ΛΤ
851 3043 889 3103 ad
914 3043 968 3102 TV
994 3042 1037 3104 sic
1061 3044 1123 3105 Ax
1156 3062 1174 3097 1

142 3132 178 3193 ad
202 3130 281 3203 XY,
315 3151 390 3211 quae
421 3132 488 3192 ideo
511 3127 687 3206 11132893,
713 3140 745 3192 et
768 3133 836 3211 quia
859 3130 942 3193 STX
969 3141 1068 3194 rectus
1093 3141 1125 3194 01

142 3219 222 3283 TSX
246 3215 308 3283 370
334 3218 395 3293 150,
428 3240 499 3298 ergo
525 3228 557 3281 ut
590 3228 671 3282 totus
696 3222 735 3281 ad
759 3219 809 3282 ST
839 3220 882 3280 ita
911 3241 1018 3282 secans
1042 3221 1124 3283 'FSX

142 3309 178 3370 ad
203 3309 270 3383 SX,
295 3328 371 3388 quae
395 3305 569 3373 1176051.
614 3309 693 3380 Quia
717 3329 787 3389 ergo
805 3308 891 3373 SXY
915 3319 1015 3372 rectus
1039 3313 1123 3384 (nam

142 3397 197 3461 SX
221 3398 322 3458 estin
350 3399 440 3476 plano
474 3399 646 3473 verticalis,
679 3399 741 3461 XY
765 3401 792 3460 in
822 3401 911 3478 plano
945 3400 1123 3475 horizontis)
1157 3381 1182 3421 00

143 3508 214 3567 ergo
239 3496 273 3548 ut
288 3486 343 3548 SX
361 3488 400 3549 ad
415 3488 476 3550 XY
500 3489 543 3550 sic
567 3497 650 3550 totus
671 3490 708 3549 ad
734 3498 906 3569 tangentem
922 3488 1008 3550 XSY
1028 3492 1206 3570 quaesitum,
1233 3495 1282 3574 qui
1305 3496 1339 3556 lit
1362 3492 1423 3559 230
1446 3492 1500 3558 230

143 3597 245 3657 major.

231 3664 285 3727 Sic
309 3663 336 3725 in
363 3663 420 3725 line
449 3666 612 3744 eclipseos,
645 3686 711 3727 cum
744 3674 828 3727 esset
860 3666 988 3729 altitudo
1013 3665 1094 3730 Solis
1118 3665 1179 3732 410
1206 3666 1265 3746 150,
1291 3670 1446 3732 inclinatio
1471 3671 1498 3734 in

144 3755 344 3817 instrumento
369 3749 439 3828 30⁰,
474 3754 624 3817 invenitur
658 3754 784 3834 angulus
807 3754 895 3817 XSY
924 3757 953 3817 in
985 3758 1053 3835 ipso
1082 3759 1229 3838 sphaerae
1262 3760 1501 3823 circumferentia

143 3845 234 3908 simili
266 3861 410 3925 processu
444 3840 505 3906 370
529 3841 592 3906 310.
639 3846 741 3926 Atque
774 3845 829 3907 hoc
859 3854 950 3925 pacto
983 3857 1109 3927 utraque
1139 3850 1214 3911 haec
1246 3849 1399 3912 inclinatio
1431 3869 1499 3911 cor-

141 3944 228 3998 recta
252 3940 310 3995 est.

234 4020 312 4085 Cum
335 4020 426 4103 igitur
450 4020 479 4082 in
500 4021 590 4085 tertio
615 4030 764 4084 momento
789 4023 915 4103 angulus
940 4026 1075 4106 superior
1090 4026 1128 4087 ad
1143 4027 1279 4090 dextram
1304 4027 1382 4090 inter
1405 4027 1500 4108 eclip-

144 4113 238 4177 ticam
262 4119 294 4173 et
317 4108 490 4173 verticalem
515 4112 556 4175 sit
579 4107 640 4172 320
663 4107 726 4187 350,
750 4121 784 4174 11
807 4131 899 4191 supra
922 4135 959 4176 01
983 4124 1116 4196 tempore
1141 4116 1196 4177 fuit
1218 4119 1389 4197 probatum,
1416 4118 1500 4197 eique

144 4200 282 4283 aequalis
312 4198 436 4264 inferior
466 4202 507 4261 ad
539 4200 712 4275 sinistram,
746 4201 787 4264 sit
818 4221 889 4264 vero
923 4204 1077 4266 verticalis
1111 4212 1142 4266 et
1178 4206 1279 4267 circuli
1312 4225 1365 4285 per
1398 4215 1502 4265 centra

144 4292 273 4373 angulus
306 4290 410 4353 itidem
438 4289 478 4350 ad
508 4291 663 4352 sinistram
696 4290 816 4353 inferior
840 4288 987 4367 230230,
1023 4313 1093 4371 ergo
1117 4294 1173 4354 hoc
1197 4294 1235 4355 ab
1259 4294 1311 4356 illo
1344 4294 1500 4355 subtracto

143 4389 245 4445 restat
267 4378 346 4441 inter
368 4378 509 4441 circulum
531 4399 585 4461 per
609 4388 713 4442 centra
737 4388 769 4443 01
792 4381 962 4460 eclipticam
988 4378 1026 4445 90
1052 4379 1111 4458 120,
1136 4383 1223 4443 Luna
1246 4384 1276 4444 iu
1301 4392 1414 4444 austro.

232 4469 270 4532 Iu
290 4475 396 4549 quarto
419 4479 570 4531 momento
584 4470 666 4549 prior
685 4471 812 4549 angulus
835 4468 1150 4550 111111111340150,
1175 4472 1323 4550 posterior
1342 4472 1501 4532 earundem

144 4560 339 4623 affectionum
363 4553 425 4623 370
447 4555 512 4633 310,
537 4568 570 4621 01
592 4558 699 4638 major.
746 4560 803 4620 Illo
836 4560 929 4639 igitur
952 4562 990 4621 ab
1019 4562 1074 4622 hoc
1106 4562 1261 4624 subtracto
1293 4567 1392 4623 restat
1423 4559 1502 4621 inter

144 4650 374 4733 eclipticam-et
397 4668 463 4712 eum
486 4669 540 4729 per
562 4657 667 4710 centra
691 4644 729 4711 3⁰
755 4645 816 4726 150,
841 4648 928 4711 Luna
946 4651 1012 4729 jam
1035 4651 1159 4713 borcali.

237 4736 380 4803 Ceterum
403 4738 590 4818 problemate
619 4733 667 4800 14.
693 4738 807 4813 monui,
833 4739 977 4802 lubricum
1002 4760 1069 4801 esse
1093 4741 1213 4802 modum
1236 4739 1329 4816 hunc,
1363 4738 1400 4799 ob
1425 4737 1500 4800 1111-

145 4830 301 4893 bationem
324 4846 472 4889 manuum.
509 4828 557 4888 Ea
581 4833 723 4907 quantum
747 4827 802 4888 hac
827 4828 891 4892 vice
915 4829 1057 4907 potuerit,
1082 4829 1113 4890 in
1136 4849 1279 4892 successu
1302 4848 1360 4891 uon
1385 4827 1501 4890 latebit.

235 4916 307 4981 Jam
330 4917 409 4979 enim
433 4916 480 4979 his
504 4917 622 4997 angulis
642 4916 771 4978 inventis
794 4916 1012 4980 constituemus
1036 4918 1251 4997 longitudinem
1267 4926 1298 4981 et
1312 4917 1502 4980 latitudinem

1244 2291 1297 2355 Fig.
1319 2287 1376 2337 126.

146 5009 246 5073 visam
277 5006 318 5071 ad
347 5006 449 5072 omnia
479 5002 500 5071 4
533 5008 697 5069 momenta.¹
741 5005 778 5069 In
808 5006 910 5087 parvis
944 5007 1023 5069 enirn
1056 5007 1216 5088 triangulis
1244 5006 1323 5072 LSE
1348 5014 1413 5081 (Fig.
1441 5012 1504 5080 123)
