3692 5842
718 477 750 532 a
767 482 840 532 mnu·
859 479 963 548 optes
1456 484 1516 553 ιη

156 649 187 714 in
213 651 428 716 observatione
441 673 518 716 mea.
559 654 652 718 Aliud
666 673 723 733 ego
742 655 854 718 firmius
878 657 1083 719 testimonium
1108 657 1218 720 emoris
1241 659 1299 720 mei
1320 679 1338 719 a
1362 660 1520 722 latitudine

157 740 304 804 Mercurii
331 751 417 823 peto,
452 743 538 822 cujus
568 743 657 805 datur
689 745 819 822 cognitio
852 746 984 819 certior;
1018 746 1095 824 qnod
1128 765 1193 808 cnm
1217 746 1283 826 ipse
1307 766 1365 809 oon
1398 748 1519 823 videris,

157 846 267 891 uereor
290 838 325 891 ut
347 849 502 894 erroneam
526 831 554 892 in
578 832 728 894 Mercurio
752 832 888 912 sequaris
911 834 1102 914 hypothesin.
1141 835 1209 896 lion
1233 844 1282 896 est
1305 836 1384 896 enim
1408 836 1438 897 in
1462 838 1519 898 fine

158 916 281 978 Arietis
304 920 401 981 nodus
423 919 580 993 Mercurii,
610 938 665 981 nec
689 920 717 981 in
741 921 798 981 fine
822 922 930 996 Tauri,
955 923 1010 982 seri
1039 923 1103 983 loco
1132 923 1323 996 intermedio,
1354 922 1383 984 iu
1411 920 1519 1000 13⁰5

156 1005 289 1068 circiter.
324 1007 407 1070 Nihil
425 1008 504 1070 enim
525 1008 742 1087 tergiversatus
768 1010 894 1082 tirtebor,
921 1029 969 1071 mc
993 1029 1046 1088 per
1069 1011 1123 1071 lroc
1145 1010 1320 1073 decennium
1340 1013 1518 1090 proiecisse.

156 1092 267 1173 ltaque
293 1095 343 1156 die
369 1092 419 1159 18.
444 1096 520 1176 Maji
545 1096 608 1157 sive
632 1096 661 1156 in
686 1091 779 1167 5⁰11
802 1096 893 1158 fuerit
919 1100 1038 1160 sivein
1062 1095 1103 1160 9⁰
1124 1097 1197 1174 sire,
1223 1108 1255 1160 ut
1278 1119 1362 1161 meus
1386 1102 1520 1164 calculus

157 1181 235 1256 vult,
260 1183 350 1262 longe
374 1183 507 1259 ulterius,
533 1184 652 1245 omnino
676 1184 866 1246 latitudinem
891 1187 1034 1265 majorem
1058 1187 1164 1248 habuit
1187 1188 1409 1249 semidiametro
1425 1187 1517 1252 Solis.

248 1287 318 1350 Non
338 1290 435 1350 miuus
460 1288 612 1361 lubricum,
634 1290 762 1363 Fabrici,
787 1291 915 1369 porrigis
941 1299 1148 1371 argumentum
1164 1293 1275 1371 Apelli,
1301 1293 1422 1372 signata
1443 1314 1517 1357 con-

152 1374 314 1453 junctione
338 1375 420 1438 Solis
448 1384 481 1438 et
502 1377 634 1438 Veneris
657 1378 685 1439 in
715 1379 762 1439 die
791 1378 821 1441 2.
846 1379 919 1440 Dec.
950 1400 1039 1441 mane
1063 1381 1091 1441 b.
1117 1379 1147 1443 2.
1173 1379 1227 1443 30⁴
1256 1401 1333 1442 anno
1360 1379 1461 1459 1611,
1486 1394 1519 1445 ut

156 1481 249 1542 quem
274 1482 331 1543 ego
354 1466 472 1527 invenio
496 1465 526 1526 d.
555 1466 582 1527 1.
597 1465 672 1526 Dec.
698 1486 785 1528 mane
810 1468 838 1528 b.
864 1466 903 1540 5;
928 1488 986 1529 uon
1011 1470 1088 1549 quod
1113 1469 1169 1530 hac
1193 1469 1240 1530 die
1265 1470 1410 1531 calculum
1435 1478 1517 1532 tuum

90 1603 92 1612 .
155 1552 333 1630 praefracte
357 1554 494 1615 damnem
518 1572 555 1614 ex
579 1553 718 1615 dissensu
740 1555 807 1628 mei,
832 1556 886 1616 sed
909 1565 944 1617 ut
967 1557 1029 1635 ejus
1054 1558 1190 1619 fiduciam
1216 1557 1244 1618 in
1269 1564 1300 1618 te
1324 1559 1514 1637 redarguam,

156 1640 231 1718 quie
253 1641 412 1721 praecisae
435 1641 659 1721 conjunctiones
675 1641 755 1705 Solis
780 1652 810 1703 et
830 1644 959 1704 Veneris
984 1645 1119 1725 indigent
1142 1655 1251 1707 exacta
1274 1647 1517 1710 commutationis

155 1730 333 1792 anomalia:
367 1731 451 1792 illam
479 1749 550 1791 vero
580 1732 745 1793 venarier
772 1732 1034 1795 observationibus
1067 1734 1260 1796 maximarum
1293 1736 1516 1814 elongationum

155 1817 296 1885 (ceteras
323 1820 404 1880 enim
437 1818 664 1880 observationes
694 1821 791 1900 magis
824 1821 981 1902 magisque
1014 1822 1114 1883 reddit
1147 1823 1254 1884 infidas
1285 1823 1396 1885 vicinia
1419 1823 1517 1899 Solis)

155 1913 206 1964 est
229 1905 377 1969 balaenas
401 1908 489 1969 hamo
513 1907 631 1969 ducere.

249 1992 477 2074 Scriptorem
511 1994 610 2057 illum
641 1993 823 2055 Gallicum
856 1995 883 2056 in
910 1996 981 2058 Sole
1013 1997 1126 2058 vidisse
1159 2017 1216 2058 non
1249 1999 1429 2061 Mercurium
1462 2002 1515 2063 sed

155 2083 317 2157 mwulem,
342 2093 376 2145 ut
399 2084 595 2145 contenderat
608 2083 801 2154 Maestlinus,
820 2085 886 2162 jam
905 2103 997 2164 supra
1016 2105 1081 2147 snm
1106 2087 1233 2163 largitus
1253 2105 1346 2167 eoque
1362 2095 1393 2147 et
1412 2107 1516 2150 rocem

155 2171 183 2231 ei
208 2189 297 2233 suam
322 2179 412 2246 „octo
436 2172 522 2233 dies“
547 2173 688 2245 restituo,
714 2191 800 2251 quam
824 2173 854 2232 iu
881 2174 1051 2247 „octoties“
1082 2191 1137 2252 ego
1161 2184 1413 2237 commutaveram
1442 2177 1515 2237 bar-

154 2258 221 2320 bari
245 2260 342 2321 seculi
365 2261 482 2322 fiducia.
530 2261 574 2321 At
597 2279 682 2339 quae,
704 2259 832 2333 Fabrici,
857 2262 1072 2341 consequentia
1097 2261 1202 2323 fuerit:
1230 2281 1307 2335 „uon
1332 2261 1408 2324 vidit
1431 2264 1515 2326 Mer-

155 2347 271 2409 curium
296 2347 326 2409 in
351 2347 561 2428 Sole“,‘ergo
592 2367 685 2422 „aera
717 2349 782 2427 ejus
810 2349 878 2427 jure
912 2357 1015 2412 manet
1046 2351 1238 2411 invariata“:
1268 2371 1328 2429 qna
1356 2350 1515 2413 locutionis

156 2435 257 2498 forma
279 2444 314 2498 tu
338 2456 494 2500 censuram
518 2456 614 2498 meam
639 2436 794 2498 insimulas
819 2438 939 2508 erroris,
966 2439 1064 2519 „quod
1090 2458 1198 2500 annum
1222 2436 1285 2502 807
1311 2439 1514 2502 observationi

155 2522 345 2604 adscriptum
378 2526 540 2587 debeamus
573 2525 741 2604 intelligere
770 2525 918 2587 finientem
948 2528 977 2588 in
1006 2527 1156 2590 novilunio
1189 2528 1325 2605 paschali
1359 2528 1515 2607 sequentis

154 2613 204 2674 rel
227 2614 339 2675 saltem
362 2614 392 2676 in
417 2615 477 2675 fixa
500 2614 547 2675 die
563 2611 616 2675 25.
632 2613 746 2688 Martii,
771 2622 802 2674 et
825 2614 868 2675 sic
888 2634 969 2676 more
991 2616 1134 2677 hodierno
1158 2616 1382 2695 subintelligere
1406 2636 1514 2678 annum

153 2697 222 2764 808
246 2701 439 2781 incipientem
463 2723 481 2763 a
505 2699 572 2764 Cal.
596 2700 666 2763 Jan.
691 2703 985 2780 praecedentibus?“
1011 2705 1074 2764 lmo
1098 2713 1221 2783 propter·
1244 2703 1299 2765 boc
1323 2705 1419 2783 ipsum
1442 2723 1515 2769 vera

153 2796 203 2852 est
226 2808 297 2851 mea
319 2810 456 2864 censura,
481 2791 558 2870 quod
583 2792 711 2867 scriptor
735 2791 854 2868 putavit
876 2811 909 2852 se
934 2793 1034 2854 ridere
1048 2792 1228 2853 Mercurium
1252 2792 1281 2852 in
1298 2791 1379 2866 Sole,
1405 2792 1513 2873 quippe

152 2878 239 2958 cujus
272 2879 512 2957 conjunctionem
545 2898 610 2940 cum
636 2879 707 2939 Sole
731 2880 769 2939 ad
804 2880 882 2940 diem
916 2877 965 2943 16.
991 2879 1058 2942 Cal.
1083 2883 1158 2959 Apr.
1194 2891 1424 2959 computaverat
1453 2899 1511 2942 non

153 2985 236 3028 euno
258 2964 325 3030 807
351 2967 542 3047 (incipiente)
567 2967 620 3027 sed
645 2985 722 3028 euno
746 2964 812 3030 808
836 2968 926 3029 moris
951 2969 1095 3031 hodierni.
1143 2968 1335 3049 Relinquitur
1359 2978 1459 3031 temen
1485 2973 1512 3031 ei

151 3075 208 3116 sue
233 3073 324 3129 aera,
358 3074 440 3117 more
471 3056 590 3135 quidem
614 3057 659 3116 sui
683 3057 775 3117 seculi
810 3066 970 3135 usurpata,
1006 3066 1038 3118 ut
1067 3058 1109 3119 sit
1136 3077 1231 3120 annus
1259 3055 1324 3120 807
1352 3058 1458 3120 liniens
1483 3058 1512 3119 in

151 3161 246 3206 veruo
270 3144 459 3224 aequinoctio
483 3144 611 3206 circiter.
637 3176 677 3186 —
1284 3143 1288 3156 '

242 3247 312 3299 Hinc
340 3250 430 3298 manet
447 3248 571 3313 Kaplema
591 3248 623 3297 ad
642 3248 781 3299 Galilaeum
809 3262 887 3313 eaque
914 3263 979 3315 quea
1008 3265 1064 3299 cum
1083 3250 1123 3300 illo
1151 3252 1203 3316 egit
1221 3251 1252 3300 de
1270 3250 1392 3303 Mercurio
1411 3253 1436 3301 in
1455 3250 1513 3302 Sole

152 3320 214 3370 ricc.
251 3318 336 3381 Quam
354 3336 406 3370 ram
424 3334 499 3385 quum
518 3320 635 3383 peculiari
654 3320 734 3369 libello
753 3321 920 3384 inquisiverit,
940 3320 1059 3370 edilium
1082 3321 1145 3372 haec
1167 3323 1303 3373 reserentes
1327 3323 1423 3388 reliqua
1439 3322 1512 3386 hujus

150 3391 397 3456 macedoniaque
416 3392 449 3441 ed
467 3392 607 3441 Fabricium
627 3392 752 3455 pertinent
768 3391 886 3455 prioribus
905 3391 1083 3456 subjungimus.

241 3463 331 3526 Nunc
353 3472 435 3536 pergit
454 3471 593 3534 uspiam,
617 3463 655 3522 ad
678 3463 889 3523 Fabricium
912 3474 1108 3524 revertamur.

244 3550 294 3613 De
319 3549 541 3631 conjunctione
565 3549 689 3613 Saturni
713 3558 745 3611 et
767 3550 864 3622 Joris,
889 3570 964 3630 quae
993 3551 1104 3613 accidit
1127 3570 1205 3613 anno
1232 3545 1316 3612 1003
1340 3549 1509 3623 Decembri,

153 3640 239 3703 litem
263 3657 368 3701 moves
394 3639 423 3701 iu
452 3641 646 3719 prognostico
674 3657 732 3700 uon
762 3639 965 3701 necessariam
993 3658 1082 3719 super
1110 3658 1167 3701 uno
1196 3639 1348 3717 scrupulo,
1373 3657 1430 3718 quo
1455 3639 1510 3700 tibi

151 3729 208 3809 ipsi
235 3727 354 3809 totique
386 3729 461 3789 adeo
495 3728 639 3789 scientiae
675 3727 890 3807 praejudicium
924 3748 1009 3790 creas
1043 3728 1223 3808 imprudens.
1270 3725 1303 3787 Si
1336 3746 1394 3787 non
1426 3727 1509 3806 priua

153 3819 289 3880 edendae
313 3826 384 3878 suut
407 3817 561 3888 Tabulae,
595 3835 684 3896 quam
713 3818 831 3877 unicum
864 3817 1009 3879 minutum
1042 3836 1256 3898 assequamur,
1289 3834 1438 3895 nunquam
1462 3816 1510 3878 edi

149 3914 294 3986 poterunt
317 3925 371 3967 nec
386 3915 466 3980 tuae,
487 3924 561 3986 quas
577 3912 722 3978 ostentas,
747 3924 801 3967 nec
816 3924 910 3980 meae,
927 3925 1002 3987 quas
1017 3915 1175 3985 tantopere
1190 3903 1322 3984 flagitas.
1358 3903 1509 3966 Gloriaris

150 3995 244 4076 quod
270 4012 337 4057 uno
361 3994 501 4056 minuto
525 4013 640 4055 meum
663 3993 847 4056 calculum
872 3996 1112 4073 superaverit
1134 4003 1227 4069 tuus,
1253 4011 1347 4072 eaque
1363 4013 1394 4055 re
1410 4013 1508 4055 meum

150 4084 288 4146 delectus
316 4082 439 4161 arguis3
469 4081 585 4163 quoties
610 4084 739 4144 futurum
762 4090 867 4162 putas,
893 4091 927 4144 ut
960 4090 1028 4145 tuus
1052 4083 1183 4144 vicissim
1211 4101 1286 4150 nuo,
1321 4081 1436 4143 duobus
1461 4082 1508 4144 vel

150 4173 246 4234 tribus
270 4171 395 4233 minutis
419 4177 576 4250 superetur
600 4192 618 4231 a
642 4172 732 4232 meo?
770 4171 819 4236 Ut
836 4180 960 4251 uterque
986 4192 1005 4233 a
1032 4171 1140 4233 coelo?
1177 4170 1256 4241 Quid
1286 4173 1363 4250 quod
1393 4170 1509 4231 incerta

150 4271 198 4322 est
221 4281 271 4323 res
294 4260 386 4323 tota?
422 4260 490 4321 lion
514 4259 593 4320 enim
617 4260 750 4335 coelum,
783 4261 837 4321 sed
865 4258 1066 4322 assertionem
1089 4279 1186 4321 meam
1211 4267 1278 4320 tuus
1302 4258 1435 4319 calculus
1459 4266 1509 4318 est

150 4358 310 4412 essecutus
333 4360 398 4411 tam
422 4368 535 4429 prope:
569 4365 624 4426 ego
648 4366 736 4422 vero,
762 4350 838 4428 quod
863 4349 998 4422 asserui,
1030 4367 1067 4409 ex
1091 4346 1351 4410 observationibus
1380 4345 1507 4420 asserui,

151 4458 227 4519 quae
251 4437 332 4500 diem
356 4436 576 4517 conjunctionis
599 4438 758 4498 multorum
782 4438 894 4498 dierum
923 4438 1023 4516 spatio
1048 4446 1119 4499 sunt
1151 4437 1324 4498 insecutae:
1355 4434 1453 4513 potuit
1477 4434 1507 4496 iu

149 4528 362 4591 observatione
386 4546 462 4596 mea,
486 4525 585 4605 potuit
604 4524 633 4585 in
654 4525 831 4587 deductione
851 4526 914 4604 ejus
943 4527 981 4587 ad
1002 4527 1066 4588 dies
1090 4525 1304 4588 antecedentes
1324 4542 1391 4584 esse
1416 4523 1507 4602 triplo

149 4617 195 4679 rel
218 4616 389 4698 quadruplo
412 4614 509 4695 major
528 4633 621 4685 error,
646 4632 734 4694 quam
758 4622 807 4675 est
829 4614 885 4676 boc
909 4614 1063 4677 dissidium
1088 4614 1131 4676 tui
1155 4613 1263 4676 calculi
1286 4633 1305 4673 a
1327 4630 1402 4672 meo.

237 4722 300 4786 Sed
325 4721 463 4785 nimimm
486 4721 517 4783 id
539 4720 636 4800 ipsum
661 4720 759 4799 egisti,
784 4729 818 4781 nt
841 4742 859 4782 a
881 4741 928 4783 me
953 4720 1177 4800 responsionem
1211 4720 1288 4779 banc
1321 4717 1505 4798 exprimeres

149 4813 318 4892 scireeqne,
351 4829 428 4891 qnae
458 4830 528 4891 spes
562 4817 645 4871 esset
675 4809 877 4885 Tabularum,
908 4829 965 4890 quo
999 4812 1064 4872 lcco
1087 4808 1299 4881 Astrouomia,
1333 4817 1424 4888 utque
1451 4826 1505 4888 per

148 4900 327 4964 indirectum
361 4900 522 4962 lectoribus
553 4899 815 4961 commendaretur
846 4899 991 4961 mirabilis
1031 4897 1178 4959 certitudo
1211 4907 1243 4959 et
1275 4914 1437 4958 consensus
1461 4896 1505 4959 tui

148 4990 265 5074 meique
288 4989 472 5054 calculomm
495 4988 573 5053 iuter
596 5008 628 5051 se
653 4996 685 5051 et
708 5008 774 5051 cum
798 4987 1009 5052 observatione
1032 5006 1116 5050 mea:
1141 5005 1228 5069 quem
1248 5004 1304 5070 ego
1326 5003 1505 5051 consensum
