3692 5842
347 465 414 540 ³22
839 477 1014 528 usonem„
1032 473 1095 526 rm
1112 472 1212 541 operes

438 653 579 715 Mercurii
602 653 673 715 nodi
696 653 725 715 in
740 653 832 716 Tauri
851 662 883 716 et
897 654 1072 736 Scorpionis
1095 649 1251 734 principio'
1264 652 1312 714 vel
1327 650 1445 714 Arietis
1467 655 1501 714 et
1517 651 1633 714 Librae
1653 652 1710 713 hue

348 749 433 815 sunt,
467 750 654 823 possuntque
684 743 773 804 hodie
801 763 838 805 ac
869 744 930 805 lere
967 744 1104 806 omnibns
1140 741 1326 820 temporibus
1357 742 1515 820 planetam
1545 742 1625 803 hunc
1655 741 1712 802 snb

349 830 453 894 Solem
476 829 627 893 invehere.
675 829 742 901 Quo
766 833 862 894 minus
886 832 1061 908 mirandum,
1088 833 1166 912 quod
1190 832 1219 893 in
1244 831 1308 892 vita
1327 828 1431 893 Caroli
1450 828 1557 909 Magni
1581 829 1711 910 legimus

348 920 386 982 sd
412 938 520 981 annum
543 915 619 983 807.
645 930 822 983 annotatum
847 921 894 984 his
922 922 1040 984 verbis:
1066 931 1158 986 Stella
1178 928 1307 984 Mercurii
1331 930 1376 986 16.
1392 927 1452 983 Cal.
1467 929 1560 999 April.
1582 928 1647 982 viss
1669 937 1713 982 est

346 1011 375 1065 iu
396 1010 460 1065 Sole
481 1011 560 1081 quasi
582 1027 672 1081 parva
700 1014 811 1067 macula
831 1013 930 1083 nigra:
962 1020 1055 1067 tamen
1079 1013 1164 1082 paulo
1190 1010 1317 1081 superius
1346 1008 1436 1064 medio
1461 1016 1558 1063 centro
1585 1007 1712 1079 ejusdem

348 1099 463 1161 sideris3
485 1116 557 1171 quae
582 1101 699 1156 octoties
724 1094 773 1162 (ut
796 1110 852 1170 ego
878 1093 945 1171 lego
970 1092 1107 1165 barbare,
1133 1109 1190 1152 non
1215 1099 1284 1150 octo
1309 1089 1389 1161 dies)
1420 1116 1439 1152 a
1466 1097 1547 1152 nobis
1576 1098 1620 1153 its
1648 1115 1713 1151 oon·

348 1185 448 1251 speetu
474 1185 529 1313 edet.
572 1181 626 1234 Sed
653 1185 761 1252 quando
788 1182 905 1252 primum
934 1182 1049 1238 intrarit
1074 1182 1120 1236 rel
1150 1181 1239 1244 exiit,
1269 1179 1388 1235 nubibus
1417 1178 1635 1250 impedientibus
1659 1195 1714 1232 non

350 1258 442 1332 potuit
463 1276 481 1313 a
500 1261 601 1315 notari.

438 1338 556 1401 Auctor
584 1338 787 1402 astronomiae
820 1340 935 1420 peritus
969 1339 1038 1413 fuit,
1070 1338 1148 1419 quod
1181 1345 1309 1419 apparet
1336 1356 1374 1399 ex
1389 1385 1392 1393 .
1406 1336 1639 1418 consignatione
1667 1344 1714 1398 tot

350 1425 518 1506 eclipsim,
543 1434 576 1489 et
598 1429 676 1508 qnod
700 1429 839 1507 copulam
863 1428 946 1491 Solis
970 1436 1002 1490 et
1024 1427 1167 1491 Mercurii
1188 1426 1307 1490 calculo
1331 1427 1443 1500 nouit,
1467 1445 1590 1508 exque
1611 1426 1713 1497 scirit,

350 1516 498 1577 maculam
531 1516 614 1579 illam
647 1535 714 1577 esse
745 1517 937 1581 Mercurium.
990 1518 1099 1580 Annus
1131 1524 1234 1579 tamen
1269 1515 1373 1578 nescio
1405 1534 1464 1597 qno
1495 1533 1570 1580 essu
1603 1514 1713 1578 vitiose

351 1605 541 1684 conscriptus
564 1614 623 1668 est.
669 1605 740 1668 Fuit
763 1607 840 1668 euim
865 1626 944 1669 anno
968 1604 1044 1670 808.
1073 1602 1121 1670 16.
1147 1604 1215 1668 car.
1238 1605 1339 1685 April.
1370 1605 1464 1679 (torte
1492 1606 1575 1686 quod
1601 1623 1714 1668 wnum

351 1694 547 1757 aPsschate
580 1694 729 1769 inchoat).
776 1694 855 1758 Nam
883 1696 950 1775 ejus
979 1695 1039 1757 diei
1071 1694 1237 1757 meridiana
1264 1695 1339 1757 horu
1365 1693 1395 1756 in
1419 1692 1623 1773 Regioruonte
1648 1693 1713 1755 esl-

352 1784 436 1846 eulus
460 1783 640 1846 Prutenicus
673 1782 797 1846 exhibet
829 1785 928 1847 locum
952 1784 1033 1848 Solis
1056 1782 1096 1847 0⁰
1118 1778 1172 1848 45⁴
1195 1782 1242 1861 Υ,
1270 1782 1411 1845 Mercurii
1434 1779 1475 1844 0⁰
1497 1778 1553 1846 31‘
1577 1781 1626 1859 Υ,
1648 1801 1714 1844 cerro

352 1873 406 1935 lst.
432 1868 472 1933 2ο
494 1868 536 1947 9‘,
562 1892 652 1952 quam
684 1872 874 1936 latitudinem
907 1882 1021 1936 eertum
1045 1882 1095 1937 est
1117 1895 1137 1935 a
1159 1871 1335 1935 Ptolemaeo
1369 1872 1447 1934 citra
1467 1870 1714 1934 observationum

352 1960 466 2025 indicia
488 1960 533 2022 sic
555 1962 735 2035 ordinatam,
760 1982 797 2023 ne
821 1963 876 2025 bos
900 1964 975 2024 duos
1006 1964 1147 2042 planetas
1170 1961 1226 2025 suh
1250 1960 1353 2023 Solem
1376 1959 1543 2023 induceret
1584 1960 1633 2022 At
1651 1960 1714 2039 jans

356 2049 469 2112 dictum
494 2057 552 2125 est,
576 2050 666 2112 hodie
690 2051 799 2113 nodum
823 2051 853 2113 in
875 2052 993 2116 Arietis
1015 2052 1073 2114 fine
1101 2070 1185 2125 esse,
1209 2059 1323 2113 utnon
1347 2057 1467 2129 praeter
1489 2049 1643 2113 rationem
1665 2050 1714 2122 sit,

356 2145 427 2201 tunc
451 2139 544 2200 fnisse
568 2140 649 2202 eirca
672 2139 788 2202 initium
812 2141 899 2221 hujus
924 2141 1011 2220 sigui.

442 2229 514 2290 Jam
545 2228 638 2308 igitur
669 2248 727 2291 non
759 2230 886 2310 amplius
918 2231 976 2293 soli
999 2230 1127 2292 Averroi
1159 2230 1196 2291 de
1226 2228 1283 2290 hoo
1315 2226 1522 2308 phaenomeno
1554 2227 1714 2300 credimus,

352 2323 514 2398 postquam
538 2315 731 2380 Christianae
755 2319 953 2399 professionis
976 2319 1065 2381 homo
1089 2338 1175 2381 suum
1199 2336 1315 2399 quoque
1339 2316 1487 2379 caleulum
1510 2315 1610 2378 addit.
1623 2309 1670 2391 ⁰⁸)

444 2406 550 2468 Lunae
574 2426 665 2486 super
686 2409 762 2470 lixas
787 2408 941 2486 ingressus
965 2427 1040 2487 pene
1069 2407 1233 2487 quotidiani
1257 2414 1341 2481 sunt,
1372 2405 1530 2485 solentque
1554 2405 1716 2485 diligenter

353 2495 493 2557 annotari
526 2495 565 2557 ab
599 2497 792 2559 astronomis.
839 2497 891 2560 Sic
920 2497 1076 2577 Agrippas
1107 2497 1258 2579 Bithynus
1283 2505 1314 2557 et
1337 2494 1530 2556 Timochares
1562 2493 1716 2563 Pleiadas,

354 2583 514 2648 Menelaus
536 2584 693 2647 Romanus
727 2587 856 2647 frontem
875 2584 1008 2666 Scorpii,
1043 2586 1191 2667 iidemque
1224 2593 1364 2648 auctores
1392 2601 1450 2645 non
1474 2583 1568 2645 seurcl
1602 2584 1715 2665 spicam

353 2671 500 2753 Virginis,
526 2674 630 2756 Tycho
652 2675 753 2737 Brahe
778 2685 810 2736 et
834 2674 1019 2755 Cepernious
1042 2675 1226 2750 Palliolum,
1256 2692 1312 2754 ego
1335 2693 1387 2735 cor
1410 2670 1529 2753 Scorpii
1552 2676 1606 2745 (ut
1628 2692 1716 2754 sopra

353 2780 420 2842 cap.
450 2763 486 2838 V,
510 2763 585 2826 Nro.
610 2761 641 2839 5,
666 2784 696 2845 p.
721 2760 797 2828 266.
822 2765 964 2841 dictum),
989 2765 1173 2828 Maestlinus
1201 2763 1399 2827 creberrimas
1422 2762 1515 2826 etiam
1539 2760 1715 2826 minutiores

353 2851 501 2915 occultari
525 2873 544 2913 s
565 2852 653 2914 Luna
675 2854 762 2917 vidit.
1214 2906 1217 2914 .

444 2942 494 3002 Ita
517 2938 680 3004 Saturnum
704 2964 723 3004 a
746 2943 834 3004 Luna
862 2951 976 3004 tectum
1000 2942 1179 3004 Waltherus
1207 2939 1327 3002 notavit
1355 2938 1439 3011 (vide
1466 2939 1548 3002 iufra
1570 2959 1641 3022 cap.
1662 2938 1714 3012 Xl,

354 3029 452 3110 probl.
468 3026 548 3104 30.),
572 3028 680 3093 Jovem
694 3032 864 3095 Monachus
887 3031 1050 3094 historicus
1075 3050 1153 3094 anno
1174 3030 1290 3094 Christi
1304 3026 1379 3092 807.
1402 3028 1562 3103 Januario,
1585 3030 1715 3093 Martem

353 3117 540 3180 Aristoteles
563 3127 595 3180 et
617 3121 810 3195 Maestlinus,
835 3121 987 3183 Venerem
1012 3119 1198 3200 Cepernious
1222 3118 1273 3181 lib.
1291 3119 1330 3180 V.
1355 3136 1423 3198 cap.
1447 3114 1500 3180 23.

447 3207 552 3269 Verba
576 3208 753 3273 Aristotelis
783 3210 834 3272 lib.
859 3210 897 3271 ll.
921 3212 958 3271 de
982 3211 1081 3284 coelo,
1106 3229 1173 3291 cap.
1202 3208 1251 3271 12.
1283 3220 1390 3273 Lunam
1411 3218 1484 3273 enirn
1503 3218 1639 3283 vidimus,
1660 3233 1715 3273 m

355 3297 486 3353 hilariam
500 3298 543 3353 ita
563 3300 652 3354 dirisa
672 3308 758 3363 esset,
779 3307 812 3355 ut
825 3301 918 3355 ultera
932 3319 968 3356 ex
982 3309 1063 3371 parte
1086 3303 1291 3363 obscuraretur,
1311 3318 1349 3354 ex
1364 3302 1458 3355 alters
1478 3300 1596 3363 luceres,
1618 3299 1715 3355 semin

355 3378 486 3451 congredi
508 3396 568 3433 cum
589 3381 682 3444 stella,
704 3398 776 3452 quae
798 3382 896 3435 Martis
918 3382 1026 3445 dicitur,
1048 3389 1078 3436 et
1098 3400 1159 3437 eam
1182 3383 1297 3453 quidem,
1319 3397 1380 3435 cnm
1400 3382 1519 3436 obscuro
1539 3380 1618 3435 illius
1638 3393 1715 3451 pune

355 3476 493 3538 occupata
513 3469 621 3535 fuisset,
643 3489 680 3525 ex
700 3477 783 3542 parte
804 3470 878 3525 illius
900 3471 993 3525 lucida
1013 3488 1167 3542 emergere.
1209 3460 1277 3522 Non
1306 3461 1406 3540 potuit
1438 3459 1530 3539 igitur
1561 3458 1621 3520 hoo
1652 3477 1715 3519 esse

356 3547 416 3608 alio
441 3555 588 3626 ternpore,
614 3567 704 3628 quam
729 3567 808 3610 anno
832 3550 923 3610 tertio
948 3547 1137 3631 Olympiadis
1163 3548 1347 3611 centesimae
1371 3548 1504 3629 quintae,
1528 3557 1602 3609 ante
1628 3545 1715 3610 Chri·

355 3648 435 3697 sturu
461 3654 539 3697 anno
565 3632 639 3711 357,
665 3638 693 3699 in
718 3647 808 3700 noete
830 3632 862 3699 4.
881 3638 991 3717 April,
1015 3637 1087 3701 Sole
1111 3639 1140 3699 in
1168 3632 1339 3713 10⁰Tauri,
1364 3638 1451 3700 Luna
1475 3656 1543 3699 cum
1564 3636 1668 3699 Marte
1690 3635 1715 3696 in

359 3721 399 3789 3ο
422 3728 448 3801 ii
471 3725 630 3787 latitudine
655 3728 761 3789 eadem
769 3747 778 3801 ;
803 3746 870 3788 curn
889 3727 1074 3789 Aristoteles
1093 3727 1213 3808 juvenis
1237 3723 1276 3790 21
1303 3746 1447 3790 annorum
1470 3725 1592 3789 audiret
1614 3724 1716 3789 Eudo·

355 3832 436 3889 xum,
462 3821 496 3876 ut
518 3832 556 3874 ex
580 3815 705 3878 Laertio
729 3824 842 3878 notum.

449 3899 651 3967 Commendat
683 3903 723 3966 ibi
751 3904 938 3968 Aristoteles
969 3903 1191 3968 Chaldaeorum
1221 3904 1417 3980 industriam,
1443 3925 1462 3965 a
1485 3904 1594 3985 quibus
1628 3903 1718 3966 mults

358 3990 435 4053 talia
457 3991 496 4054 ad
520 3991 657 4056 Graecos
680 3994 856 4073 pervenisse
880 3994 963 4056 dicit.

929 4580 1048 4680 Caput
1074 4578 1143 4654 IX.

876 4756 933 4818 De
956 4754 1200 4821 Porolluoibus.

449 4914 587 4994 Corpora
609 4914 728 4995 itaque,
752 4934 875 4995 qnorum
899 4917 1017 4996 species
1041 4927 1072 4980 et
1095 4917 1286 4981 dimetientes
1319 4916 1504 4980 astronomia
1535 4914 1720 4988 considerat,

362 5012 441 5079 sunt,
466 5004 510 5067 uti
535 5002 673 5078 diximus,
698 5002 761 5077 Sol,
786 5005 873 5067 Luna
896 5015 929 5067 et
951 5007 1078 5068 stellae:
1104 5009 1209 5086 quibus
1234 5008 1383 5070 accedunt
1400 5006 1533 5069 Telluris
1557 5005 1720 5087 Lunaeque
