3692 5842
817 489 848 540 de
867 488 947 540 Stella
964 487 1045 540 Nova.
1543 486 1604 555 604

249 686 310 730 non
344 665 477 746 quotidie
511 673 594 729 creat
627 668 726 730 omnia
757 686 811 747 per
834 668 958 728 Terram
983 664 1158 740 nascentia,
1193 672 1273 726 certe
1307 666 1470 729 secundum
1503 687 1606 730 sacras

249 755 358 818 literas
381 764 415 817 et
436 755 620 836 theologos?
644 757 820 838 quibusdam
844 775 882 816 ex
906 755 997 817 nihilo
1016 764 1102 817 creat
1124 754 1240 815 animas
1255 754 1398 833 quotidie.
1445 756 1490 817 Tu
1513 757 1608 818 mira·

249 845 322 906 cula
343 844 496 907 miraculis
520 864 657 919 excusas,
681 847 787 907 stellas
812 864 888 917 esse,
914 863 971 904 non
996 853 1097 905 tamen
1113 843 1258 904 visibiles.
1305 843 1380 904 Mihi
1403 843 1526 923 perinde
1550 854 1608 918 est,

248 933 321 996 dum
345 934 438 995 sciam
463 934 576 1013 fulgere
600 935 657 995 hoc
681 935 764 1008 loco,
800 934 878 1013 quod
911 933 981 994 olim
1007 952 1063 993 non
1089 931 1191 1004 fulsit,
1226 931 1290 991 sive
1323 931 1363 992 sit
1395 933 1458 993 sive
1491 942 1609 995 tautum

248 1031 410 1102 appareat.
456 1023 521 1084 Nec
555 1023 715 1103 quidquam
747 1024 889 1103 proficere
924 1022 1036 1082 videris
1067 1020 1248 1099 disputando
1280 1039 1298 1078 a
1328 1019 1544 1098 significatione
1569 1023 1607 1083 ad

247 1112 425 1174 essentiam.
472 1112 505 1172 ln
531 1111 587 1173 hoc
611 1131 720 1190 genere
745 1130 801 1172 non
826 1131 889 1171 sum
919 1110 1112 1171 exercitatus.
1160 1107 1193 1169 Si
1222 1128 1281 1186 qua
1303 1109 1429 1190 physica
1452 1110 1510 1172 dici
1533 1130 1608 1191 pos-

248 1208 338 1272 sunt,
372 1200 434 1262 dixi
468 1200 496 1261 iu
522 1199 660 1279 Opticis;
698 1219 754 1261 non
788 1219 858 1260 vero
889 1200 926 1259 de
957 1208 1023 1261 ortu
1056 1198 1109 1258 sed
1143 1197 1179 1257 de
1204 1197 1338 1258 essentia
1361 1217 1412 1258 seu
1438 1201 1607 1278 quantitate

247 1288 408 1351 materiae.
455 1289 521 1349 Hoc
545 1309 582 1349 ex
608 1289 664 1349 iis:
703 1288 799 1350 Omne
824 1306 948 1367 opacum
974 1299 1021 1348 est
1054 1285 1265 1359 illuminabile,
1298 1305 1383 1347 omne
1414 1287 1608 1350 illuminabile

248 1377 381 1440 visibile.
429 1375 462 1438 Si
488 1395 559 1456 ergo
585 1378 658 1450 fuit,
682 1385 713 1439 et
737 1397 832 1457 opaca
856 1378 913 1437 fuit
937 1384 967 1436 et
991 1376 1117 1436 visibilis
1141 1375 1208 1435 fuit.
1256 1372 1289 1435 Si
1314 1374 1462 1449 visibilis,
1495 1386 1528 1437 at
1551 1396 1608 1438 nou

250 1466 329 1540 visa,
354 1466 445 1546 igitur
469 1474 566 1527 tecta:
592 1467 685 1546 quid?
708 1487 765 1528 non
791 1475 824 1528 ut
838 1467 924 1527 Luna
944 1484 1007 1526 cum
1026 1462 1106 1537 Sole,
1132 1463 1186 1524 sed
1210 1482 1225 1523 e
1250 1463 1371 1541 regione
1392 1464 1483 1526 etiam
1506 1465 1608 1527 iliius?

249 1552 331 1626 Quid
358 1555 450 1617 habet
474 1556 697 1616 commoditatis
722 1556 817 1629 Deus,
844 1565 876 1616 ut
899 1556 999 1633 potius
1023 1572 1076 1631 per
1100 1572 1178 1613 nova
1201 1571 1328 1631 corpora
1350 1553 1499 1633 significet
1522 1554 1609 1616 nobis

249 1662 340 1724 quam
363 1663 420 1724 per
443 1662 536 1704 novas
561 1644 775 1723 quantitates?
819 1643 899 1704 Ecce
924 1645 1015 1704 alium
1032 1641 1088 1702 Dei
1113 1659 1234 1702 morem.
1283 1639 1418 1720 Corpora
1441 1649 1511 1704 sunt
1534 1645 1608 1704 sub·

246 1733 404 1807 stantiae,
440 1742 539 1793 motus
568 1741 616 1803 est
639 1734 795 1804 accidens,
829 1751 885 1792 non
918 1740 1005 1793 erunt
1028 1730 1153 1809 pulchra
1176 1749 1303 1810 corpora
1326 1731 1383 1791 nisi
1406 1737 1630 1794 moverentur*

247 1821 293 1884 Ut
316 1821 410 1902 igitur
433 1829 623 1882 moverentur
648 1823 685 1883 ob
718 1822 858 1883 accidens
891 1821 973 1894 hoc:
1000 1819 1115 1882 creavit
1137 1820 1220 1881 Deus
1244 1819 1274 1879 in
1298 1819 1358 1879 illis
1382 1819 1520 1899 spiritum
1543 1839 1608 1881 mo-

246 1919 382 1984 ventem,
409 1910 457 1989 qui
486 1918 534 1970 est
556 1912 683 1971 maxime
707 1911 888 1971 substantia.
935 1911 985 1971 lta
1016 1927 1073 1970 non
1097 1918 1146 1969 est
1169 1907 1234 1969 Deo
1259 1908 1317 1968 vile
1341 1909 1481 1970 accidens
1505 1927 1608 1971 creare

246 1999 299 2061 vel
323 1999 474 2066 ordinare,
499 2007 533 2058 et
556 1998 582 2058 si
606 2000 696 2061 aliter
718 2000 834 2079 nequit,
859 1999 897 2058 ad
923 1999 1063 2060 accidens
1087 1997 1278 2059 obtinendum
1303 2004 1387 2058 creat
1410 1997 1607 2059 substautias.

244 2087 314 2151 Nec
329 2088 512 2168 superfluum
531 2087 625 2148 habet
640 2088 791 2168 quippiam
811 2089 856 2148 ita
876 2088 999 2161 faciens,
1017 2088 1086 2166 quia
1100 2095 1233 2148 creatum
1248 2085 1368 2147 abolere
1383 2086 1485 2147 itidem
1495 2096 1608 2166 potest.

341 2175 405 2239 Sed
430 2176 507 2237 enim
533 2196 590 2237 non
617 2186 665 2238 est
687 2178 762 2238 artis
786 2177 884 2237 dicere
909 2196 965 2251 ea,
999 2195 1074 2256 quae
1098 2183 1168 2236 suot
1192 2181 1279 2236 extra
1302 2192 1418 2236 omnem
1442 2175 1608 2255 inquirendi

245 2265 349 2327 aleam
371 2265 494 2344 posita:
528 2274 562 2326 ut
585 2284 649 2326 eum
674 2267 732 2340 ais,
758 2285 825 2325 esse
850 2284 956 2325 novam
982 2266 1047 2325 loco
1071 2264 1208 2343 pristino,
1233 2272 1267 2324 at
1294 2282 1351 2324 non
1382 2264 1484 2326 videri.
1533 2265 1608 2325 Mihi

245 2354 361 2416 sufficit
384 2354 560 2433 conjectura
583 2354 657 2415 haec
681 2354 847 2428 contraria,
873 2355 951 2433 quod
976 2354 1122 2433 paulatim
1145 2354 1333 2426 minuantur,
1364 2352 1455 2432 igitur
1478 2371 1607 2414 evanes-

244 2452 329 2506 cant.
377 2444 458 2505 Item
481 2462 547 2502 cum
579 2442 643 2514 ais,
677 2463 765 2504 unam
789 2443 838 2503 vel
862 2462 976 2521 paucas
1010 2461 1076 2503 esse
1101 2461 1211 2515 novas,
1237 2448 1268 2502 et
1291 2442 1492 2503 translatione
1516 2460 1609 2504 caeca
1700 2455 1703 2462 '

244 2551 301 2612 pro
337 2531 400 2593 alia
433 2539 526 2611 atque
560 2532 620 2592 alia
653 2533 780 2593 diversis
814 2539 915 2593 tamen
949 2532 1086 2611 partibus
1119 2529 1232 2592 haberi.
1280 2529 1356 2591 Mihi
1388 2530 1498 2592 sufficit
1521 2531 1607 2606 scire,

245 2621 428 2702 quandoque
454 2620 528 2680 duos
553 2620 639 2681 simul
664 2621 784 2681 fulsisse
809 2630 953 2694 cometas,
968 2624 1011 2681 'et
1033 2621 1114 2695 olim,
1140 2620 1189 2700 qui
1212 2638 1287 2680 unus
1312 2618 1376 2691 fuit,
1400 2620 1429 2680 in
1454 2621 1527 2680 duas
1543 2618 1608 2680 dis·

242 2710 378 2773 cessisse
410 2716 526 2790 partes.
565 2715 662 2781 (Comp.
682 2719 739 2791 Vct.
759 2719 780 2768 1.
799 2733 823 2781 p.
845 2714 919 2777 665.)
956 2708 1101 2770 Libenter
1130 2727 1201 2789 ergo
1232 2708 1374 2788 conjicio,
1409 2708 1608 2769 translatione

243 2799 304 2862 ioci
328 2818 388 2860 non
415 2798 490 2860 fieri.

336 2888 405 2967 Ego
429 2904 501 2947 vero
524 2906 581 2947 uon
607 2887 696 2964 longe
720 2886 826 2948 absum
852 2908 870 2947 a
895 2884 1028 2948 Cornelii
1054 2883 1201 2946 Gemmas
1224 2884 1432 2964 philosophia,
1468 2882 1518 2964 qui
1541 2882 1608 2945 exi-

244 2977 374 3050 stimat,
404 2976 506 3037 inesse
537 2994 623 3036 unum
656 2984 686 3035 et
719 2977 845 3037 eundem
877 2976 1016 3053 spiritum
1045 2975 1075 3036 in
1108 2985 1171 3035 toto
1197 2974 1336 3034 universo
1359 2994 1610 3053 μιταμορφουηα

242 3066 391 3147 quotidie,
419 3063 468 3144 qui
493 3073 567 3142 agat
586 3070 633 3125 δια
647 3085 681 3124 το
701 3066 819 3125 auitam
839 3088 885 3125 και
898 3066 1021 3140 deletor,
1037 3073 1069 3124 et
1083 3064 1201 3124 noverit
1215 3063 1333 3141 quidex
1349 3063 1483 3143 qualibet
1498 3061 1609 3123 redun-

242 3154 332 3217 danti
354 3153 484 3216 materia
501 3152 564 3212 fieri
584 3154 823 3213 commodissime
842 3154 959 3232 possit;
983 3160 1146 3231 propterea
1166 3152 1304 3213 sudorem
1324 3152 1452 3214 feminae
1473 3160 1504 3212 et
1523 3150 1608 3212 canis

243 3242 400 3306 convertit
422 3242 459 3311 in,
476 3241 592 3321 pulices
616 3242 740 3320 eapitis,
771 3242 798 3302 in
823 3241 993 3321 pediculos,
1018 3259 1115 3301 rorem
1139 3240 1167 3301 in
1191 3240 1338 3315 bruchos,
1370 3259 1494 3313 erucas,
1517 3240 1609 3300 linum

242 3333 275 3395 in
301 3331 465 3412 anguillas,
491 3330 631 3408 uliginem
648 3331 676 3390 in
692 3351 792 3404 ranas,
818 3348 927 3410 aquam
942 3331 970 3390 in
991 3329 1099 3409 pisces,
1125 3339 1237 3389 terram
1260 3329 1288 3389 in
1312 3330 1451 3408 plantas,
1479 3327 1611 3390 cadaver

242 3422 274 3484 iu
300 3439 430 3490 vermes,
456 3428 573 3481 stercus
596 3419 627 3480 iu
651 3420 841 3492 scarabaeos,
868 3427 899 3479 et
913 3418 1030 3479 infinita
1049 3436 1126 3477 nova
1141 3436 1177 3477 ac
1192 3417 1370 3491 insolentia3
1395 3418 1474 3478 atris
1496 3416 1609 3478 halitus

242 3511 273 3572 in
300 3515 536 3581 ὄιαταποηας,
560 3508 719 3569 aethereae
750 3507 880 3587 regionis
904 3507 933 3567 in
958 3516 1091 3567 cometas
1124 3506 1247 3567 tandem
1276 3514 1307 3564 et
1330 3505 1446 3567 stellas.
1492 3502 1610 3566 Videas

243 3598 345 3661 ubivis
369 3598 501 3662 existere
535 3597 712 3675 uliginosum
746 3597 916 3676 quippiam,
952 3597 1029 3676 quod
1062 3596 1208 3656 rationem
1241 3593 1375 3655 continet
1406 3591 1609 3668 seminariam,

244 3687 403 3767 efficitque
428 3685 594 3765 specierum
618 3686 816 3757 varietatem,
850 3694 884 3747 ut
916 3705 975 3746 uon
1009 3704 1046 3745 ex
1080 3683 1210 3763 cujusvis
1243 3683 1359 3744 arboris
1383 3680 1463 3743 foliis
1487 3680 1610 3761 quaevis

244 3796 338 3840 cruca
363 3785 524 3848 nascatur,
557 3775 611 3835 sed
635 3793 672 3833 er
696 3773 823 3852 singulis
858 3777 919 3835 fero
953 3774 1102 3852 singulae.
1145 3773 1200 3833 lile
1223 3790 1294 3832 vero
1318 3771 1482 3833 communis
1515 3770 1609 3832 totius

248 3865 355 3928 mundi
378 3864 504 3943 spiritus
528 3862 583 3924 hoc
607 3873 764 3942 praestare
787 3864 915 3936 videtur,
942 3870 976 3923 ut
998 3863 1098 3923 omnia
1113 3861 1240 3922 invicem
1255 3860 1440 3937 ordinentur,
1465 3860 1613 3922 accedant

248 3973 350 4018 uorae
375 3962 534 4014 creaturae
558 3952 758 4013 instrumenta
781 3951 914 4031 corporis
945 3950 1164 4013 convenientia.
1212 3948 1246 4011 Si
1276 3950 1350 4011 nihil
1378 3951 1512 4017 viveret,
1545 3949 1611 4028 ipse

247 4052 348 4105 totam
373 4040 531 4103 materiam
558 4040 738 4115 vivificaret,
765 4051 797 4101 ut
820 4042 925 4113 Terra,
950 4040 976 4100 si
1000 4040 1072 4101 nihil
1096 4048 1280 4108 moveretur,
1306 4040 1373 4118 ipsa
1396 4038 1496 4100 omnia
1520 4037 1611 4099 adse

248 4131 433 4205 attraheret,
459 4128 520 4190 alia
543 4128 665 4208 propius
690 4129 768 4189 aliis.
814 4130 858 4191 Ut
880 4129 989 4207 igitur,
1022 4128 1092 4208 quia
1115 4127 1144 4189 in
1168 4147 1215 4188 me
1240 4136 1284 4188 est
1311 4128 1428 4197 anima,
1452 4136 1612 4206 propterea

249 4239 362 4302 corpus
386 4237 485 4281 meum
504 4218 570 4296 jam
593 4218 623 4278 in
649 4217 769 4278 sublimi
797 4227 863 4291 est,
897 4219 1111 4296 prostrandum
1143 4216 1268 4295 primum
1301 4227 1391 4295 atque
1424 4217 1612 4276 desereretur

248 4310 288 4373 ab
312 4310 374 4371 hae
397 4307 507 4394 anima,
533 4306 576 4367 sic
600 4306 701 4380 etiam,
726 4306 878 4387 quiajam
902 4306 1000 4366 anima
1026 4307 1056 4366 in
1079 4323 1126 4365 me
1146 4314 1203 4379 est,
1228 4324 1304 4383 quac
1319 4306 1489 4365 dominatur
1503 4304 1611 4364 hunro-

248 4398 333 4461 ribus
359 4405 393 4458 et
422 4396 479 4455 toti
512 4395 582 4455 moli
616 4396 764 4473 corporis,
797 4414 873 4473 qnae
904 4412 943 4454 ex
970 4394 1072 4455 multis
1101 4394 1261 4472 praecipue
1291 4392 1447 4471 uliginosis
1480 4399 1611 4468 constat,

249 4488 321 4550 ideo
358 4482 524 4548 communis
552 4483 602 4543 ille
637 4483 738 4544 mundi
771 4485 893 4562 spiritus
927 4482 1056 4543 formare
1089 4501 1127 4541 ex
1157 4499 1223 4541 meo
1257 4499 1380 4561 corpore
1411 4481 1483 4542 nihil
1511 4488 1614 4560 potest

249 4575 342 4639 aliud.
391 4572 524 4635 Primum
549 4578 649 4632 autern
683 4579 772 4652 atque
803 4572 932 4651 aliquam
957 4572 1115 4632 deseruero
1139 4570 1326 4649 particulam,
1361 4589 1414 4630 seu
1447 4570 1527 4630 intus
1560 4587 1613 4648 per

249 4663 445 4728 debilitatem
467 4661 679 4722 intestinorum
704 4668 736 4720 et
758 4678 910 4723 recessum
934 4659 1051 4720 animae
1075 4668 1239 4720 nascuntur
1257 4677 1382 4734 vermes,
1408 4677 1462 4720 seu
1486 4658 1558 4719 foris
1583 4657 1612 4718 in

249 4762 391 4817 stercore
426 4749 592 4824 ascarides,
617 4768 669 4810 seu
700 4749 729 4809 in
754 4749 821 4828 ipsa
853 4747 986 4827 corporis
1018 4748 1145 4809 materia
1174 4748 1264 4827 plane
1297 4746 1469 4808 discedente
1503 4746 1612 4807 anima.

249 4839 341 4915 Quae
365 4838 460 4921 igitur
484 4845 584 4900 terrea
607 4844 686 4912 sunt,
712 4835 739 4897 in
765 4845 891 4909 terram,
915 4854 991 4915 quae
1015 4856 1126 4916 aquea,
1150 4835 1179 4896 iu
1203 4854 1328 4916 aquam,
1354 4854 1430 4916 quae
1454 4841 1559 4910 aerea,
1582 4833 1612 4895 iu

247 4937 355 4996 atram
380 4929 512 5003 abeuut;
542 4936 575 4989 et
597 4925 657 4999 sic,
683 4943 759 5005 quac
783 4926 941 4998 aetherea,
965 4924 995 4985 in
1020 4926 1189 4998 aetherem,
1214 4943 1268 4985 seu
1291 4943 1367 5006 quae
1390 4924 1557 5005 uliginosa,
1582 4923 1613 4984 iu

247 5017 440 5084 animalcula
461 5015 582 5091 abeunt,
607 5032 683 5095 quae
706 5022 816 5096 postea
838 5013 931 5077 etiam
948 5014 1082 5096 reliquas
1097 5012 1242 5076 materias
1257 5013 1392 5076 alimenti
1406 5013 1472 5076 loeo
1487 5012 1611 5102 habent.
