<?xml version="1.0" encoding="UTF-8"?>
<!DOCTYPE html PUBLIC "-//W3C//DTD XHTML 1.0 Transitional//EN"
    "http://www.w3.org/TR/xhtml1/DTD/xhtml1-transitional.dtd">
<html xmlns="http://www.w3.org/1999/xhtml" xml:lang="en" lang="en">
 <head>
  <title>
</title>
<meta http-equiv="Content-Type" content="text/html;charset=utf-8" />
  <meta name='ocr-system' content='tesseract 3.04.00' />
  <meta name='ocr-capabilities' content='ocr_page ocr_carea ocr_par ocr_line ocrx_word'/>
</head>
<body>
  <div class='ocr_page' id='page_1' title='image "./joanniskepleria01frisgoog/joanniskepleria01frisgoog_0761.png"; bbox 0 0 3692 5842; ppageno 0'>
   <div class='ocr_carea' id='block_1_1' title="bbox 740 453 1477 530">
    <p class='ocr_par' dir='ltr' id='par_1_1' title="bbox 740 453 1477 530">
     <span class='ocr_line' id='line_1_1' title="bbox 740 453 1477 530; baseline -0.007 0"><span class='ocrx_word' id='word_1_1' title='bbox 740 463 866 530; x_wconf 69' lang='grc' dir='ltr'><strong>Ειϋοιιιι</strong></span> <span class='ocrx_word' id='word_1_2' title='bbox 1412 453 1477 525; x_wconf 77' lang='lat' dir='ltr'><strong>rte</strong></span> 
     </span>
    </p>
   </div>
   <div class='ocr_carea' id='block_1_2' title="bbox 118 636 1490 1088">
    <p class='ocr_par' dir='ltr' id='par_1_2' title="bbox 118 636 1490 815">
     <span class='ocr_line' id='line_1_2' title="bbox 119 636 1490 728; baseline -0.013 -15"><span class='ocrx_word' id='word_1_3' title='bbox 119 648 237 724; x_wconf 84' lang='lat' dir='ltr'><strong>studet,</strong></span> <span class='ocrx_word' id='word_1_4' title='bbox 261 664 355 728; x_wconf 88' lang='lat' dir='ltr'><strong>neque</strong></span> <span class='ocrx_word' id='word_1_5' title='bbox 378 645 410 708; x_wconf 93' lang='lat' dir='ltr'><strong>in</strong></span> <span class='ocrx_word' id='word_1_6' title='bbox 424 643 609 726; x_wconf 88' lang='lat' dir='ltr'><strong>privatorum</strong></span> <span class='ocrx_word' id='word_1_7' title='bbox 632 643 763 723; x_wconf 87' lang='lat' dir='ltr'><strong>gratiam</strong></span> <span class='ocrx_word' id='word_1_8' title='bbox 784 642 860 703; x_wconf 88' lang='lat' dir='ltr'><strong>talia</strong></span> <span class='ocrx_word' id='word_1_9' title='bbox 883 640 1047 703; x_wconf 82' lang='lat' dir='ltr'><strong>scriberem</strong></span> <span class='ocrx_word' id='word_1_10' title='bbox 1062 658 1201 721; x_wconf 89' lang='lat' dir='ltr'><strong>parerga,</strong></span> <span class='ocrx_word' id='word_1_11' title='bbox 1225 637 1332 721; x_wconf 93' lang='lat' dir='ltr'><strong>quibus</strong></span> <span class='ocrx_word' id='word_1_12' title='bbox 1355 636 1490 700; x_wconf 79' lang='lat' dir='ltr'><strong>auster..</strong></span> 
     </span>
     <span class='ocr_line' id='line_1_3' title="bbox 118 716 1478 815; baseline -0.01 -12"><span class='ocrx_word' id='word_1_13' title='bbox 118 738 177 803; x_wconf 87' lang='lat' dir='ltr'><strong>riti</strong></span> <span class='ocrx_word' id='word_1_14' title='bbox 199 743 244 799; x_wconf 87' lang='lat' dir='ltr'><strong>et</strong></span> <span class='ocrx_word' id='word_1_15' title='bbox 251 735 416 798; x_wconf 89' lang='lat' dir='ltr'><strong>abalienati</strong></span> <span class='ocrx_word' id='word_1_16' title='bbox 439 735 533 797; x_wconf 90' lang='lat' dir='ltr'><strong>ceteri</strong></span> <span class='ocrx_word' id='word_1_17' title='bbox 556 734 655 815; x_wconf 89' lang='lat' dir='ltr'><strong>ipsum</strong></span> <span class='ocrx_word' id='word_1_18' title='bbox 678 732 807 795; x_wconf 79' lang='lat' dir='ltr'>forsitan</span> <span class='ocrx_word' id='word_1_19' title='bbox 828 753 863 795; x_wconf 73' lang='lat' dir='ltr'><strong>eo</strong></span> <span class='ocrx_word' id='word_1_20' title='bbox 885 729 969 810; x_wconf 73' lang='lat' dir='ltr'><strong>a&#39;pyos</strong></span> <span class='ocrx_word' id='word_1_21' title='bbox 991 730 1070 810; x_wconf 90' lang='lat' dir='ltr'><strong>qnod</strong></span> <span class='ocrx_word' id='word_1_22' title='bbox 1092 737 1192 792; x_wconf 91' lang='lat' dir='ltr'><strong>tracto</strong></span> <span class='ocrx_word' id='word_1_23' title='bbox 1219 728 1351 791; x_wconf 89' lang='lat' dir='ltr'><strong>universi</strong></span> <span class='ocrx_word' id='word_1_24' title='bbox 1377 716 1478 807; x_wconf 90' lang='lat' dir='ltr'><strong>negli-</strong></span> 
     </span>
    </p>

    <p class='ocr_par' dir='ltr' id='par_1_3' title="bbox 119 818 1478 1088">
     <span class='ocr_line' id='line_1_4' title="bbox 119 818 1478 909; baseline -0.005 -22"><span class='ocrx_word' id='word_1_25' title='bbox 119 835 208 909; x_wconf 73' lang='lat' dir='ltr'><strong>gant</strong></span> <span class='ocrx_word' id='word_1_26' title='bbox 247 824 346 896; x_wconf 88' lang='lat' dir='ltr'><strong>Quam</strong></span> <span class='ocrx_word' id='word_1_27' title='bbox 362 843 418 905; x_wconf 91' lang='lat' dir='ltr'><strong>ego</strong></span> <span class='ocrx_word' id='word_1_28' title='bbox 442 822 749 900; x_wconf 81' lang='lat' dir='ltr'><strong>circumscriptionem</strong></span> <span class='ocrx_word' id='word_1_29' title='bbox 761 820 885 883; x_wconf 89' lang='lat' dir='ltr'><strong>maximi</strong></span> <span class='ocrx_word' id='word_1_30' title='bbox 907 818 1044 881; x_wconf 88' lang='lat' dir='ltr'><strong>beneficii</strong></span> <span class='ocrx_word' id='word_1_31' title='bbox 1064 818 1129 881; x_wconf 91' lang='lat' dir='ltr'><strong>loco</strong></span> <span class='ocrx_word' id='word_1_32' title='bbox 1148 819 1266 881; x_wconf 88' lang='lat' dir='ltr'><strong>habeo:</strong></span> <span class='ocrx_word' id='word_1_33' title='bbox 1290 836 1357 879; x_wconf 87' lang='lat' dir='ltr'><strong>cum</strong></span> <span class='ocrx_word' id='word_1_34' title='bbox 1376 823 1478 880; x_wconf 80' lang='lat' dir='ltr'><strong>certus</strong></span> 
     </span>
     <span class='ocr_line' id='line_1_5' title="bbox 120 905 1478 1010; baseline -0.009 -30"><span class='ocrx_word' id='word_1_35' title='bbox 120 916 194 990; x_wconf 83' lang='lat' dir='ltr'><strong>sim,</strong></span> <span class='ocrx_word' id='word_1_36' title='bbox 217 915 244 976; x_wconf 93' lang='lat' dir='ltr'><strong>si</strong></span> <span class='ocrx_word' id='word_1_37' title='bbox 265 914 339 977; x_wconf 89' lang='lat' dir='ltr'><strong>mihi</strong></span> <span class='ocrx_word' id='word_1_38' title='bbox 362 912 454 974; x_wconf 88' lang='lat' dir='ltr'><strong>animi</strong></span> <span class='ocrx_word' id='word_1_39' title='bbox 478 932 570 974; x_wconf 88' lang='lat' dir='ltr'><strong>sensa</strong></span> <span class='ocrx_word' id='word_1_40' title='bbox 601 911 740 973; x_wconf 77' lang='lat' dir='ltr'><strong>licuisset</strong></span> <span class='ocrx_word' id='word_1_41' title='bbox 765 911 847 992; x_wconf 85' lang='lat' dir='ltr'><strong>typis</strong></span> <span class='ocrx_word' id='word_1_42' title='bbox 877 927 1073 1010; x_wconf 82' lang='lat' dir='ltr'><strong>expromere</strong></span> <span class='ocrx_word' id='word_1_43' title='bbox 1084 908 1178 970; x_wconf 90' lang='lat' dir='ltr'><strong>libere</strong></span> <span class='ocrx_word' id='word_1_44' title='bbox 1201 915 1234 969; x_wconf 91' lang='lat' dir='ltr'><strong>et</strong></span> <span class='ocrx_word' id='word_1_45' title='bbox 1256 914 1342 969; x_wconf 87' lang='lat' dir='ltr'><strong>extra</strong></span> <span class='ocrx_word' id='word_1_46' title='bbox 1365 905 1478 968; x_wconf 86' lang='lat' dir='ltr'><strong>limites</strong></span> 
     </span>
     <span class='ocr_line' id='line_1_6' title="bbox 120 995 1478 1088; baseline -0.008 -22"><span class='ocrx_word' id='word_1_47' title='bbox 120 1002 322 1088; x_wconf 83' lang='lat' dir='ltr'><strong>professionis</strong></span> <span class='ocrx_word' id='word_1_48' title='bbox 338 1020 434 1076; x_wconf 89' lang='lat' dir='ltr'><strong>meae,</strong></span> <span class='ocrx_word' id='word_1_49' title='bbox 457 1012 580 1084; x_wconf 88' lang='lat' dir='ltr'><strong>propter</strong></span> <span class='ocrx_word' id='word_1_50' title='bbox 604 1000 815 1080; x_wconf 82' lang='lat' dir='ltr'><strong>cognationem</strong></span> <span class='ocrx_word' id='word_1_51' title='bbox 838 1017 938 1061; x_wconf 89' lang='lat' dir='ltr'><strong>rerum</strong></span> <span class='ocrx_word' id='word_1_52' title='bbox 953 998 983 1059; x_wconf 93' lang='lat' dir='ltr'><strong>in</strong></span> <span class='ocrx_word' id='word_1_53' title='bbox 996 997 1134 1079; x_wconf 86' lang='lat' dir='ltr'><strong>politiam</strong></span> <span class='ocrx_word' id='word_1_54' title='bbox 1150 1005 1181 1060; x_wconf 92' lang='lat' dir='ltr'><strong>et</strong></span> <span class='ocrx_word' id='word_1_55' title='bbox 1194 995 1341 1059; x_wconf 88' lang='lat' dir='ltr'><strong>ecclesiae</strong></span> <span class='ocrx_word' id='word_1_56' title='bbox 1365 1002 1478 1058; x_wconf 88' lang='lat' dir='ltr'><strong>statum</strong></span> 
     </span>
    </p>
   </div>
   <div class='ocr_carea' id='block_1_3' title="bbox 121 1086 1579 1171">
    <p class='ocr_par' dir='ltr' id='par_1_4' title="bbox 121 1086 1579 1171">
     <span class='ocr_line' id='line_1_7' title="bbox 121 1086 1579 1171; baseline -0.007 -16"><span class='ocrx_word' id='word_1_57' title='bbox 121 1110 298 1166; x_wconf 86' lang='lat' dir='ltr'><strong>excurrere,</strong></span> <span class='ocrx_word' id='word_1_58' title='bbox 331 1090 432 1153; x_wconf 89' lang='lat' dir='ltr'><strong>nullas</strong></span> <span class='ocrx_word' id='word_1_59' title='bbox 460 1091 551 1154; x_wconf 92' lang='lat' dir='ltr'><strong>hodie</strong></span> <span class='ocrx_word' id='word_1_60' title='bbox 582 1099 687 1171; x_wconf 89' lang='lat' dir='ltr'><strong>partes</strong></span> <span class='ocrx_word' id='word_1_61' title='bbox 718 1108 786 1152; x_wconf 89' lang='lat' dir='ltr'><strong>esse</strong></span> <span class='ocrx_word' id='word_1_62' title='bbox 818 1096 1003 1169; x_wconf 76' lang='lat' dir='ltr'><strong>pugnantes,</strong></span> <span class='ocrx_word' id='word_1_63' title='bbox 1035 1107 1110 1168; x_wconf 88' lang='lat' dir='ltr'><strong>quas</strong></span> <span class='ocrx_word' id='word_1_64' title='bbox 1143 1086 1306 1166; x_wconf 87' lang='lat' dir='ltr'><strong>scriptione</strong></span> <span class='ocrx_word' id='word_1_65' title='bbox 1329 1104 1397 1148; x_wconf 88' lang='lat' dir='ltr'><strong>mea</strong></span> <span class='ocrx_word' id='word_1_66' title='bbox 1418 1103 1478 1145; x_wconf 92' lang='lat' dir='ltr'><strong>non</strong></span> <span class='ocrx_word' id='word_1_67' title='bbox 1577 1142 1579 1146; x_wconf 87' lang='grc'>,</span> 
     </span>
    </p>
   </div>
   <div class='ocr_carea' id='block_1_4' title="bbox 116 1173 1481 5097">
    <p class='ocr_par' dir='ltr' id='par_1_5' title="bbox 117 1173 1481 2867">
     <span class='ocr_line' id='line_1_8' title="bbox 121 1173 1479 1258; baseline -0.005 -14"><span class='ocrx_word' id='word_1_68' title='bbox 121 1180 231 1246; x_wconf 79' lang='lat' dir='ltr'><strong>fuerim</strong></span> <span class='ocrx_word' id='word_1_69' title='bbox 254 1181 442 1255; x_wconf 69' lang='lat' dir='ltr'><strong>offensum,</strong></span> <span class='ocrx_word' id='word_1_70' title='bbox 457 1179 576 1242; x_wconf 80' lang='lat' dir='ltr'><strong>scilicet</strong></span> <span class='ocrx_word' id='word_1_71' title='bbox 600 1190 716 1254; x_wconf 79' lang='lat' dir='ltr'><strong>„iliacos</strong></span> <span class='ocrx_word' id='word_1_72' title='bbox 737 1189 812 1243; x_wconf 89' lang='lat' dir='ltr'><strong>intra</strong></span> <span class='ocrx_word' id='word_1_73' title='bbox 834 1206 926 1243; x_wconf 85' lang='lat' dir='ltr'><strong>muros</strong></span> <span class='ocrx_word' id='word_1_74' title='bbox 952 1195 1084 1258; x_wconf 73' lang='lat' dir='ltr'><strong>peccatur</strong></span> <span class='ocrx_word' id='word_1_75' title='bbox 1105 1193 1134 1241; x_wconf 88' lang='lat' dir='ltr'><strong>et</strong></span> <span class='ocrx_word' id='word_1_76' title='bbox 1153 1185 1261 1242; x_wconf 72' lang='lat' dir='ltr'><strong>extra¹⁴</strong></span> <span class='ocrx_word' id='word_1_77' title='bbox 1294 1175 1359 1237; x_wconf 84' lang='lat' dir='ltr'><strong>Nec</strong></span> <span class='ocrx_word' id='word_1_78' title='bbox 1378 1173 1479 1237; x_wconf 79' lang='lat' dir='ltr'><strong>nullus</strong></span> 
     </span>
     <span class='ocr_line' id='line_1_9' title="bbox 122 1263 1479 1365; baseline -0.007 -31"><span class='ocrx_word' id='word_1_79' title='bbox 122 1277 192 1334; x_wconf 83' lang='lat' dir='ltr'><strong>erat</strong></span> <span class='ocrx_word' id='word_1_80' title='bbox 203 1277 313 1344; x_wconf 90' lang='lat' dir='ltr'><strong>metus,</strong></span> <span class='ocrx_word' id='word_1_81' title='bbox 328 1270 409 1331; x_wconf 88' lang='lat' dir='ltr'><strong>idem</strong></span> <span class='ocrx_word' id='word_1_82' title='bbox 423 1269 496 1332; x_wconf 90' lang='lat' dir='ltr'><strong>mihi</strong></span> <span class='ocrx_word' id='word_1_83' title='bbox 512 1278 697 1344; x_wconf 88' lang='lat' dir='ltr'><strong>eventumm,</strong></span> <span class='ocrx_word' id='word_1_84' title='bbox 716 1268 796 1352; x_wconf 92' lang='lat' dir='ltr'><strong>quod</strong></span> <span class='ocrx_word' id='word_1_85' title='bbox 812 1268 901 1343; x_wconf 85' lang='lat' dir='ltr'><strong>aliis;</strong></span> <span class='ocrx_word' id='word_1_86' title='bbox 925 1267 1005 1348; x_wconf 91' lang='lat' dir='ltr'><strong>quod</strong></span> <span class='ocrx_word' id='word_1_87' title='bbox 1021 1274 1053 1329; x_wconf 89' lang='lat' dir='ltr'><strong>et</strong></span> <span class='ocrx_word' id='word_1_88' title='bbox 1067 1266 1214 1339; x_wconf 84' lang='lat' dir='ltr'><strong>Fabricio,</strong></span> <span class='ocrx_word' id='word_1_89' title='bbox 1231 1264 1316 1343; x_wconf 77' lang='lat' dir='ltr'><strong>cujm</strong></span> <span class='ocrx_word' id='word_1_90' title='bbox 1334 1263 1479 1365; x_wconf 84' lang='lat' dir='ltr'><strong>scriptum</strong></span> 
     </span>
     <span class='ocr_line' id='line_1_10' title="bbox 123 1352 1478 1440; baseline -0.007 -17"><span class='ocrx_word' id='word_1_91' title='bbox 123 1361 163 1423; x_wconf 90' lang='lat' dir='ltr'><strong>de</strong></span> <span class='ocrx_word' id='word_1_92' title='bbox 186 1358 338 1439; x_wconf 85' lang='lat' dir='ltr'><strong>significat</strong></span> <span class='ocrx_word' id='word_1_93' title='bbox 325 1358 456 1420; x_wconf 75' lang='lat' dir='ltr'><strong>itourlms</strong></span> <span class='ocrx_word' id='word_1_94' title='bbox 479 1358 568 1440; x_wconf 84' lang='lat' dir='ltr'><strong>hujus</strong></span> <span class='ocrx_word' id='word_1_95' title='bbox 592 1358 702 1420; x_wconf 89' lang='lat' dir='ltr'><strong>stellae</strong></span> <span class='ocrx_word' id='word_1_96' title='bbox 724 1357 800 1420; x_wconf 90' lang='lat' dir='ltr'><strong>nihil</strong></span> <span class='ocrx_word' id='word_1_97' title='bbox 817 1357 899 1419; x_wconf 92' lang='lat' dir='ltr'><strong>aliud</strong></span> <span class='ocrx_word' id='word_1_98' title='bbox 922 1356 1067 1431; x_wconf 89' lang='lat' dir='ltr'><strong>continet,</strong></span> <span class='ocrx_word' id='word_1_99' title='bbox 1092 1374 1180 1437; x_wconf 85' lang='lat' dir='ltr'><strong>quam</strong></span> <span class='ocrx_word' id='word_1_100' title='bbox 1199 1353 1350 1436; x_wconf 89' lang='lat' dir='ltr'><strong>querelas</strong></span> <span class='ocrx_word' id='word_1_101' title='bbox 1360 1354 1398 1414; x_wconf 88' lang='lat' dir='ltr'><strong>de</strong></span> <span class='ocrx_word' id='word_1_102' title='bbox 1414 1352 1478 1414; x_wconf 86' lang='lat' dir='ltr'><strong>suis</strong></span> 
     </span>
     <span class='ocr_line' id='line_1_11' title="bbox 123 1445 1479 1528; baseline -0.006 -17"><span class='ocrx_word' id='word_1_103' title='bbox 123 1447 249 1522; x_wconf 62' lang='lat' dir='ltr'><strong>manis,</strong></span> <span class='ocrx_word' id='word_1_104' title='bbox 274 1447 450 1528; x_wconf 90' lang='lat' dir='ltr'><strong>opinionem</strong></span> <span class='ocrx_word' id='word_1_105' title='bbox 474 1449 510 1509; x_wconf 92' lang='lat' dir='ltr'><strong>de</strong></span> <span class='ocrx_word' id='word_1_106' title='bbox 540 1455 621 1510; x_wconf 90' lang='lat' dir='ltr'><strong>statu</strong></span> <span class='ocrx_word' id='word_1_107' title='bbox 651 1446 772 1528; x_wconf 89' lang='lat' dir='ltr'><strong>Imperii</strong></span> <span class='ocrx_word' id='word_1_108' title='bbox 795 1455 828 1509; x_wconf 94' lang='lat' dir='ltr'><strong>et</strong></span> <span class='ocrx_word' id='word_1_109' title='bbox 859 1445 1042 1508; x_wconf 88' lang='lat' dir='ltr'><strong>desiderium</strong></span> <span class='ocrx_word' id='word_1_110' title='bbox 1071 1445 1233 1515; x_wconf 78' lang='lat' dir='ltr'><strong>vindictae.</strong></span> <span class='ocrx_word' id='word_1_111' title='bbox 1256 1451 1345 1525; x_wconf 87' lang='lat' dir='ltr'><strong>atque</strong></span> <span class='ocrx_word' id='word_1_112' title='bbox 1376 1461 1479 1505; x_wconf 90' lang='lat' dir='ltr'><strong>emen·</strong></span> 
     </span>
     <span class='ocr_line' id='line_1_12' title="bbox 125 1533 1477 1617; baseline -0.006 -17"><span class='ocrx_word' id='word_1_113' title='bbox 125 1536 270 1601; x_wconf 91' lang='lat' dir='ltr'><strong>dationis.</strong></span> <span class='ocrx_word' id='word_1_114' title='bbox 317 1538 422 1617; x_wconf 88' lang='lat' dir='ltr'><strong>Itaque</strong></span> <span class='ocrx_word' id='word_1_115' title='bbox 446 1537 491 1599; x_wconf 88' lang='lat' dir='ltr'><strong>sie</strong></span> <span class='ocrx_word' id='word_1_116' title='bbox 518 1538 630 1600; x_wconf 86' lang='lat' dir='ltr'><strong>format</strong></span> <span class='ocrx_word' id='word_1_117' title='bbox 661 1558 717 1600; x_wconf 89' lang='lat' dir='ltr'><strong>sua</strong></span> <span class='ocrx_word' id='word_1_118' title='bbox 744 1537 876 1609; x_wconf 91' lang='lat' dir='ltr'><strong>oracula,</strong></span> <span class='ocrx_word' id='word_1_119' title='bbox 901 1554 938 1597; x_wconf 89' lang='lat' dir='ltr'><strong>ac</strong></span> <span class='ocrx_word' id='word_1_120' title='bbox 962 1534 988 1595; x_wconf 88' lang='lat' dir='ltr'><strong>si</strong></span> <span class='ocrx_word' id='word_1_121' title='bbox 1012 1534 1050 1597; x_wconf 90' lang='lat' dir='ltr'><strong>ab</strong></span> <span class='ocrx_word' id='word_1_122' title='bbox 1073 1554 1109 1598; x_wconf 90' lang='lat' dir='ltr'><strong>eo</strong></span> <span class='ocrx_word' id='word_1_123' title='bbox 1138 1533 1318 1613; x_wconf 88' lang='lat' dir='ltr'><strong>magistratu</strong></span> <span class='ocrx_word' id='word_1_124' title='bbox 1342 1533 1396 1594; x_wconf 91' lang='lat' dir='ltr'><strong>sub</strong></span> <span class='ocrx_word' id='word_1_125' title='bbox 1420 1550 1477 1612; x_wconf 92' lang='lat' dir='ltr'><strong>quo</strong></span> 
     </span>
     <span class='ocr_line' id='line_1_13' title="bbox 124 1620 1479 1707; baseline -0.006 -18"><span class='ocrx_word' id='word_1_126' title='bbox 124 1625 204 1689; x_wconf 87' lang='lat' dir='ltr'><strong>vivit</strong></span> <span class='ocrx_word' id='word_1_127' title='bbox 226 1625 391 1687; x_wconf 88' lang='lat' dir='ltr'><strong>conductus</strong></span> <span class='ocrx_word' id='word_1_128' title='bbox 415 1633 498 1687; x_wconf 88' lang='lat' dir='ltr'><strong>esset</strong></span> <span class='ocrx_word' id='word_1_129' title='bbox 521 1635 633 1701; x_wconf 89' lang='lat' dir='ltr'><strong>orator,</strong></span> <span class='ocrx_word' id='word_1_130' title='bbox 656 1626 768 1707; x_wconf 88' lang='lat' dir='ltr'><strong>partim</strong></span> <span class='ocrx_word' id='word_1_131' title='bbox 791 1627 831 1688; x_wconf 89' lang='lat' dir='ltr'><strong>ad</strong></span> <span class='ocrx_word' id='word_1_132' title='bbox 850 1624 1009 1687; x_wconf 85' lang='lat' dir='ltr'><strong>terrendos</strong></span> <span class='ocrx_word' id='word_1_133' title='bbox 1032 1624 1162 1687; x_wconf 88' lang='lat' dir='ltr'><strong>rebelles</strong></span> <span class='ocrx_word' id='word_1_134' title='bbox 1186 1631 1217 1685; x_wconf 95' lang='lat' dir='ltr'><strong>et</strong></span> <span class='ocrx_word' id='word_1_135' title='bbox 1234 1622 1331 1685; x_wconf 91' lang='lat' dir='ltr'><strong>malos</strong></span> <span class='ocrx_word' id='word_1_136' title='bbox 1353 1620 1479 1696; x_wconf 89' lang='lat' dir='ltr'><strong>vicinos,</strong></span> 
     </span>
     <span class='ocr_line' id='line_1_14' title="bbox 122 1710 1480 1799; baseline -0.005 -21"><span class='ocrx_word' id='word_1_137' title='bbox 122 1714 238 1799; x_wconf 75' lang='lat' dir='ltr'><strong>partim</strong></span> <span class='ocrx_word' id='word_1_138' title='bbox 259 1715 299 1777; x_wconf 91' lang='lat' dir='ltr'><strong>ad</strong></span> <span class='ocrx_word' id='word_1_139' title='bbox 323 1714 541 1777; x_wconf 88' lang='lat' dir='ltr'><strong>conciliandum</strong></span> <span class='ocrx_word' id='word_1_140' title='bbox 564 1723 597 1777; x_wconf 92' lang='lat' dir='ltr'><strong>et</strong></span> <span class='ocrx_word' id='word_1_141' title='bbox 618 1714 810 1778; x_wconf 88' lang='lat' dir='ltr'><strong>excitandum</strong></span> <span class='ocrx_word' id='word_1_142' title='bbox 834 1712 1009 1780; x_wconf 82' lang='lat' dir='ltr'><strong>Caesarem.</strong></span> <span class='ocrx_word' id='word_1_143' title='bbox 1056 1714 1108 1777; x_wconf 88' lang='lat' dir='ltr'><strong>Sic</strong></span> <span class='ocrx_word' id='word_1_144' title='bbox 1133 1711 1271 1777; x_wconf 85' lang='lat' dir='ltr'><strong>Crabbns</strong></span> <span class='ocrx_word' id='word_1_145' title='bbox 1293 1710 1382 1792; x_wconf 91' lang='lat' dir='ltr'><strong>plane</strong></span> <span class='ocrx_word' id='word_1_146' title='bbox 1405 1729 1480 1772; x_wconf 91' lang='lat' dir='ltr'><strong>con-</strong></span> 
     </span>
     <span class='ocr_line' id='line_1_15' title="bbox 120 1799 1480 1884; baseline -0.004 -16"><span class='ocrx_word' id='word_1_147' title='bbox 120 1803 271 1868; x_wconf 85' lang='lat' dir='ltr'><strong>siliarium</strong></span> <span class='ocrx_word' id='word_1_148' title='bbox 295 1803 369 1883; x_wconf 91' lang='lat' dir='ltr'><strong>agit,</strong></span> <span class='ocrx_word' id='word_1_149' title='bbox 394 1805 557 1866; x_wconf 87' lang='lat' dir='ltr'><strong>ostendens</strong></span> <span class='ocrx_word' id='word_1_150' title='bbox 579 1824 629 1867; x_wconf 90' lang='lat' dir='ltr'><strong>res</strong></span> <span class='ocrx_word' id='word_1_151' title='bbox 654 1804 837 1868; x_wconf 87' lang='lat' dir='ltr'><strong>Christianis</strong></span> <span class='ocrx_word' id='word_1_152' title='bbox 860 1802 959 1884; x_wconf 92' lang='lat' dir='ltr'><strong>perire</strong></span> <span class='ocrx_word' id='word_1_153' title='bbox 981 1820 1036 1883; x_wconf 91' lang='lat' dir='ltr'><strong>per</strong></span> <span class='ocrx_word' id='word_1_154' title='bbox 1059 1802 1228 1865; x_wconf 87' lang='lat' dir='ltr'><strong>socordiam</strong></span> <span class='ocrx_word' id='word_1_155' title='bbox 1251 1809 1283 1864; x_wconf 90' lang='lat' dir='ltr'><strong>et</strong></span> <span class='ocrx_word' id='word_1_156' title='bbox 1305 1799 1480 1862; x_wconf 87' lang='lat' dir='ltr'><strong>somnolen-</strong></span> 
     </span>
     <span class='ocr_line' id='line_1_16' title="bbox 119 1889 1480 1975; baseline -0.007 -18"><span class='ocrx_word' id='word_1_157' title='bbox 119 1893 215 1967; x_wconf 79' lang='lat' dir='ltr'><strong>tiam,</strong></span> <span class='ocrx_word' id='word_1_158' title='bbox 240 1894 426 1974; x_wconf 89' lang='lat' dir='ltr'><strong>Turcamque</strong></span> <span class='ocrx_word' id='word_1_159' title='bbox 457 1893 576 1955; x_wconf 89' lang='lat' dir='ltr'><strong>hostem</strong></span> <span class='ocrx_word' id='word_1_160' title='bbox 609 1895 665 1956; x_wconf 88' lang='lat' dir='ltr'><strong>hoo</strong></span> <span class='ocrx_word' id='word_1_161' title='bbox 694 1901 784 1975; x_wconf 90' lang='lat' dir='ltr'><strong>pacto</strong></span> <span class='ocrx_word' id='word_1_162' title='bbox 815 1892 1037 1955; x_wconf 84' lang='lat' dir='ltr'><strong>convalescere.</strong></span> <span class='ocrx_word' id='word_1_163' title='bbox 1083 1893 1148 1954; x_wconf 88' lang='lat' dir='ltr'><strong>Nec</strong></span> <span class='ocrx_word' id='word_1_164' title='bbox 1174 1889 1352 1973; x_wconf 87' lang='lat' dir='ltr'><strong>perpendit,</strong></span> <span class='ocrx_word' id='word_1_165' title='bbox 1385 1907 1480 1970; x_wconf 90' lang='lat' dir='ltr'><strong>quae-</strong></span> 
     </span>
     <span class='ocr_line' id='line_1_17' title="bbox 120 1977 1479 2063; baseline -0.006 -17"><span class='ocrx_word' id='word_1_166' title='bbox 120 1994 242 2063; x_wconf 75' lang='lat' dir='ltr'><strong>eunque</strong></span> <span class='ocrx_word' id='word_1_167' title='bbox 265 1989 369 2042; x_wconf 88' lang='lat' dir='ltr'><strong>narrat</strong></span> <span class='ocrx_word' id='word_1_168' title='bbox 393 2001 444 2044; x_wconf 90' lang='lat' dir='ltr'><strong>seu</strong></span> <span class='ocrx_word' id='word_1_169' title='bbox 467 2002 540 2044; x_wconf 89' lang='lat' dir='ltr'><strong>vera</strong></span> <span class='ocrx_word' id='word_1_170' title='bbox 564 2003 616 2046; x_wconf 89' lang='lat' dir='ltr'><strong>seu</strong></span> <span class='ocrx_word' id='word_1_171' title='bbox 635 1984 734 2058; x_wconf 73' lang='lat' dir='ltr'><strong>salsa,</strong></span> <span class='ocrx_word' id='word_1_172' title='bbox 752 1983 873 2044; x_wconf 70' lang='lat' dir='ltr'><strong>trustra</strong></span> <span class='ocrx_word' id='word_1_173' title='bbox 896 1999 929 2043; x_wconf 92' lang='lat' dir='ltr'><strong>se</strong></span> <span class='ocrx_word' id='word_1_174' title='bbox 952 2001 1095 2055; x_wconf 88' lang='lat' dir='ltr'><strong>narrare;</strong></span> <span class='ocrx_word' id='word_1_175' title='bbox 1124 2001 1183 2043; x_wconf 92' lang='lat' dir='ltr'><strong>non</strong></span> <span class='ocrx_word' id='word_1_176' title='bbox 1207 1980 1286 2043; x_wconf 89' lang='lat' dir='ltr'><strong>enim</strong></span> <span class='ocrx_word' id='word_1_177' title='bbox 1309 1986 1396 2040; x_wconf 88' lang='lat' dir='ltr'><strong>eraut</strong></span> <span class='ocrx_word' id='word_1_178' title='bbox 1419 1977 1479 2038; x_wconf 89' lang='lat' dir='ltr'><strong>ista</strong></span> 
     </span>
     <span class='ocr_line' id='line_1_18' title="bbox 121 2064 1479 2155; baseline -0.004 -23"><span class='ocrx_word' id='word_1_179' title='bbox 121 2070 323 2155; x_wconf 87' lang='lat' dir='ltr'><strong>proponenda</strong></span> <span class='ocrx_word' id='word_1_180' title='bbox 346 2070 376 2131; x_wconf 94' lang='lat' dir='ltr'><strong>in</strong></span> <span class='ocrx_word' id='word_1_181' title='bbox 398 2073 603 2153; x_wconf 90' lang='lat' dir='ltr'><strong>prognostico,</strong></span> <span class='ocrx_word' id='word_1_182' title='bbox 628 2072 731 2134; x_wconf 90' lang='lat' dir='ltr'><strong>sedin</strong></span> <span class='ocrx_word' id='word_1_183' title='bbox 747 2091 858 2133; x_wconf 84' lang='lat' dir='ltr'><strong>arcano</strong></span> <span class='ocrx_word' id='word_1_184' title='bbox 880 2070 1018 2142; x_wconf 91' lang='lat' dir='ltr'><strong>consilio,</strong></span> <span class='ocrx_word' id='word_1_185' title='bbox 1042 2077 1096 2132; x_wconf 88' lang='lat' dir='ltr'><strong>ant</strong></span> <span class='ocrx_word' id='word_1_186' title='bbox 1112 2069 1289 2143; x_wconf 84' lang='lat' dir='ltr'><strong>tacendum3</strong></span> <span class='ocrx_word' id='word_1_187' title='bbox 1313 2088 1380 2129; x_wconf 93' lang='lat' dir='ltr'><strong>cum</strong></span> <span class='ocrx_word' id='word_1_188' title='bbox 1403 2064 1479 2128; x_wconf 94' lang='lat' dir='ltr'><strong>nihil</strong></span> 
     </span>
     <span class='ocr_line' id='line_1_19' title="bbox 120 2157 1479 2242; baseline -0.005 -19"><span class='ocrx_word' id='word_1_189' title='bbox 120 2159 187 2223; x_wconf 80' lang='lat' dir='ltr'><strong>tale</strong></span> <span class='ocrx_word' id='word_1_190' title='bbox 212 2158 328 2220; x_wconf 93' lang='lat' dir='ltr'><strong>coelum</strong></span> <span class='ocrx_word' id='word_1_191' title='bbox 351 2159 438 2221; x_wconf 91' lang='lat' dir='ltr'><strong>nohis</strong></span> <span class='ocrx_word' id='word_1_192' title='bbox 462 2161 559 2235; x_wconf 87' lang='lat' dir='ltr'><strong>dicat,</strong></span> <span class='ocrx_word' id='word_1_193' title='bbox 592 2163 762 2224; x_wconf 92' lang='lat' dir='ltr'><strong>morborum</strong></span> <span class='ocrx_word' id='word_1_194' title='bbox 784 2181 856 2223; x_wconf 89' lang='lat' dir='ltr'><strong>vero</strong></span> <span class='ocrx_word' id='word_1_195' title='bbox 880 2159 996 2222; x_wconf 90' lang='lat' dir='ltr'><strong>indices</strong></span> <span class='ocrx_word' id='word_1_196' title='bbox 1029 2178 1144 2242; x_wconf 88' lang='lat' dir='ltr'><strong>semper</strong></span> <span class='ocrx_word' id='word_1_197' title='bbox 1176 2160 1278 2239; x_wconf 88' lang='lat' dir='ltr'><strong>plures</strong></span> <span class='ocrx_word' id='word_1_198' title='bbox 1306 2157 1368 2218; x_wconf 90' lang='lat' dir='ltr'><strong>sint</strong></span> <span class='ocrx_word' id='word_1_199' title='bbox 1390 2173 1479 2238; x_wconf 90' lang='lat' dir='ltr'><strong>quarn</strong></span> 
     </span>
     <span class='ocr_line' id='line_1_20' title="bbox 118 2246 1478 2330; baseline -0.005 -17"><span class='ocrx_word' id='word_1_200' title='bbox 118 2246 244 2313; x_wconf 82' lang='lat' dir='ltr'><strong>medici.</strong></span> <span class='ocrx_word' id='word_1_201' title='bbox 290 2250 392 2330; x_wconf 89' lang='lat' dir='ltr'><strong>Atque</strong></span> <span class='ocrx_word' id='word_1_202' title='bbox 415 2249 463 2311; x_wconf 92' lang='lat' dir='ltr'><strong>his</strong></span> <span class='ocrx_word' id='word_1_203' title='bbox 487 2252 576 2312; x_wconf 88' lang='lat' dir='ltr'><strong>rebus</strong></span> <span class='ocrx_word' id='word_1_204' title='bbox 599 2252 631 2312; x_wconf 91' lang='lat' dir='ltr'><strong>hi</strong></span> <span class='ocrx_word' id='word_1_205' title='bbox 654 2269 722 2313; x_wconf 89' lang='lat' dir='ltr'><strong>sese</strong></span> <span class='ocrx_word' id='word_1_206' title='bbox 746 2249 911 2314; x_wconf 89' lang='lat' dir='ltr'><strong>deridiculo</strong></span> <span class='ocrx_word' id='word_1_207' title='bbox 935 2257 1088 2329; x_wconf 85' lang='lat' dir='ltr'><strong>exponunt</strong></span> <span class='ocrx_word' id='word_1_208' title='bbox 1113 2249 1284 2310; x_wconf 90' lang='lat' dir='ltr'><strong>multorum.</strong></span> <span class='ocrx_word' id='word_1_209' title='bbox 1331 2246 1478 2309; x_wconf 88' lang='lat' dir='ltr'><strong>Saluber-</strong></span> 
     </span>
     <span class='ocr_line' id='line_1_21' title="bbox 118 2335 1479 2419; baseline -0.005 -16"><span class='ocrx_word' id='word_1_210' title='bbox 118 2338 232 2403; x_wconf 80' lang='lat' dir='ltr'><strong>rmum</strong></span> <span class='ocrx_word' id='word_1_211' title='bbox 255 2337 355 2419; x_wconf 86' lang='lat' dir='ltr'><strong>itaque</strong></span> <span class='ocrx_word' id='word_1_212' title='bbox 384 2339 542 2401; x_wconf 91' lang='lat' dir='ltr'><strong>consilium</strong></span> <span class='ocrx_word' id='word_1_213' title='bbox 571 2339 644 2401; x_wconf 91' lang='lat' dir='ltr'><strong>mihi</strong></span> <span class='ocrx_word' id='word_1_214' title='bbox 667 2359 734 2401; x_wconf 91' lang='lat' dir='ltr'><strong>cum</strong></span> <span class='ocrx_word' id='word_1_215' title='bbox 755 2341 832 2401; x_wconf 89' lang='lat' dir='ltr'><strong>haec</strong></span> <span class='ocrx_word' id='word_1_216' title='bbox 855 2359 923 2403; x_wconf 92' lang='lat' dir='ltr'><strong>mea</strong></span> <span class='ocrx_word' id='word_1_217' title='bbox 947 2339 1093 2413; x_wconf 92' lang='lat' dir='ltr'><strong>conditio,</strong></span> <span class='ocrx_word' id='word_1_218' title='bbox 1122 2348 1186 2399; x_wconf 91' lang='lat' dir='ltr'><strong>turn</strong></span> <span class='ocrx_word' id='word_1_219' title='bbox 1209 2338 1292 2399; x_wconf 88' lang='lat' dir='ltr'><strong>Deus</strong></span> <span class='ocrx_word' id='word_1_220' title='bbox 1316 2335 1380 2418; x_wconf 91' lang='lat' dir='ltr'><strong>ipse</strong></span> <span class='ocrx_word' id='word_1_221' title='bbox 1405 2353 1479 2415; x_wconf 91' lang='lat' dir='ltr'><strong>sup·</strong></span> 
     </span>
     <span class='ocr_line' id='line_1_22' title="bbox 117 2423 1481 2510; baseline -0.002 -23"><span class='ocrx_word' id='word_1_222' title='bbox 117 2425 272 2510; x_wconf 77' lang='lat' dir='ltr'><strong>peditavit</strong></span> <span class='ocrx_word' id='word_1_223' title='bbox 295 2427 432 2507; x_wconf 87' lang='lat' dir='ltr'><strong>exemplo</strong></span> <span class='ocrx_word' id='word_1_224' title='bbox 457 2429 519 2491; x_wconf 91' lang='lat' dir='ltr'><strong>sui:</strong></span> <span class='ocrx_word' id='word_1_225' title='bbox 545 2429 594 2510; x_wconf 92' lang='lat' dir='ltr'><strong>qui</strong></span> <span class='ocrx_word' id='word_1_226' title='bbox 618 2429 758 2508; x_wconf 89' lang='lat' dir='ltr'><strong>generale</strong></span> <span class='ocrx_word' id='word_1_227' title='bbox 782 2430 899 2508; x_wconf 89' lang='lat' dir='ltr'><strong>signum</strong></span> <span class='ocrx_word' id='word_1_228' title='bbox 922 2426 1053 2490; x_wconf 91' lang='lat' dir='ltr'><strong>omnium</strong></span> <span class='ocrx_word' id='word_1_229' title='bbox 1075 2428 1206 2508; x_wconf 91' lang='lat' dir='ltr'><strong>partium</strong></span> <span class='ocrx_word' id='word_1_230' title='bbox 1227 2425 1321 2488; x_wconf 90' lang='lat' dir='ltr'><strong>oculis</strong></span> <span class='ocrx_word' id='word_1_231' title='bbox 1345 2423 1481 2487; x_wconf 89' lang='lat' dir='ltr'><strong>exhibuit</strong></span> 
     </span>
     <span class='ocr_line' id='line_1_23' title="bbox 119 2513 1478 2599; baseline -0.001 -23"><span class='ocrx_word' id='word_1_232' title='bbox 119 2515 339 2598; x_wconf 79' lang='lat' dir='ltr'><strong>spectandum:</strong></span> <span class='ocrx_word' id='word_1_233' title='bbox 364 2524 398 2577; x_wconf 91' lang='lat' dir='ltr'><strong>ut</strong></span> <span class='ocrx_word' id='word_1_234' title='bbox 421 2517 598 2581; x_wconf 88' lang='lat' dir='ltr'><strong>admoneret</strong></span> <span class='ocrx_word' id='word_1_235' title='bbox 621 2519 766 2599; x_wconf 90' lang='lat' dir='ltr'><strong>singulos,</strong></span> <span class='ocrx_word' id='word_1_236' title='bbox 791 2520 869 2580; x_wconf 88' lang='lat' dir='ltr'><strong>inse</strong></span> <span class='ocrx_word' id='word_1_237' title='bbox 889 2518 1106 2579; x_wconf 85' lang='lat' dir='ltr'><strong>descenderent</strong></span> <span class='ocrx_word' id='word_1_238' title='bbox 1130 2536 1241 2597; x_wconf 88' lang='lat' dir='ltr'><strong>suaque</strong></span> <span class='ocrx_word' id='word_1_239' title='bbox 1257 2514 1339 2577; x_wconf 92' lang='lat' dir='ltr'><strong>vitia</strong></span> <span class='ocrx_word' id='word_1_240' title='bbox 1362 2513 1478 2575; x_wconf 86' lang='lat' dir='ltr'><strong>exami-</strong></span> 
     </span>
     <span class='ocr_line' id='line_1_24' title="bbox 118 2601 1479 2688; baseline -0.004 -19"><span class='ocrx_word' id='word_1_241' title='bbox 118 2612 236 2669; x_wconf 83' lang='lat' dir='ltr'><strong>narent</strong></span> <span class='ocrx_word' id='word_1_242' title='bbox 259 2612 290 2665; x_wconf 92' lang='lat' dir='ltr'><strong>et</strong></span> <span class='ocrx_word' id='word_1_243' title='bbox 312 2606 442 2685; x_wconf 88' lang='lat' dir='ltr'><strong>cognitis</strong></span> <span class='ocrx_word' id='word_1_244' title='bbox 467 2608 529 2668; x_wconf 91' lang='lat' dir='ltr'><strong>suis</strong></span> <span class='ocrx_word' id='word_1_245' title='bbox 558 2608 709 2669; x_wconf 89' lang='lat' dir='ltr'><strong>erroribus</strong></span> <span class='ocrx_word' id='word_1_246' title='bbox 739 2609 859 2688; x_wconf 91' lang='lat' dir='ltr'><strong>suisque</strong></span> <span class='ocrx_word' id='word_1_247' title='bbox 888 2606 1052 2669; x_wconf 89' lang='lat' dir='ltr'><strong>sceleribus</strong></span> <span class='ocrx_word' id='word_1_248' title='bbox 1076 2607 1114 2666; x_wconf 96' lang='lat' dir='ltr'><strong>ad</strong></span> <span class='ocrx_word' id='word_1_249' title='bbox 1137 2625 1240 2667; x_wconf 91' lang='lat' dir='ltr'><strong>veram</strong></span> <span class='ocrx_word' id='word_1_250' title='bbox 1262 2601 1479 2685; x_wconf 88' lang='lat' dir='ltr'><strong>poenitentiam</strong></span> 
     </span>
     <span class='ocr_line' id='line_1_25' title="bbox 117 2693 1477 2776; baseline -0.003 -19"><span class='ocrx_word' id='word_1_251' title='bbox 117 2700 379 2757; x_wconf 78' lang='lat' dir='ltr'><strong>converterentur.</strong></span> <span class='ocrx_word' id='word_1_252' title='bbox 427 2695 568 2759; x_wconf 88' lang='lat' dir='ltr'><strong>Imitatus</strong></span> <span class='ocrx_word' id='word_1_253' title='bbox 601 2704 650 2758; x_wconf 91' lang='lat' dir='ltr'><strong>cst</strong></span> <span class='ocrx_word' id='word_1_254' title='bbox 678 2698 736 2758; x_wconf 91' lang='lat' dir='ltr'><strong>hoc</strong></span> <span class='ocrx_word' id='word_1_255' title='bbox 769 2697 847 2758; x_wconf 88' lang='lat' dir='ltr'><strong>idem</strong></span> <span class='ocrx_word' id='word_1_256' title='bbox 881 2706 914 2758; x_wconf 93' lang='lat' dir='ltr'><strong>ut</strong></span> <span class='ocrx_word' id='word_1_257' title='bbox 945 2696 1105 2776; x_wconf 90' lang='lat' dir='ltr'><strong>plurimum</strong></span> <span class='ocrx_word' id='word_1_258' title='bbox 1137 2704 1168 2757; x_wconf 90' lang='lat' dir='ltr'><strong>et</strong></span> <span class='ocrx_word' id='word_1_259' title='bbox 1196 2695 1298 2776; x_wconf 82' lang='lat' dir='ltr'><strong>Tycha</strong></span> <span class='ocrx_word' id='word_1_260' title='bbox 1330 2693 1477 2767; x_wconf 88' lang='lat' dir='ltr'><strong>Braheus,</strong></span> 
     </span>
     <span class='ocr_line' id='line_1_26' title="bbox 118 2780 1022 2867; baseline 0.002 -23"><span class='ocrx_word' id='word_1_261' title='bbox 118 2780 214 2862; x_wconf 82' lang='lat' dir='ltr'><strong>eujus</strong></span> <span class='ocrx_word' id='word_1_262' title='bbox 237 2782 367 2862; x_wconf 86' lang='lat' dir='ltr'><strong>vestigia</strong></span> <span class='ocrx_word' id='word_1_263' title='bbox 390 2784 460 2865; x_wconf 94' lang='lat' dir='ltr'><strong>quid</strong></span> <span class='ocrx_word' id='word_1_264' title='bbox 484 2785 660 2848; x_wconf 87' lang='lat' dir='ltr'><strong>causae.sit</strong></span> <span class='ocrx_word' id='word_1_265' title='bbox 682 2785 752 2867; x_wconf 92' lang='lat' dir='ltr'><strong>quin</strong></span> <span class='ocrx_word' id='word_1_266' title='bbox 774 2806 879 2867; x_wconf 88' lang='lat' dir='ltr'><strong>presse</strong></span> <span class='ocrx_word' id='word_1_267' title='bbox 904 2805 1022 2867; x_wconf 88' lang='lat' dir='ltr'><strong>sequar.</strong></span> 
     </span>
    </p>

    <p class='ocr_par' dir='ltr' id='par_1_6' title="bbox 116 2869 1481 5097">
     <span class='ocr_line' id='line_1_27' title="bbox 125 2869 1480 2956; baseline 0.001 -24"><span class='ocrx_word' id='word_1_268' title='bbox 125 2942 129 2951; x_wconf 33' lang='grc' dir='ltr'>Ι</span> <span class='ocrx_word' id='word_1_269' title='bbox 214 2869 361 2934; x_wconf 85' lang='lat' dir='ltr'><strong>Nimirum</strong></span> <span class='ocrx_word' id='word_1_270' title='bbox 391 2879 501 2953; x_wconf 89' lang='lat' dir='ltr'><strong>magna</strong></span> <span class='ocrx_word' id='word_1_271' title='bbox 533 2884 582 2936; x_wconf 90' lang='lat' dir='ltr'><strong>est</strong></span> <span class='ocrx_word' id='word_1_272' title='bbox 613 2876 694 2956; x_wconf 90' lang='lat' dir='ltr'><strong>vulgi</strong></span> <span class='ocrx_word' id='word_1_273' title='bbox 725 2877 845 2939; x_wconf 88' lang='lat' dir='ltr'><strong>vanitas</strong></span> <span class='ocrx_word' id='word_1_274' title='bbox 874 2884 906 2937; x_wconf 90' lang='lat' dir='ltr'><strong>et</strong></span> <span class='ocrx_word' id='word_1_275' title='bbox 934 2872 1165 2955; x_wconf 89' lang='lat' dir='ltr'><strong>perversissima</strong></span> <span class='ocrx_word' id='word_1_276' title='bbox 1194 2871 1395 2934; x_wconf 89' lang='lat' dir='ltr'><strong>consuetudo:</strong></span> <span class='ocrx_word' id='word_1_277' title='bbox 1429 2869 1480 2950; x_wconf 95' lang='lat' dir='ltr'><strong>qui</strong></span> 
     </span>
     <span class='ocr_line' id='line_1_28' title="bbox 117 2960 1477 3046; baseline 0 -25"><span class='ocrx_word' id='word_1_278' title='bbox 117 2967 267 3046; x_wconf 78' lang='lat' dir='ltr'><strong>portento</strong></span> <span class='ocrx_word' id='word_1_279' title='bbox 290 2961 391 3043; x_wconf 91' lang='lat' dir='ltr'><strong>aliquo</strong></span> <span class='ocrx_word' id='word_1_280' title='bbox 415 2962 559 3025; x_wconf 81' lang='lat' dir='ltr'><strong>divinitus</strong></span> <span class='ocrx_word' id='word_1_281' title='bbox 588 2965 721 3027; x_wconf 87' lang='lat' dir='ltr'><strong>exhibito</strong></span> <span class='ocrx_word' id='word_1_282' title='bbox 751 2967 855 3028; x_wconf 88' lang='lat' dir='ltr'><strong>statim</strong></span> <span class='ocrx_word' id='word_1_283' title='bbox 888 2965 992 3026; x_wconf 90' lang='lat' dir='ltr'><strong>oculos</strong></span> <span class='ocrx_word' id='word_1_284' title='bbox 1015 2971 1045 3025; x_wconf 87' lang='lat' dir='ltr'><strong>et</strong></span> <span class='ocrx_word' id='word_1_285' title='bbox 1069 2981 1157 3024; x_wconf 91' lang='lat' dir='ltr'><strong>aures</strong></span> <span class='ocrx_word' id='word_1_286' title='bbox 1181 2962 1219 3023; x_wconf 90' lang='lat' dir='ltr'><strong>ab</strong></span> <span class='ocrx_word' id='word_1_287' title='bbox 1243 2961 1296 3023; x_wconf 92' lang='lat' dir='ltr'><strong>illo</strong></span> <span class='ocrx_word' id='word_1_288' title='bbox 1319 2961 1358 3021; x_wconf 93' lang='lat' dir='ltr'><strong>ad</strong></span> <span class='ocrx_word' id='word_1_289' title='bbox 1381 2960 1477 3022; x_wconf 90' lang='lat' dir='ltr'><strong>inter-</strong></span> 
     </span>
     <span class='ocr_line' id='line_1_29' title="bbox 117 3049 1479 3135; baseline -0.001 -24"><span class='ocrx_word' id='word_1_290' title='bbox 117 3056 243 3135; x_wconf 76' lang='lat' dir='ltr'><strong>pretem</strong></span> <span class='ocrx_word' id='word_1_291' title='bbox 275 3059 471 3127; x_wconf 90' lang='lat' dir='ltr'><strong>convertunt,</strong></span> <span class='ocrx_word' id='word_1_292' title='bbox 501 3054 578 3115; x_wconf 88' lang='lat' dir='ltr'><strong>hunc</strong></span> <span class='ocrx_word' id='word_1_293' title='bbox 608 3055 704 3133; x_wconf 92' lang='lat' dir='ltr'><strong>ipsum</strong></span> <span class='ocrx_word' id='word_1_294' title='bbox 726 3075 780 3135; x_wconf 93' lang='lat' dir='ltr'><strong>pro</strong></span> <span class='ocrx_word' id='word_1_295' title='bbox 803 3075 881 3117; x_wconf 89' lang='lat' dir='ltr'><strong>novo</strong></span> <span class='ocrx_word' id='word_1_296' title='bbox 905 3053 1052 3116; x_wconf 88' lang='lat' dir='ltr'><strong>hahentes</strong></span> <span class='ocrx_word' id='word_1_297' title='bbox 1083 3060 1240 3135; x_wconf 88' lang='lat' dir='ltr'><strong>portento;</strong></span> <span class='ocrx_word' id='word_1_298' title='bbox 1274 3049 1397 3112; x_wconf 90' lang='lat' dir='ltr'><strong>solliciti</strong></span> <span class='ocrx_word' id='word_1_299' title='bbox 1420 3068 1479 3111; x_wconf 92' lang='lat' dir='ltr'><strong>non</strong></span> 
     </span>
     <span class='ocr_line' id='line_1_30' title="bbox 117 3138 1480 3225; baseline 0 -25"><span class='ocrx_word' id='word_1_300' title='bbox 117 3138 234 3223; x_wconf 77' lang='lat' dir='ltr'><strong>quibus</strong></span> <span class='ocrx_word' id='word_1_301' title='bbox 257 3139 424 3202; x_wconf 88' lang='lat' dir='ltr'><strong>rationibus</strong></span> <span class='ocrx_word' id='word_1_302' title='bbox 444 3140 470 3202; x_wconf 91' lang='lat' dir='ltr'><strong>is</strong></span> <span class='ocrx_word' id='word_1_303' title='bbox 488 3150 600 3217; x_wconf 85' lang='lat' dir='ltr'><strong>utatur,</strong></span> <span class='ocrx_word' id='word_1_304' title='bbox 625 3144 679 3204; x_wconf 90' lang='lat' dir='ltr'><strong>sed</strong></span> <span class='ocrx_word' id='word_1_305' title='bbox 699 3144 818 3206; x_wconf 91' lang='lat' dir='ltr'><strong>omnino</strong></span> <span class='ocrx_word' id='word_1_306' title='bbox 842 3144 983 3225; x_wconf 88' lang='lat' dir='ltr'><strong>quidnam</strong></span> <span class='ocrx_word' id='word_1_307' title='bbox 1000 3144 1082 3204; x_wconf 89' lang='lat' dir='ltr'><strong>dicat</strong></span> <span class='ocrx_word' id='word_1_308' title='bbox 1101 3149 1273 3203; x_wconf 86' lang='lat' dir='ltr'><strong>eventurum</strong></span> <span class='ocrx_word' id='word_1_309' title='bbox 1292 3139 1480 3202; x_wconf 74' lang='lat' dir='ltr'><strong>verissimum</strong></span> 
     </span>
     <span class='ocr_line' id='line_1_31' title="bbox 117 3228 1479 3313; baseline -0.001 -22"><span class='ocrx_word' id='word_1_310' title='bbox 117 3228 186 3311; x_wconf 83' lang='lat' dir='ltr'><strong>ipsi</strong></span> <span class='ocrx_word' id='word_1_311' title='bbox 207 3237 394 3309; x_wconf 66' lang='lat' dir='ltr'><strong>portentum</strong></span> <span class='ocrx_word' id='word_1_312' title='bbox 426 3230 476 3312; x_wconf 92' lang='lat' dir='ltr'><strong>qui</strong></span> <span class='ocrx_word' id='word_1_313' title='bbox 499 3231 691 3306; x_wconf 87' lang='lat' dir='ltr'><strong>existimant,</strong></span> <span class='ocrx_word' id='word_1_314' title='bbox 724 3234 811 3295; x_wconf 92' lang='lat' dir='ltr'><strong>unius</strong></span> <span class='ocrx_word' id='word_1_315' title='bbox 843 3232 1057 3313; x_wconf 88' lang='lat' dir='ltr'><strong>astrologastri</strong></span> <span class='ocrx_word' id='word_1_316' title='bbox 1087 3231 1187 3312; x_wconf 89' lang='lat' dir='ltr'><strong>gratia</strong></span> <span class='ocrx_word' id='word_1_317' title='bbox 1211 3238 1242 3292; x_wconf 89' lang='lat' dir='ltr'><strong>et</strong></span> <span class='ocrx_word' id='word_1_318' title='bbox 1265 3229 1304 3290; x_wconf 90' lang='lat' dir='ltr'><strong>ad</strong></span> <span class='ocrx_word' id='word_1_319' title='bbox 1327 3246 1479 3290; x_wconf 88' lang='lat' dir='ltr'><strong>commen-</strong></span> 
     </span>
     <span class='ocr_line' id='line_1_32' title="bbox 118 3315 1478 3401; baseline -0.003 -20"><span class='ocrx_word' id='word_1_320' title='bbox 118 3315 245 3381; x_wconf 79' lang='lat' dir='ltr'><strong>dandas</strong></span> <span class='ocrx_word' id='word_1_321' title='bbox 275 3318 340 3397; x_wconf 91' lang='lat' dir='ltr'><strong>ejus</strong></span> <span class='ocrx_word' id='word_1_322' title='bbox 370 3319 544 3382; x_wconf 80' lang='lat' dir='ltr'><strong>subitaneus</strong></span> <span class='ocrx_word' id='word_1_323' title='bbox 578 3321 733 3401; x_wconf 89' lang='lat' dir='ltr'><strong>opiniones</strong></span> <span class='ocrx_word' id='word_1_324' title='bbox 765 3323 917 3384; x_wconf 89' lang='lat' dir='ltr'><strong>incensum</strong></span> <span class='ocrx_word' id='word_1_325' title='bbox 947 3341 1015 3384; x_wconf 89' lang='lat' dir='ltr'><strong>esse</strong></span> <span class='ocrx_word' id='word_1_326' title='bbox 1039 3343 1057 3382; x_wconf 87' lang='lat' dir='ltr'><strong>a</strong></span> <span class='ocrx_word' id='word_1_327' title='bbox 1079 3323 1145 3384; x_wconf 89' lang='lat' dir='ltr'><strong>Deo</strong></span> <span class='ocrx_word' id='word_1_328' title='bbox 1179 3319 1263 3381; x_wconf 90' lang='lat' dir='ltr'><strong>sidus</strong></span> <span class='ocrx_word' id='word_1_329' title='bbox 1288 3318 1316 3379; x_wconf 91' lang='lat' dir='ltr'><strong>iu</strong></span> <span class='ocrx_word' id='word_1_330' title='bbox 1346 3318 1478 3379; x_wconf 88' lang='lat' dir='ltr'><strong>aethere.</strong></span> 
     </span>
     <span class='ocr_line' id='line_1_33' title="bbox 116 3406 1481 3492; baseline -0.004 -19"><span class='ocrx_word' id='word_1_331' title='bbox 116 3406 231 3488; x_wconf 81' lang='lat' dir='ltr'><strong>Neque</strong></span> <span class='ocrx_word' id='word_1_332' title='bbox 254 3406 329 3469; x_wconf 91' lang='lat' dir='ltr'><strong>haec</strong></span> <span class='ocrx_word' id='word_1_333' title='bbox 352 3427 408 3488; x_wconf 90' lang='lat' dir='ltr'><strong>ego</strong></span> <span class='ocrx_word' id='word_1_334' title='bbox 431 3411 522 3489; x_wconf 88' lang='lat' dir='ltr'><strong>vulgo</strong></span> <span class='ocrx_word' id='word_1_335' title='bbox 545 3430 599 3492; x_wconf 88' lang='lat' dir='ltr'><strong>per</strong></span> <span class='ocrx_word' id='word_1_336' title='bbox 627 3411 805 3473; x_wconf 90' lang='lat' dir='ltr'><strong>calumniam</strong></span> <span class='ocrx_word' id='word_1_337' title='bbox 830 3412 878 3473; x_wconf 90' lang='lat' dir='ltr'><strong>vel</strong></span> <span class='ocrx_word' id='word_1_338' title='bbox 902 3411 1166 3491; x_wconf 83' lang='lat' dir='ltr'><strong>exaggerationem</strong></span> <span class='ocrx_word' id='word_1_339' title='bbox 1193 3409 1311 3470; x_wconf 89' lang='lat' dir='ltr'><strong>tribuo:</strong></span> <span class='ocrx_word' id='word_1_340' title='bbox 1340 3426 1389 3469; x_wconf 90' lang='lat' dir='ltr'><strong>res</strong></span> <span class='ocrx_word' id='word_1_341' title='bbox 1413 3407 1481 3487; x_wconf 90' lang='lat' dir='ltr'><strong>ipsa</strong></span> 
     </span>
     <span class='ocr_line' id='line_1_34' title="bbox 119 3495 1479 3582; baseline -0.003 -23"><span class='ocrx_word' id='word_1_342' title='bbox 119 3502 185 3571; x_wconf 78' lang='lat' dir='ltr'><strong>eat,</strong></span> <span class='ocrx_word' id='word_1_343' title='bbox 209 3515 296 3577; x_wconf 88' lang='lat' dir='ltr'><strong>quam</strong></span> <span class='ocrx_word' id='word_1_344' title='bbox 320 3497 396 3559; x_wconf 91' lang='lat' dir='ltr'><strong>dieo.</strong></span> <span class='ocrx_word' id='word_1_345' title='bbox 442 3499 598 3580; x_wconf 89' lang='lat' dir='ltr'><strong>Perpende</strong></span> <span class='ocrx_word' id='word_1_346' title='bbox 621 3520 740 3581; x_wconf 88' lang='lat' dir='ltr'><strong>quaese·</strong></span> <span class='ocrx_word' id='word_1_347' title='bbox 758 3501 825 3582; x_wconf 93' lang='lat' dir='ltr'><strong>quis</strong></span> <span class='ocrx_word' id='word_1_348' title='bbox 847 3499 938 3581; x_wconf 91' lang='lat' dir='ltr'><strong>paulo</strong></span> <span class='ocrx_word' id='word_1_349' title='bbox 961 3499 1141 3579; x_wconf 88' lang='lat' dir='ltr'><strong>religiosior,</strong></span> <span class='ocrx_word' id='word_1_350' title='bbox 1165 3499 1255 3578; x_wconf 91' lang='lat' dir='ltr'><strong>paulo</strong></span> <span class='ocrx_word' id='word_1_351' title='bbox 1278 3498 1317 3560; x_wconf 92' lang='lat' dir='ltr'><strong>ad</strong></span> <span class='ocrx_word' id='word_1_352' title='bbox 1339 3495 1479 3558; x_wconf 91' lang='lat' dir='ltr'><strong>humani-</strong></span> 
     </span>
     <span class='ocr_line' id='line_1_35' title="bbox 120 3585 1481 3669; baseline -0.002 -21"><span class='ocrx_word' id='word_1_353' title='bbox 120 3592 223 3648; x_wconf 74' lang='lat' dir='ltr'><strong>tatem</strong></span> <span class='ocrx_word' id='word_1_354' title='bbox 245 3586 432 3666; x_wconf 88' lang='lat' dir='ltr'><strong>propensior,</strong></span> <span class='ocrx_word' id='word_1_355' title='bbox 455 3608 514 3649; x_wconf 93' lang='lat' dir='ltr'><strong>non</strong></span> <span class='ocrx_word' id='word_1_356' title='bbox 531 3590 570 3650; x_wconf 91' lang='lat' dir='ltr'><strong>ad</strong></span> <span class='ocrx_word' id='word_1_357' title='bbox 586 3609 690 3651; x_wconf 91' lang='lat' dir='ltr'><strong>omnes</strong></span> <span class='ocrx_word' id='word_1_358' title='bbox 713 3590 860 3669; x_wconf 90' lang='lat' dir='ltr'><strong>astrologi</strong></span> <span class='ocrx_word' id='word_1_359' title='bbox 882 3607 974 3651; x_wconf 86' lang='lat' dir='ltr'><strong>voces</strong></span> <span class='ocrx_word' id='word_1_360' title='bbox 990 3598 1133 3669; x_wconf 87' lang='lat' dir='ltr'><strong>tanquam</strong></span> <span class='ocrx_word' id='word_1_361' title='bbox 1156 3587 1282 3648; x_wconf 90' lang='lat' dir='ltr'><strong>totidem</strong></span> <span class='ocrx_word' id='word_1_362' title='bbox 1301 3586 1340 3647; x_wconf 90' lang='lat' dir='ltr'><strong>ad</strong></span> <span class='ocrx_word' id='word_1_363' title='bbox 1358 3585 1481 3646; x_wconf 89' lang='lat' dir='ltr'><strong>oracula</strong></span> 
     </span>
     <span class='ocr_line' id='line_1_36' title="bbox 121 3672 1479 3760; baseline -0.002 -23"><span class='ocrx_word' id='word_1_364' title='bbox 121 3680 264 3737; x_wconf 75' lang='lat' dir='ltr'><strong>auentm</strong></span> <span class='ocrx_word' id='word_1_365' title='bbox 281 3684 347 3737; x_wconf 89' lang='lat' dir='ltr'><strong>est:</strong></span> <span class='ocrx_word' id='word_1_366' title='bbox 373 3677 492 3739; x_wconf 90' lang='lat' dir='ltr'><strong>omnino</strong></span> <span class='ocrx_word' id='word_1_367' title='bbox 516 3678 694 3740; x_wconf 88' lang='lat' dir='ltr'><strong>existimans</strong></span> <span class='ocrx_word' id='word_1_368' title='bbox 719 3678 837 3740; x_wconf 91' lang='lat' dir='ltr'><strong>occulta</strong></span> <span class='ocrx_word' id='word_1_369' title='bbox 852 3679 910 3742; x_wconf 90' lang='lat' dir='ltr'><strong>Dei</strong></span> <span class='ocrx_word' id='word_1_370' title='bbox 934 3677 1133 3760; x_wconf 87' lang='lat' dir='ltr'><strong>dispositione</strong></span> <span class='ocrx_word' id='word_1_371' title='bbox 1150 3676 1209 3737; x_wconf 93' lang='lat' dir='ltr'><strong>dici</strong></span> <span class='ocrx_word' id='word_1_372' title='bbox 1225 3676 1346 3756; x_wconf 90' lang='lat' dir='ltr'><strong>gerique</strong></span> <span class='ocrx_word' id='word_1_373' title='bbox 1363 3672 1479 3748; x_wconf 90' lang='lat' dir='ltr'><strong>omnia;</strong></span> 
     </span>
     <span class='ocr_line' id='line_1_37' title="bbox 124 3763 1479 3848; baseline -0.001 -23"><span class='ocrx_word' id='word_1_374' title='bbox 124 3763 321 3847; x_wconf 84' lang='lat' dir='ltr'><strong>quantumvis</strong></span> <span class='ocrx_word' id='word_1_375' title='bbox 345 3765 496 3846; x_wconf 89' lang='lat' dir='ltr'><strong>intelligat</strong></span> <span class='ocrx_word' id='word_1_376' title='bbox 519 3767 716 3829; x_wconf 84' lang='lat' dir='ltr'><strong>vitiositatem</strong></span> <span class='ocrx_word' id='word_1_377' title='bbox 734 3768 1036 3848; x_wconf 85' lang='lat' dir='ltr'><strong>argumentationum,</strong></span> <span class='ocrx_word' id='word_1_378' title='bbox 1061 3766 1166 3848; x_wconf 91' lang='lat' dir='ltr'><strong>quibus</strong></span> <span class='ocrx_word' id='word_1_379' title='bbox 1183 3766 1356 3845; x_wconf 89' lang='lat' dir='ltr'><strong>astrologus</strong></span> <span class='ocrx_word' id='word_1_380' title='bbox 1376 3763 1479 3825; x_wconf 90' lang='lat' dir='ltr'><strong>utitur.</strong></span> 
     </span>
     <span class='ocr_line' id='line_1_38' title="bbox 119 3851 1481 3937; baseline 0 -24"><span class='ocrx_word' id='word_1_381' title='bbox 119 3851 307 3932; x_wconf 68' lang='grc' dir='ltr'>Ηιιὶιιιιοιίἰ</span> <span class='ocrx_word' id='word_1_382' title='bbox 329 3854 497 3917; x_wconf 89' lang='lat' dir='ltr'><strong>hominibus</strong></span> <span class='ocrx_word' id='word_1_383' title='bbox 514 3858 596 3918; x_wconf 91' lang='lat' dir='ltr'><strong>nulla</strong></span> <span class='ocrx_word' id='word_1_384' title='bbox 614 3877 742 3937; x_wconf 89' lang='lat' dir='ltr'><strong>unquam</strong></span> <span class='ocrx_word' id='word_1_385' title='bbox 760 3857 924 3919; x_wconf 86' lang='lat' dir='ltr'><strong>declaratio</strong></span> <span class='ocrx_word' id='word_1_386' title='bbox 940 3857 984 3918; x_wconf 87' lang='lat' dir='ltr'><strong>rei</strong></span> <span class='ocrx_word' id='word_1_387' title='bbox 1002 3856 1118 3930; x_wconf 88' lang='lat' dir='ltr'><strong>sufficit,</strong></span> <span class='ocrx_word' id='word_1_388' title='bbox 1142 3873 1217 3936; x_wconf 91' lang='lat' dir='ltr'><strong>quae</strong></span> <span class='ocrx_word' id='word_1_389' title='bbox 1234 3854 1315 3916; x_wconf 91' lang='lat' dir='ltr'><strong>intra</strong></span> <span class='ocrx_word' id='word_1_390' title='bbox 1337 3852 1481 3916; x_wconf 88' lang='lat' dir='ltr'><strong>tenuinos</strong></span> 
     </span>
     <span class='ocr_line' id='line_1_39' title="bbox 121 3939 1481 4029; baseline -0.001 -24"><span class='ocrx_word' id='word_1_391' title='bbox 121 3939 205 4005; x_wconf 73' lang='lat' dir='ltr'><strong>artis</strong></span> <span class='ocrx_word' id='word_1_392' title='bbox 227 3942 392 4019; x_wconf 86' lang='lat' dir='ltr'><strong>consistat;</strong></span> <span class='ocrx_word' id='word_1_393' title='bbox 418 3947 471 4006; x_wconf 89' lang='lat' dir='ltr'><strong>sed</strong></span> <span class='ocrx_word' id='word_1_394' title='bbox 493 3947 651 4029; x_wconf 91' lang='lat' dir='ltr'><strong>postulant</strong></span> <span class='ocrx_word' id='word_1_395' title='bbox 673 3946 711 4008; x_wconf 89' lang='lat' dir='ltr'><strong>ab</strong></span> <span class='ocrx_word' id='word_1_396' title='bbox 735 3948 905 4027; x_wconf 88' lang='lat' dir='ltr'><strong>astrologo,</strong></span> <span class='ocrx_word' id='word_1_397' title='bbox 928 3955 963 4009; x_wconf 92' lang='lat' dir='ltr'><strong>nt</strong></span> <span class='ocrx_word' id='word_1_398' title='bbox 985 3947 1091 4008; x_wconf 90' lang='lat' dir='ltr'><strong>intima</strong></span> <span class='ocrx_word' id='word_1_399' title='bbox 1113 3943 1205 4006; x_wconf 88' lang='lat' dir='ltr'><strong>animi</strong></span> <span class='ocrx_word' id='word_1_400' title='bbox 1229 3962 1320 4005; x_wconf 89' lang='lat' dir='ltr'><strong>sensa</strong></span> <span class='ocrx_word' id='word_1_401' title='bbox 1341 3962 1396 4025; x_wconf 94' lang='lat' dir='ltr'><strong>per</strong></span> <span class='ocrx_word' id='word_1_402' title='bbox 1418 3941 1481 4004; x_wconf 89' lang='lat' dir='ltr'><strong>cir-</strong></span> 
     </span>
     <span class='ocr_line' id='line_1_40' title="bbox 122 4032 1481 4117; baseline -0.001 -22"><span class='ocrx_word' id='word_1_403' title='bbox 122 4032 328 4096; x_wconf 81' lang='lat' dir='ltr'><strong>enmetantias</strong></span> <span class='ocrx_word' id='word_1_404' title='bbox 344 4032 484 4104; x_wconf 88' lang='lat' dir='ltr'><strong>locorum,</strong></span> <span class='ocrx_word' id='word_1_405' title='bbox 508 4044 686 4116; x_wconf 88' lang='lat' dir='ltr'><strong>temporum,</strong></span> <span class='ocrx_word' id='word_1_406' title='bbox 706 4055 912 4117; x_wconf 89' lang='lat' dir='ltr'><strong>personarum,</strong></span> <span class='ocrx_word' id='word_1_407' title='bbox 932 4036 1111 4115; x_wconf 89' lang='lat' dir='ltr'><strong>religionum</strong></span> <span class='ocrx_word' id='word_1_408' title='bbox 1124 4053 1281 4115; x_wconf 88' lang='lat' dir='ltr'><strong>rerumque</strong></span> <span class='ocrx_word' id='word_1_409' title='bbox 1295 4033 1481 4114; x_wconf 87' lang='lat' dir='ltr'><strong>publicarum</strong></span> 
     </span>
     <span class='ocr_line' id='line_1_41' title="bbox 120 4119 1481 4207; baseline -0.002 -22"><span class='ocrx_word' id='word_1_410' title='bbox 120 4119 293 4185; x_wconf 69' lang='lat' dir='ltr'><strong>mdiseime</strong></span> <span class='ocrx_word' id='word_1_411' title='bbox 317 4122 530 4186; x_wconf 78' lang='lat' dir='ltr'><strong>ob&#39;hominum</strong></span> <span class='ocrx_word' id='word_1_412' title='bbox 555 4126 658 4187; x_wconf 87' lang='lat' dir='ltr'><strong>oculos</strong></span> <span class='ocrx_word' id='word_1_413' title='bbox 680 4134 793 4205; x_wconf 91' lang='lat' dir='ltr'><strong>ponat;</strong></span> <span class='ocrx_word' id='word_1_414' title='bbox 818 4127 923 4207; x_wconf 90' lang='lat' dir='ltr'><strong>quibus</strong></span> <span class='ocrx_word' id='word_1_415' title='bbox 947 4126 998 4186; x_wconf 92' lang='lat' dir='ltr'><strong>ille</strong></span> <span class='ocrx_word' id='word_1_416' title='bbox 1022 4123 1080 4186; x_wconf 90' lang='lat' dir='ltr'><strong>nisi</strong></span> <span class='ocrx_word' id='word_1_417' title='bbox 1103 4122 1245 4203; x_wconf 91' lang='lat' dir='ltr'><strong>paruerit,</strong></span> <span class='ocrx_word' id='word_1_418' title='bbox 1269 4123 1327 4184; x_wconf 93' lang='lat' dir='ltr'><strong>hoc</strong></span> <span class='ocrx_word' id='word_1_419' title='bbox 1350 4130 1401 4199; x_wconf 92' lang='lat' dir='ltr'><strong>est</strong></span> <span class='ocrx_word' id='word_1_420' title='bbox 1421 4120 1481 4182; x_wconf 89' lang='lat' dir='ltr'><strong>nisi</strong></span> 
     </span>
     <span class='ocr_line' id='line_1_42' title="bbox 122 4208 1481 4294; baseline 0 -22"><span class='ocrx_word' id='word_1_421' title='bbox 122 4208 335 4290; x_wconf 85' lang='lat' dir='ltr'><strong>&#39;meptissimus</strong></span> <span class='ocrx_word' id='word_1_422' title='bbox 358 4213 529 4275; x_wconf 89' lang='lat' dir='ltr'><strong>mortalium</strong></span> <span class='ocrx_word' id='word_1_423' title='bbox 552 4215 680 4288; x_wconf 89' lang='lat' dir='ltr'><strong>evadat,</strong></span> <span class='ocrx_word' id='word_1_424' title='bbox 707 4215 772 4294; x_wconf 92' lang='lat' dir='ltr'><strong>jam</strong></span> <span class='ocrx_word' id='word_1_425' title='bbox 796 4215 897 4277; x_wconf 90' lang='lat' dir='ltr'><strong>varias</strong></span> <span class='ocrx_word' id='word_1_426' title='bbox 921 4215 1046 4276; x_wconf 86' lang='lat' dir='ltr'><strong>incurrit</strong></span> <span class='ocrx_word' id='word_1_427' title='bbox 1067 4211 1335 4294; x_wconf 89' lang='lat' dir='ltr'><strong>reprehensiones:</strong></span> <span class='ocrx_word' id='word_1_428' title='bbox 1367 4217 1481 4291; x_wconf 91' lang='lat' dir='ltr'><strong>negant</strong></span> 
     </span>
     <span class='ocr_line' id='line_1_43' title="bbox 123 4297 1480 4403; baseline 0 -42"><span class='ocrx_word' id='word_1_429' title='bbox 123 4297 228 4403; x_wconf 72' lang='grc' dir='ltr'>ῖριιιι</span> <span class='ocrx_word' id='word_1_430' title='bbox 251 4319 341 4380; x_wconf 88' lang='lat' dir='ltr'><strong>agere</strong></span> <span class='ocrx_word' id='word_1_431' title='bbox 365 4302 501 4377; x_wconf 86' lang='lat' dir='ltr'><strong>candide,</strong></span> <span class='ocrx_word' id='word_1_432' title='bbox 525 4303 700 4365; x_wconf 88' lang='lat' dir='ltr'><strong>insimulant</strong></span> <span class='ocrx_word' id='word_1_433' title='bbox 722 4304 903 4379; x_wconf 88' lang='lat' dir='ltr'><strong>timiditatis,</strong></span> <span class='ocrx_word' id='word_1_434' title='bbox 928 4302 1122 4377; x_wconf 89' lang='lat' dir='ltr'><strong>adulationis,</strong></span> <span class='ocrx_word' id='word_1_435' title='bbox 1146 4300 1325 4364; x_wconf 85' lang='lat' dir='ltr'><strong>delectionis</strong></span> <span class='ocrx_word' id='word_1_436' title='bbox 1349 4310 1380 4362; x_wconf 95' lang='lat' dir='ltr'><strong>et</strong></span> <span class='ocrx_word' id='word_1_437' title='bbox 1397 4298 1480 4362; x_wconf 91' lang='lat' dir='ltr'><strong>mille</strong></span> 
     </span>
     <span class='ocr_line' id='line_1_44' title="bbox 123 4376 1479 4472; baseline -0.001 -19"><span class='ocrx_word' id='word_1_438' title='bbox 123 4387 301 4465; x_wconf 69' lang='lat' dir='ltr'><strong>eriminum</strong></span> <span class='ocrx_word' id='word_1_439' title='bbox 325 4409 419 4472; x_wconf 89' lang='lat' dir='ltr'><strong>neque</strong></span> <span class='ocrx_word' id='word_1_440' title='bbox 443 4391 663 4472; x_wconf 90' lang='lat' dir='ltr'><strong>distinguunt&#39;</strong></span> <span class='ocrx_word' id='word_1_441' title='bbox 654 4403 732 4456; x_wconf 84' lang='lat' dir='ltr'><strong>inter</strong></span> <span class='ocrx_word' id='word_1_442' title='bbox 755 4394 971 4456; x_wconf 88' lang='lat' dir='ltr'><strong>astronomiam</strong></span> <span class='ocrx_word' id='word_1_443' title='bbox 995 4401 1026 4456; x_wconf 91' lang='lat' dir='ltr'><strong>et</strong></span> <span class='ocrx_word' id='word_1_444' title='bbox 1045 4392 1258 4471; x_wconf 88' lang='lat' dir='ltr'><strong>astrologiam,</strong></span> <span class='ocrx_word' id='word_1_445' title='bbox 1283 4376 1343 4451; x_wconf 91' lang='lat' dir='ltr'><strong>rati</strong></span> <span class='ocrx_word' id='word_1_446' title='bbox 1320 4389 1479 4451; x_wconf 92' lang='lat' dir='ltr'><strong>tnullam</strong></span> 
     </span>
     <span class='ocr_line' id='line_1_45' title="bbox 124 4466 1479 4563; baseline -0.002 -21"><span class='ocrx_word' id='word_1_447' title='bbox 124 4466 194 4542; x_wconf 76' lang='lat' dir='ltr'><strong>sore</strong></span> <span class='ocrx_word' id='word_1_448' title='bbox 225 4479 427 4542; x_wconf 84' lang='lat' dir='ltr'><strong>astronomiae</strong></span> <span class='ocrx_word' id='word_1_449' title='bbox 457 4481 635 4556; x_wconf 87' lang='lat' dir='ltr'><strong>utilitatem,</strong></span> <span class='ocrx_word' id='word_1_450' title='bbox 666 4482 724 4546; x_wconf 89' lang='lat' dir='ltr'><strong>nisi</strong></span> <span class='ocrx_word' id='word_1_451' title='bbox 749 4502 785 4544; x_wconf 88' lang='lat' dir='ltr'><strong>ea</strong></span> <span class='ocrx_word' id='word_1_452' title='bbox 812 4503 866 4563; x_wconf 90' lang='lat' dir='ltr'><strong>per</strong></span> <span class='ocrx_word' id='word_1_453' title='bbox 896 4481 1104 4544; x_wconf 90' lang='lat' dir='ltr'><strong>divinatricem</strong></span> <span class='ocrx_word' id='word_1_454' title='bbox 1135 4501 1200 4542; x_wconf 91' lang='lat' dir='ltr'><strong>curn</strong></span> <span class='ocrx_word' id='word_1_455' title='bbox 1230 4478 1364 4541; x_wconf 82' lang='lat' dir='ltr'><strong>externis</strong></span> <span class='ocrx_word' id='word_1_456' title='bbox 1396 4477 1479 4540; x_wconf 83' lang='lat' dir='ltr'><strong>hisee</strong></span> 
     </span>
     <span class='ocr_line' id='line_1_46' title="bbox 123 4565 1481 4651; baseline -0.003 -19"><span class='ocrx_word' id='word_1_457' title='bbox 123 4565 395 4632; x_wconf 82' lang='lat' dir='ltr'><strong>eircumstantiis</strong></span> <span class='ocrx_word' id='word_1_458' title='bbox 386 4590 417 4631; x_wconf 91' lang='grc' dir='ltr'><strong>ιι</strong></span> <span class='ocrx_word' id='word_1_459' title='bbox 439 4570 559 4651; x_wconf 90' lang='lat' dir='ltr'><strong>publica</strong></span> <span class='ocrx_word' id='word_1_460' title='bbox 582 4571 661 4633; x_wconf 90' lang='lat' dir='ltr'><strong>vitae</strong></span> <span class='ocrx_word' id='word_1_461' title='bbox 690 4573 904 4635; x_wconf 87' lang='lat' dir='ltr'><strong>consuetudine</strong></span> <span class='ocrx_word' id='word_1_462' title='bbox 933 4570 1122 4633; x_wconf 84' lang='lat' dir='ltr'><strong>versantibus</strong></span> <span class='ocrx_word' id='word_1_463' title='bbox 1146 4570 1190 4630; x_wconf 89' lang='lat' dir='ltr'><strong>ita</strong></span> <span class='ocrx_word' id='word_1_464' title='bbox 1213 4568 1422 4641; x_wconf 83' lang='lat' dir='ltr'><strong>confundatur,</strong></span> <span class='ocrx_word' id='word_1_465' title='bbox 1447 4573 1481 4628; x_wconf 90' lang='lat' dir='ltr'><strong>ut</strong></span> 
     </span>
     <span class='ocr_line' id='line_1_47' title="bbox 124 4654 1479 4732; baseline -0.004 -9"><span class='ocrx_word' id='word_1_466' title='bbox 124 4654 226 4723; x_wconf 76' lang='lat' dir='ltr'><strong>omnis</strong></span> <span class='ocrx_word' id='word_1_467' title='bbox 248 4657 328 4732; x_wconf 88' lang='lat' dir='ltr'><strong>vita,</strong></span> <span class='ocrx_word' id='word_1_468' title='bbox 360 4678 462 4722; x_wconf 88' lang='lat' dir='ltr'><strong>omnes</strong></span> <span class='ocrx_word' id='word_1_469' title='bbox 485 4660 578 4722; x_wconf 90' lang='lat' dir='ltr'><strong>etiam</strong></span> <span class='ocrx_word' id='word_1_470' title='bbox 602 4660 773 4722; x_wconf 89' lang='lat' dir='ltr'><strong>levissimae</strong></span> <span class='ocrx_word' id='word_1_471' title='bbox 803 4661 956 4723; x_wconf 88' lang='lat' dir='ltr'><strong>hominurn</strong></span> <span class='ocrx_word' id='word_1_472' title='bbox 984 4660 1119 4721; x_wconf 89' lang='lat' dir='ltr'><strong>actiones</strong></span> <span class='ocrx_word' id='word_1_473' title='bbox 1143 4679 1181 4720; x_wconf 90' lang='lat' dir='ltr'><strong>ex</strong></span> <span class='ocrx_word' id='word_1_474' title='bbox 1204 4657 1290 4721; x_wconf 88' lang='lat' dir='ltr'><strong>coelo</strong></span> <span class='ocrx_word' id='word_1_475' title='bbox 1321 4663 1479 4718; x_wconf 90' lang='lat' dir='ltr'><strong>nectantur</strong></span> 
     </span>
     <span class='ocr_line' id='line_1_48' title="bbox 125 4745 1478 4830; baseline -0.004 -19"><span class='ocrx_word' id='word_1_476' title='bbox 125 4755 161 4811; x_wconf 84' lang='lat' dir='ltr'><strong>et</strong></span> <span class='ocrx_word' id='word_1_477' title='bbox 181 4746 438 4826; x_wconf 84' lang='lat' dir='ltr'><strong>praedefiniantur</strong></span> <span class='ocrx_word' id='word_1_478' title='bbox 467 4758 636 4812; x_wconf 87' lang='lat' dir='ltr'><strong>eventurae.</strong></span> <span class='ocrx_word' id='word_1_479' title='bbox 683 4750 726 4812; x_wconf 90' lang='lat' dir='ltr'><strong>lis</strong></span> <span class='ocrx_word' id='word_1_480' title='bbox 750 4750 841 4830; x_wconf 89' lang='lat' dir='ltr'><strong>igitur</strong></span> <span class='ocrx_word' id='word_1_481' title='bbox 863 4750 920 4813; x_wconf 88' lang='lat' dir='ltr'><strong>hoc</strong></span> <span class='ocrx_word' id='word_1_482' title='bbox 952 4769 1007 4829; x_wconf 87' lang='lat' dir='ltr'><strong>ego</strong></span> <span class='ocrx_word' id='word_1_483' title='bbox 1037 4747 1238 4810; x_wconf 87' lang='lat' dir='ltr'><strong>conclusionis</strong></span> <span class='ocrx_word' id='word_1_484' title='bbox 1268 4747 1335 4808; x_wconf 91' lang='lat' dir='ltr'><strong>loco</strong></span> <span class='ocrx_word' id='word_1_485' title='bbox 1366 4745 1478 4807; x_wconf 92' lang='lat' dir='ltr'><strong>dictum</strong></span> 
     </span>
     <span class='ocr_line' id='line_1_49' title="bbox 125 4834 1478 4921; baseline -0.004 -22"><span class='ocrx_word' id='word_1_486' title='bbox 125 4835 214 4911; x_wconf 77' lang='lat' dir='ltr'><strong>volo,</strong></span> <span class='ocrx_word' id='word_1_487' title='bbox 242 4844 277 4899; x_wconf 93' lang='lat' dir='ltr'><strong>ut</strong></span> <span class='ocrx_word' id='word_1_488' title='bbox 299 4854 366 4898; x_wconf 90' lang='lat' dir='ltr'><strong>cum</strong></span> <span class='ocrx_word' id='word_1_489' title='bbox 395 4838 570 4901; x_wconf 86' lang='lat' dir='ltr'><strong>curiositate</strong></span> <span class='ocrx_word' id='word_1_490' title='bbox 599 4859 654 4900; x_wconf 91' lang='lat' dir='ltr'><strong>sua</strong></span> <span class='ocrx_word' id='word_1_491' title='bbox 680 4839 720 4900; x_wconf 92' lang='lat' dir='ltr'><strong>ad</strong></span> <span class='ocrx_word' id='word_1_492' title='bbox 748 4840 922 4921; x_wconf 78' lang='lat' dir='ltr'><strong>prophetias</strong></span> <span class='ocrx_word' id='word_1_493' title='bbox 946 4837 1096 4902; x_wconf 89' lang='lat' dir='ltr'><strong>Joachimi</strong></span> <span class='ocrx_word' id='word_1_494' title='bbox 1119 4836 1250 4900; x_wconf 83' lang='lat' dir='ltr'><strong>Abbatis</strong></span> <span class='ocrx_word' id='word_1_495' title='bbox 1274 4836 1307 4899; x_wconf 89' lang='lat' dir='ltr'><strong>S.</strong></span> <span class='ocrx_word' id='word_1_496' title='bbox 1331 4834 1478 4915; x_wconf 88' lang='lat' dir='ltr'><strong>Brigitae,</strong></span> 
     </span>
     <span class='ocr_line' id='line_1_50' title="bbox 125 4923 1478 5010; baseline -0.004 -20"><span class='ocrx_word' id='word_1_497' title='bbox 125 4924 253 4990; x_wconf 75' lang='lat' dir='ltr'><strong>Martini</strong></span> <span class='ocrx_word' id='word_1_498' title='bbox 276 4933 307 4987; x_wconf 93' lang='lat' dir='ltr'><strong>et</strong></span> <span class='ocrx_word' id='word_1_499' title='bbox 329 4927 470 5009; x_wconf 89' lang='lat' dir='ltr'><strong>reliquas,</strong></span> <span class='ocrx_word' id='word_1_500' title='bbox 494 4930 590 5010; x_wconf 89' lang='lat' dir='ltr'><strong>adque</strong></span> <span class='ocrx_word' id='word_1_501' title='bbox 615 4927 758 4989; x_wconf 90' lang='lat' dir='ltr'><strong>vaticinia</strong></span> <span class='ocrx_word' id='word_1_502' title='bbox 775 4929 899 4990; x_wconf 82' lang='lat' dir='ltr'><strong>Antonii</strong></span> <span class='ocrx_word' id='word_1_503' title='bbox 916 4928 1072 5010; x_wconf 89' lang='lat' dir='ltr'><strong>Torquati,</strong></span> <span class='ocrx_word' id='word_1_504' title='bbox 1097 4926 1247 4998; x_wconf 63' lang='lat' dir='ltr'><strong>(larionis,</strong></span> <span class='ocrx_word' id='word_1_505' title='bbox 1264 4923 1478 5004; x_wconf 86' lang='lat' dir='ltr'><strong>Theophrasti,</strong></span> 
     </span>
     <span class='ocr_line' id='line_1_51' title="bbox 125 5013 1478 5097; baseline -0.005 -15"><span class='ocrx_word' id='word_1_506' title='bbox 125 5014 239 5082; x_wconf 81' lang='lat' dir='ltr'><strong>Jaoobi</strong></span> <span class='ocrx_word' id='word_1_507' title='bbox 270 5016 469 5093; x_wconf 80' lang='lat' dir='ltr'><strong>Hartmanni,</strong></span> <span class='ocrx_word' id='word_1_508' title='bbox 492 5015 657 5092; x_wconf 88' lang='lat' dir='ltr'><strong>Misocaci,</strong></span> <span class='ocrx_word' id='word_1_509' title='bbox 690 5016 807 5081; x_wconf 86' lang='lat' dir='ltr'><strong>Sibaldi</strong></span> <span class='ocrx_word' id='word_1_510' title='bbox 836 5018 998 5092; x_wconf 92' lang='lat' dir='ltr'><strong>Braudini,</strong></span> <span class='ocrx_word' id='word_1_511' title='bbox 1021 5016 1165 5091; x_wconf 91' lang='lat' dir='ltr'><strong>llerlicii,</strong></span> <span class='ocrx_word' id='word_1_512' title='bbox 1195 5014 1245 5097; x_wconf 93' lang='lat' dir='ltr'><strong>qui</strong></span> <span class='ocrx_word' id='word_1_513' title='bbox 1274 5034 1309 5077; x_wconf 90' lang='lat' dir='ltr'><strong>os</strong></span> <span class='ocrx_word' id='word_1_514' title='bbox 1339 5033 1425 5077; x_wconf 91' lang='lat' dir='ltr'><strong>snum</strong></span> <span class='ocrx_word' id='word_1_515' title='bbox 1446 5013 1478 5075; x_wconf 93' lang='lat' dir='ltr'><strong>in</strong></span> 
     </span>
    </p>
   </div>
   <div class='ocr_carea' id='block_1_5' title="bbox 0 0 1851 5842">
    <p class='ocr_par' dir='ltr' id='par_1_7' title="bbox 0 0 1851 5842">
     <span class='ocr_line' id='line_1_52' title="bbox 0 0 1851 5842; baseline 0 0"><span class='ocrx_word' id='word_1_516' title='bbox 0 0 1851 5842; x_wconf 95' lang='lat' dir='ltr'><strong> </strong></span> 
     </span>
    </p>
   </div>
  </div>
 </body>
</html>
