3692 5842
745 497 877 571 carten.
1424 495 1483 573 tel

138 681 273 747 fenestra
302 681 549 765 angustissimum
581 690 725 764 quantum
750 684 831 746 visus
856 684 1022 746 fortitudini
1047 685 1176 759 sufficit,
1201 687 1244 747 sic
1269 696 1379 756 tamen,
1404 695 1437 749 ut
1459 687 1485 749 si

136 774 234 855 paries
258 773 308 835 vel
332 772 466 837 fenestra
488 772 619 835 crassior
642 771 743 846 fuerit,
763 783 867 853 partes
885 774 1016 837 foramen
1041 775 1270 837 circumstantes
1300 794 1413 856 opacae
1435 795 1486 838 re-

138 863 328 938 scindantur,
362 863 460 943 quoad
484 861 538 923 tibi
570 871 748 941 prospectus
772 882 826 942 per
851 865 983 925 foramen
1007 873 1114 943 pateat
1138 865 1176 926 ad
1205 884 1307 927 omues
1332 885 1381 928 res
1414 866 1486 927 foris

138 952 319 1027 collocatas,
353 971 427 1034 quas
451 950 534 1030 cupis
564 959 803 1031 repraesentare.
851 950 977 1031 Sintque
1010 954 1191 1032 spectatoris
1219 955 1297 1016 oculi
1319 974 1374 1034 per
1396 956 1485 1017 horae

138 1041 333 1122 quadrantem
357 1041 404 1102 vel
427 1039 518 1102 semis
541 1039 664 1100 cohibiti
688 1040 726 1101 ab
760 1049 884 1119 aspectu
907 1042 982 1102 lucis
1010 1043 1148 1117 diurnae,
1185 1044 1281 1123 quoad
1310 1044 1486 1107 evanuerint

137 1132 254 1211 species
277 1130 308 1192 iu
332 1131 416 1192 clara
438 1129 496 1192 diei
521 1130 585 1190 luce
608 1126 763 1208 spiritibus
793 1129 976 1209 impressae,
1004 1150 1058 1211 per
1082 1150 1119 1192 ea
1142 1151 1218 1212 quae
1241 1132 1270 1192 iu
1295 1132 1484 1195 conclusione

136 1219 221 1302 primi
245 1219 357 1300 capitis
381 1218 567 1280 dictasunt.
613 1219 655 1279 Et
683 1217 744 1279 siut
773 1238 822 1280 res
854 1221 1129 1298 repraesentandae
1162 1221 1326 1283 collocatae
1349 1222 1379 1283 iu
1403 1223 1486 1283 clara

138 1311 198 1371 luos
222 1309 274 1371 vel
298 1307 380 1371 Solis
402 1308 450 1369 vel
475 1307 533 1368 diei
556 1307 603 1368 vel
628 1307 802 1369 facularum.
839 1309 915 1369 Dico
940 1310 1048 1382 omnia,
1072 1328 1147 1389 quae
1171 1309 1243 1371 foris
1267 1319 1299 1371 et
1321 1311 1485 1373 consistere

137 1409 164 1459 et
187 1397 254 1476 geri
278 1398 427 1471 visuntur,
455 1398 537 1458 intus
559 1396 588 1456 in
613 1396 752 1477 opposito
776 1397 844 1458 albo
872 1398 988 1476 pariete
1022 1407 1279 1477 repraesentatum
1302 1400 1352 1473 iri,
1389 1394 1485 1462 solum

137 1505 241 1548 everso
265 1487 337 1548 situ.
383 1486 462 1547 Nam
486 1483 577 1564 (Cap.
603 1485 630 1558 Ι,
656 1482 713 1557 22)
743 1505 792 1546 res
823 1486 894 1548 foris
927 1487 1095 1548 illustratae
1124 1509 1143 1548 a
1172 1506 1343 1570 quocunque
1377 1489 1485 1551 lumine

138 1576 256 1655 tingunt
272 1575 522 1637 communicatam
533 1574 629 1635 lucem
644 1593 768 1653 earuque
779 1584 926 1655 spargunt
940 1575 1156 1638 orbiculariter.
1182 1575 1282 1648 Quare
1294 1576 1386 1659 (Cap.
1398 1580 1437 1653 Π,
1448 1577 1484 1652 6)

136 1664 335 1728 illustrabunt
357 1683 404 1726 res
428 1675 572 1725 externae
604 1664 750 1743 parietem
779 1664 859 1726 intus
892 1666 1081 1746 oppositum,
1115 1667 1158 1727 sic
1181 1676 1214 1728 nt
1237 1668 1331 1746 figura
1358 1668 1485 1749 parietis

136 1754 282 1817 illustrati
304 1753 503 1815 confundatur
536 1752 653 1832 quidem
677 1772 714 1813 ex
737 1753 833 1833 figura
857 1754 1006 1816 fenestrae
1031 1764 1062 1816 et
1089 1774 1284 1835 rerumquae
1308 1757 1381 1818 loris
1405 1768 1484 1831 snut,

135 1844 187 1906 sed
221 1851 326 1905 tamen
349 1862 416 1905 cum
450 1843 584 1903 fenestra
614 1850 874 1922 praesuppouatur
906 1844 1123 1922 angustissima
1152 1853 1289 1924 respectu
1322 1847 1485 1908 distantiae

136 1935 290 1996 fenestrae
314 1952 333 1992 a
355 1933 485 2013 pariete,
510 1931 663 1993 minimum
687 1931 723 1992 de
750 1932 845 2010 ligura
874 1933 1025 1994 fenestrae
1058 1933 1169 2013 figurae
1193 1953 1290 1995 rernm
1315 1936 1485 1998 consisten-

134 2024 208 2085 tium
223 2021 463 2102 permiscebitur.
501 2020 567 2081 Hoc
587 2020 682 2081 solum
702 2020 798 2082 deerit
817 2021 883 2083 huic
902 2023 1046 2101 picturae,
1071 2022 1165 2102 primo
1186 2021 1264 2104 quod
1283 2042 1338 2103 per
1359 2025 1485 2086 eandem

134 2122 257 2174 sextam
281 2129 330 2172 res
353 2110 542 2190 apparebunt
563 2110 645 2171 intus
668 2128 773 2171 everso
802 2110 882 2184 situ3
911 2111 1018 2173 deiude
1042 2112 1121 2192 quod
1145 2112 1284 2192 quicquid
1307 2112 1381 2174 foris
1404 2113 1487 2174 eadit

134 2203 216 2264 iutra
239 2200 429 2280 complexum
453 2199 518 2259 coni
543 2198 655 2259 vertice
680 2199 717 2260 ad
741 2199 885 2278 parictem
909 2200 1019 2261 stantis
1043 2207 1113 2261 eta
1142 2201 1285 2262 foramine
1309 2203 1487 2264 conformati

135 2310 187 2354 aen
211 2289 380 2363 constricti,
404 2288 468 2368 ejus
487 2288 530 2349 rei
553 2296 656 2367 partes
675 2288 704 2348 iu
723 2288 838 2367 pariete
863 2288 1044 2351 articulatim
1068 2289 1193 2369 exprimi
1216 2289 1374 2370 nequeant,
1400 2292 1485 2372 quic-

137 2379 205 2462 quid
229 2397 305 2442 rero
329 2377 449 2439 excedit
471 2397 527 2438 sua
551 2377 708 2439 latitudine
741 2378 926 2457 complexum
960 2378 1047 2458 hujus
1070 2380 1117 2440 sni
1140 2378 1220 2453 coni,
1245 2380 1383 2459 pingetur
1406 2380 1487 2442 intus

140 2489 196 2532 uas
218 2488 288 2531 curn
312 2468 374 2528 suis
397 2466 541 2546 partibus.
588 2466 754 2546 Propterea
778 2468 868 2527 etiam
892 2487 969 2547 quae
999 2468 1111 2529 directe
1135 2487 1189 2548 per
1219 2469 1351 2531 foramen
1375 2470 1485 2545 lucent,

140 2557 247 2621 clarius
274 2557 374 2619 lucent
397 2564 428 2617 et
451 2555 612 2618 confusiori
635 2565 705 2617 sunt
728 2556 836 2635 specie,
862 2557 933 2636 quia
956 2558 1121 2619 foramene
1143 2557 1256 2619 directo
1281 2558 1377 2624 laxius
1401 2568 1488 2639 patet

137 2668 226 2730 quam
242 2667 282 2707 ex
297 2645 428 2726 obliquo.
467 2643 529 2705 Sed
544 2663 638 2725 neque
654 2645 768 2706 colores
789 2645 914 2707 dcerunt
928 2646 995 2707 huic
1016 2646 1170 2726 picturae;
1196 2668 1263 2710 nam
1280 2646 1372 2726 (Cap.
1387 2648 1412 2722 Ι,
1428 2646 1487 2720 25)

136 2739 219 2801 luces
243 2736 398 2806 coloratae
430 2753 570 2797 cononum
595 2734 622 2794 in
648 2734 792 2795 foramine
826 2736 993 2796 coeuntium
1018 2755 1050 2796 se
1079 2745 1179 2797 mutuo
1204 2757 1260 2798 uon
1290 2738 1413 2799 turbant
1435 2745 1489 2798 ant

134 2825 315 2907 impediunt.
362 2824 403 2884 Et
426 2822 495 2903 quia
527 2822 698 2903 superficies
732 2823 802 2884 alba
834 2833 897 2897 est,
923 2825 952 2884 iu
977 2844 1065 2904 quam
1095 2825 1265 2887 bicolores
1298 2836 1487 2889 externarum

134 2934 237 2981 rerum
265 2914 405 2987 radiant,
438 2912 506 2973 ideo
531 2913 574 2983 (l,
599 2909 657 2984 29)
688 2922 774 2974 tauto
808 2913 912 2974 fortius
947 2913 1076 2994 excipiet
1104 2914 1157 2975 hos
1190 2915 1290 2977 radios
1319 2924 1350 2978 et
1377 2916 1487 2978 elarius

136 3022 286 3088 apparere
311 3002 395 3064 facit.
442 2999 576 3081 Cumque
609 3002 713 3062 clausa
736 3001 777 3063 sit
804 3021 926 3063 camera
953 3022 1007 3064 nec
1032 3002 1112 3065 Solis
1136 3023 1190 3065 uec
1219 3005 1312 3066 totius
1336 3005 1411 3067 coeli
1434 3025 1488 3066 seu

137 3096 240 3177 potius
265 3091 427 3154 albicantis
460 3090 539 3160 aeris
571 3090 647 3151 radii
672 3091 710 3151 ad
735 3091 854 3169 singula
885 3100 996 3171 puncta
1020 3093 1048 3154 in
1073 3091 1189 3172 pariete
1223 3095 1408 3167 colluceant,
1432 3094 1487 3156 sed

138 3183 294 3266 quaelibet
317 3182 426 3243 saltem
450 3179 598 3259 particula
621 3179 659 3240 ad
682 3187 825 3259 punctum
854 3180 911 3241 sibi
935 3182 1112 3262 oppositum,
1137 3181 1204 3244 ideo
1227 3202 1281 3263 per
1304 3181 1355 3245 27.
1379 3194 1410 3245 et
1434 3181 1484 3247 29.

137 3272 214 3354 Cap.
231 3274 258 3334 Ι.
283 3288 460 3332 conversam
474 3287 580 3329 seusus
601 3268 785 3330 internoscat
801 3270 882 3330 luces
897 3270 1041 3350 singulas,
1067 3272 1135 3352 quia
1154 3273 1243 3351 plane
1259 3291 1316 3335 non
1331 3274 1487 3352 tinguntur

137 3361 275 3426 fortiori:
309 3359 486 3440 praesertim
510 3357 580 3437 quia
602 3359 733 3436 parietes
766 3367 884 3420 ceteros
918 3360 1020 3439 nigros
1049 3360 1245 3434 faciebamus,
1276 3381 1312 3422 ne
1343 3362 1485 3423 illustrati

138 3451 321 3533 aprimitus
350 3448 503 3510 illustrato
535 3447 650 3526 pariete
675 3446 762 3520 albo,
795 3447 820 3508 si
845 3447 901 3527 ipsi
933 3468 1048 3529 quoque
1073 3450 1133 3510 albi
1157 3460 1276 3523 esseut,
1302 3470 1355 3531 per
1376 3451 1407 3524 Ι,
1434 3447 1486 3513 29.

139 3544 354 3612 clarescerent,
375 3545 405 3598 et
421 3535 551 3597 vicissim
566 3536 711 3616 parietem
730 3538 1034 3617 repraesentatorium
1055 3537 1242 3600 illustrarent
1256 3540 1356 3619 sicque
1372 3540 1411 3612 (Ι,
1428 3537 1487 3612 27)

139 3629 358 3694 confunderent
390 3627 505 3688 colores
535 3625 572 3685 ab
605 3634 691 3686 extra
722 3626 888 3688 venientes.
937 3625 1025 3697 Quod
1057 3627 1113 3687 nisi
1147 3628 1337 3688 clauderetur
1369 3647 1488 3690 camera

138 3730 199 3782 tam
225 3728 321 3792 arcte,
347 3715 483 3796 quamvis
506 3714 611 3776 infiniti
627 3723 698 3775 sunt
721 3715 847 3776 colorati
871 3715 947 3776 radii
966 3716 994 3776 in
1015 3715 1148 3796 quolibet
1170 3716 1285 3796 pariete
1309 3716 1401 3778 etiam
1424 3718 1487 3778 siue

140 3808 318 3874 formatione
353 3802 522 3878 foraminis,
560 3812 658 3864 tamen
693 3812 816 3887 propter
845 3804 1053 3866 claritudinem
1087 3806 1145 3866 diei
1174 3807 1217 3879 (Ι,
1243 3803 1301 3878 28)
1326 3806 1406 3868 cerui
1430 3826 1487 3868 non

140 3898 270 3979 possint.
316 3895 359 3957 m
389 3894 459 3974 quia
491 3900 607 3954 mutata
640 3896 734 3970 ligura
765 3893 976 3973 hemisphaerii
1011 3894 1137 3956 lucentis
1175 3896 1242 3974 ipsa
1280 3915 1394 3977 quoque
1425 3897 1488 3976 ejus

141 3989 239 4067 imago
263 3992 396 4047 mutatur
419 3983 447 4043 iu
471 3982 605 4062 pariete:
637 4002 685 4042 res
715 4001 783 4043 vero
815 4002 890 4062 quae
920 3992 1080 4061 geruntur,
1104 3985 1134 4045 id
1158 3997 1205 4046 est
1233 3994 1346 4059 motus,
1382 3985 1489 4048 faciem

142 4073 355 4156 hemisphaerii
387 4072 512 4133 subinde
544 4079 679 4132 mutent:
713 4090 785 4151 ergo
814 4080 844 4131 et
873 4073 971 4151 imago
1002 4072 1082 4137 intus
1115 4074 1299 4136 mutabitur:
1333 4075 1434 4154 itaque
1459 4083 1490 4137 et

143 4185 239 4229 rerum
265 4163 480 4226 forinsecarum
504 4168 601 4221 motus
625 4161 704 4220 intus
729 4171 798 4221 suut
822 4162 982 4239 conspicui.

230 4255 329 4317 Deest
352 4261 453 4314 tanmu
469 4259 500 4310 et
520 4250 575 4310 hoc
593 4251 622 4311 in
638 4250 785 4310 coloribus
807 4252 1080 4330 repraesentandis,
1098 4252 1175 4331 quod
1197 4252 1235 4324 (Ι,
1252 4250 1303 4316 29.
1320 4250 1371 4316 30.
1388 4259 1489 4325 conc.)

145 4345 318 4409 discrimina
340 4341 473 4403 colomm
488 4339 525 4400 ob
550 4339 756 4410 claritudinem
781 4339 913 4399 alborum
930 4340 958 4399 in
979 4341 1078 4401 albam
1102 4342 1288 4419 superficiem
1312 4342 1490 4403 radiantium

146 4456 199 4496 uon
225 4434 302 4495 bene
326 4431 484 4509 capiuntur
508 4428 615 4496 oculis,
645 4437 676 4488 et
709 4429 857 4504 nigrorum
882 4429 999 4508 quidem
1033 4430 1216 4491 radiationes
1241 4449 1298 4490 uon
1323 4431 1411 4492 aliter
1434 4431 1491 4493 uisi

145 4528 198 4586 sub
231 4521 403 4585 umbrarum
436 4518 562 4579 ratione.
618 4515 705 4586 Quod
739 4518 763 4576 si
798 4517 962 4595 superficiei
996 4520 1124 4580 colorem
1159 4518 1233 4579 velis
1266 4529 1399 4592 mutare,
1427 4522 1491 4600 janu

145 4613 289 4677 distincta
313 4609 430 4691 quidem
456 4607 602 4667 efficietur
629 4606 760 4666 colorum
789 4606 918 4667 radiatio
943 4608 981 4680 (Ι,
1007 4606 1064 4681 30)
1089 4609 1142 4669 sed
1172 4618 1369 4687 conspurcata
1393 4611 1492 4671 colore

146 4701 294 4766 communi
319 4696 483 4778 superficiei
507 4695 587 4757 illius
611 4704 641 4755 et
666 4695 741 4755 adeo
765 4694 932 4767 imbecillis,
958 4704 990 4755 ut
1015 4697 1064 4757 vix
1087 4698 1180 4759 oculis
1205 4697 1350 4777 capiatur.

231 4789 402 4855 Addeudae
426 4793 551 4846 suntet
580 4784 636 4844 hae
665 4784 820 4844 cautelae:
854 4784 979 4863 primum
1002 4786 1028 4846 si
1053 4787 1183 4847 foramen
1213 4786 1255 4847 sit
1283 4788 1371 4849 nimis
1395 4796 1493 4863 tenue,

147 4883 289 4945 distincte
322 4876 496 4960 quidemst
528 4872 662 4934 minutim
695 4892 744 4933 res
777 4873 954 4952 pingantur,
987 4876 1040 4936 sed
1072 4875 1195 4954 perinde
1230 4884 1318 4957 atque
1352 4877 1496 4939 minutula

147 4971 296 5052 scriptura
319 4989 339 5031 a
362 4965 426 5028 visu
451 4964 541 5026 debili
564 4962 621 5041 legi
646 4960 806 5023 difficulter
829 4971 949 5041 potest,
975 4964 1018 5025 ita
1037 4964 1114 5026 oculi
1129 4964 1175 5026 hic
1199 4983 1315 5046 quoque
1338 4967 1496 5048 speciebus

149 5060 176 5121 in
200 5057 372 5122 clarissima
395 5053 455 5116 diei
478 5053 543 5115 luce
568 5051 640 5114 visis
665 5050 769 5112 imbuti
802 5050 969 5114 diutissime
993 5072 1067 5115 sane
1095 5055 1250 5116 cohllnudi
1275 5068 1377 5131 errrut,
1402 5058 1496 5122 donec

200 5160 428 5218 ιεμητομιιιι.
1257 5163 1284 5220 tl
