3692 5842
238 479 303 547 722
718 476 757 528 Da
776 475 855 528 Stella
871 474 946 527 Nora
961 473 1112 542 &manuni

243 659 320 744 quod
345 666 393 721 est
415 658 494 721 inter
516 664 619 719 cetera
641 655 795 717 attrahere
818 654 992 716 alimentum
1012 661 1042 715 et
1061 655 1215 717 materiam
1236 656 1349 737 pluviis
1373 665 1407 718 et
1424 656 1598 720 llumiuiour

245 756 276 812 et
296 748 322 809 si
342 748 445 827 placet
464 747 556 809 etiam
579 764 772 825 concoquere.
809 745 898 806 Anne
922 743 1021 823 igitur,
1046 752 1255 825 praeterquam
1279 763 1345 808 cum
1367 755 1440 809 suut
1459 757 1598 808 cornetae

241 848 273 901 et
296 838 440 916 eclipses,
469 836 607 897 contiuuo
637 835 753 896 ferveat
777 852 850 912 opus
875 833 1067 894 attractionis
1100 835 1361 915 concoctionisque
1385 836 1547 897 humorum
1570 836 1597 896 iu

238 927 382 990 Tellure?
412 926 460 987 Au
485 934 557 986 suut
580 924 671 984 etiam
695 923 743 983 hic
772 941 881 982 causae
911 909 1155 995 dxstimulantes,
1186 925 1290 1003 quibus
1319 925 1474 985 interdurn
1501 924 1596 987 terror

239 1017 297 1078 iste
321 1015 456 1077 redditur
479 1012 600 1075 acrior?
623 1012 754 1073 Nescio:
779 1010 837 1072 nisi
862 1011 940 1091 quod
959 1010 1024 1088 jam
1045 1017 1094 1071 sat
1117 1012 1300 1075 celebratum
1319 1023 1372 1075 est
1391 1013 1475 1075 iuter
1495 1023 1594 1075 astro·

239 1105 335 1186 logos,
360 1111 432 1185 post
453 1121 580 1181 magnas
604 1101 829 1178 conjunctiones
848 1100 933 1179 aequi
958 1100 1072 1161 fertiles
1092 1120 1196 1163 anuos.
1232 1103 1298 1164 Hoc
1317 1102 1345 1163 ai
1366 1120 1484 1174 verum,
1511 1103 1596 1181 igitur

239 1194 406 1273 coniunctio
430 1191 616 1272 superiorum
639 1191 829 1270 planetarum
853 1188 1021 1250 stimulabit
1039 1188 1188 1251 Tellurem
1211 1192 1247 1251 ad
1271 1191 1482 1252 attrahendas
1506 1211 1595 1272 aquas

239 1281 372 1346 marinas
392 1280 568 1360 juvabitque
588 1281 654 1358 eJus
673 1277 907 1340 concoctionem.
945 1277 1022 1338 Huic
1042 1278 1176 1357 dogmati
1195 1280 1251 1341 duo
1276 1281 1429 1342 accedunt
1453 1281 1596 1360 sutfragia

240 1392 257 1434 e
276 1391 308 1433 re
331 1370 501 1452 praesenti:
526 1368 650 1449 primum
675 1368 751 1447 quod
777 1366 891 1428 fertiles
911 1366 980 1427 anui
1003 1386 1057 1449 per
1070 1367 1127 1429 Dei
1150 1369 1276 1445 gratiam
1300 1370 1400 1431 secuti
1425 1379 1504 1431 sunt
1526 1389 1594 1431 cou-

237 1460 425 1543 junctionem
449 1478 588 1538 magnam
612 1457 681 1518 anni
709 1452 801 1518 1603.
827 1455 984 1516 Decembri
1017 1473 1118 1516 mense
1151 1457 1281 1530 factam:
1313 1467 1347 1519 et
1379 1458 1441 1519 vini
1480 1459 1594 1539 quiden

240 1548 343 1612 vilitas
368 1548 405 1609 nd
425 1548 546 1610 Nicrum
571 1547 676 1608 eadem
700 1564 787 1626 pene,
812 1563 888 1624 quae
912 1540 1424 1627 annis1584,1585.p0srrrtam
1449 1549 1592 1627 conjunc·

241 1639 350 1700 tiouem
379 1637 407 1697 iu
432 1634 590 1697 Piscibus:
623 1635 681 1695 uisi
714 1641 856 1714 quantum
888 1634 955 1712 ipsa
986 1633 1113 1711 pecunia
1140 1634 1169 1696 iu
1202 1635 1265 1695 dies
1297 1635 1395 1697 vilior.
1444 1638 1593 1699 Alterum.

242 1727 320 1810 quod
345 1735 377 1788 et
398 1726 480 1804 prior
502 1724 597 1785 hiems
619 1730 689 1802 post
713 1731 884 1784 autumnum
908 1722 979 1784 anui
1007 1717 1100 1792 1603.
1124 1727 1155 1783 et
1177 1724 1251 1785 haec
1274 1725 1359 1804 ipsa,
1385 1743 1448 1806 qua
1473 1727 1514 1787 de
1537 1735 1593 1786 tau

241 1817 338 1879 multa
370 1814 513 1887 diximus,
547 1813 681 1873 ostendit
708 1812 831 1873 Terram
862 1811 1033 1873 humoribus
1066 1811 1157 1873 luisse
1189 1814 1476 1892 turgentissimam;
1510 1825 1595 1875 antea

242 1905 334 1987 igitur
356 1905 412 1964 hoc
438 1910 553 1964 tantum
577 1901 709 1964 humoris
737 1901 894 1973 hauserat,
927 1908 1019 1960 autea
1040 1918 1111 1962 vero
1136 1910 1170 1964 et
1190 1903 1361 1982 conjunctio
1394 1923 1514 1983 magna
1535 1905 1594 1965 fuit.

242 1996 350 2074 Itaque
374 1993 449 2054 baec
472 1987 641 2070 conjunctio
666 1990 778 2051 Telluri
802 1989 939 2049 stimulus
963 1988 1001 2049 ad
1024 1989 1217 2051 hauriendum
1248 1991 1340 2052 fuisse
1372 1994 1459 2054 credi
1484 2001 1592 2072 potest.

243 2084 340 2146 iidem
364 2080 455 2161 igitur
478 2079 590 2142 stimuli
614 2080 651 2140 ad
675 2078 868 2139 hauriendum
894 2084 924 2138 et
948 2077 986 2137 ad
1010 2080 1248 2140 excernendum?
1281 2080 1409 2154 Nescio,
1437 2082 1499 2143 nisi
1523 2082 1595 2162 quod

243 2169 334 2234 etiam
357 2169 386 2231 in
412 2169 564 2230 animante
597 2168 674 2228 idem
707 2175 855 2245 cognatae
887 2165 1050 2227 animantia
1080 2176 1221 2247 aspectus
1248 2177 1279 2229 et
1306 2168 1434 2249 gignere
1469 2171 1597 2231 creditur

242 2261 396 2324 humorem
419 2257 582 2338 genitalem
608 2266 639 2317 et
661 2256 809 2317 interdurn
838 2273 1008 2317 excernere.
1056 2254 1142 2326 Quae
1171 2255 1334 2319 similitudo
1359 2259 1385 2320 si
1410 2260 1595 2328 conceditur,

245 2347 470 2411 distinctionem
486 2347 577 2408 etiam
603 2344 810 2405 adhibebimus
828 2344 916 2417 hanc,
941 2343 1017 2423 quod
1032 2352 1065 2405 ut
1079 2345 1108 2405 iu
1129 2346 1328 2408 animantibus
1343 2349 1447 2410 coctio
1467 2349 1595 2412 humoris

243 2436 387 2519 temporis
410 2436 502 2497 habet
526 2434 723 2507 latitudinem,
749 2433 881 2493 excretio
905 2441 1114 2494 momentanea
1137 2443 1193 2510 est,
1218 2436 1262 2497 sic
1287 2436 1317 2498 iu
1332 2437 1460 2499 Tellure
1484 2456 1596 2518 quoque

245 2546 338 2589 causa
361 2524 520 2586 stimulans
544 2524 581 2584 ad
612 2522 822 2584 attrahendum
846 2530 877 2581 et
900 2521 1093 2583 hauriendum
1119 2533 1150 2585 et
1167 2526 1351 2604 coquendum
1374 2527 1526 2607 prolixior
1548 2526 1595 2597 sit

246 2635 339 2679 causa
362 2614 537 2675 stimulante
561 2613 599 2673 ad
623 2611 849 2672 excernendum.
887 2612 935 2671 Ac
959 2629 1023 2670 cum
1046 2621 1189 2691 aspectus
1213 2614 1343 2675 delinitio
1368 2635 1388 2675 a
1406 2615 1596 2695 praecisione

245 2725 360 2767 summa
383 2704 527 2782 pendeat,
557 2721 634 2783 quae
663 2710 873 2761 momentanea
896 2708 963 2760 est:
992 2700 1162 2778 conjunctio
1191 2702 1283 2781 igitur
1305 2722 1359 2763 seu
1388 2704 1598 2785 propinquitas

245 2793 369 2858 Saturni
393 2802 424 2854 et
446 2792 550 2864 Jovis,
575 2809 633 2851 non
657 2798 691 2850 ut
714 2797 865 2867 aspectus,
894 2789 949 2848 sed
972 2790 1148 2867 generaliori
1181 2792 1316 2858 ratione,
1345 2805 1476 2872 propter
1505 2795 1597 2873 ipsam

245 2883 362 2945 scilicet
385 2880 636 2962 propinquitatem
661 2878 811 2948 luminum,
836 2877 1104 2941 diceturstimulus
1119 2878 1229 2942 Telluri
1254 2881 1353 2942 factus
1377 2883 1416 2941 ad
1439 2883 1597 2942 attraben-

247 2973 326 3044 dum,
351 2971 446 3048 etita
470 2988 562 3030 causa
586 2969 634 3030 diu
655 2967 780 3027 durante
804 2968 929 3029 effectus
953 2984 1068 3044 quoque
1092 2968 1255 3030 diuturnior
1274 2988 1341 3030 esse
1367 2970 1481 3049 possit.
1515 2971 1599 3032 nova

247 3061 338 3123 stella
356 3078 422 3120 cum
442 3078 476 3118 eo
492 3058 558 3138 ipso
582 3066 714 3135 tempore
736 3054 825 3115 luerit
839 3064 915 3125 orta,
941 3074 997 3135 quo
1013 3055 1057 3116 sic
1072 3056 1235 3118 exuberare
1259 3058 1448 3137 incipiebant
1469 3059 1598 3120 latentes

247 3152 358 3211 Terrae
383 3149 479 3220 sinus,
508 3147 601 3223 igitur
624 3153 782 3223 postquam
804 3143 937 3223 planetis
961 3145 1104 3217 accessit,
1139 3146 1290 3215 stimulum
1313 3148 1392 3207 huuc
1428 3149 1599 3209 attrahendi

249 3238 335 3300 auxit
357 3256 482 3317 earuque
507 3236 718 3296 attractionem
738 3233 935 3304 continuavit,
959 3241 991 3293 ut
1012 3250 1069 3293 non
1090 3235 1150 3294 cito
1175 3235 1323 3296 exhauriri
1348 3236 1461 3298 humor
1477 3238 1600 3298 Telluri<

246 3335 360 3409 posset.
402 3326 524 3386 Interim
545 3324 660 3405 quoties
679 3321 810 3400 planetis
835 3320 1084 3399 configurabatur,
1110 3323 1260 3385 stimulum
1284 3325 1447 3403 expultrici
1465 3327 1599 3388 facultati

249 3416 342 3488 dedit,
368 3425 457 3494 atque
482 3414 526 3474 ita
550 3412 685 3491 utrinque
710 3419 835 3489 operata
857 3410 937 3470 credi
962 3419 1073 3489 potest.

338 3506 439 3584 Atque
463 3502 539 3564 haec
563 3503 598 3560 de
623 3500 754 3579 generali
781 3500 832 3559 illa
856 3499 999 3559 facultate
1024 3499 1103 3579 globi
1119 3500 1246 3562 Telluris
1270 3501 1396 3581 ejusque
1415 3521 1475 3582 per
1499 3523 1600 3564 novam

252 3596 371 3658 stellam
396 3592 612 3654 commotione:
643 3589 774 3650 dicamus
799 3589 889 3648 etde
913 3587 1107 3650 ceteris:·et
1130 3590 1230 3651 missis
1258 3590 1404 3669 stirpibus
1436 3595 1601 3671 ceterisque

252 3682 464 3753 animantibus,
489 3698 610 3759 quorum
635 3698 725 3756 opera
749 3687 819 3739 suut
841 3677 1023 3748 obscuriora,
1047 3678 1200 3738 veniamus
1220 3679 1257 3740 ad
1275 3682 1443 3761 principem
1469 3683 1601 3742 animan-

252 3773 335 3846 tium,
360 3768 551 3831 homiuem.
598 3768 716 3846 Duplex
741 3776 840 3827 auteru
865 3774 913 3825 est
937 3765 1062 3826 hominis
1092 3768 1307 3842 consideratio,
1335 3771 1436 3848 prima
1462 3780 1498 3832 ut
1520 3791 1602 3832 crea·

251 3870 337 3922 turae
361 3857 528 3928 rationalis,
552 3857 648 3918 altera
671 3865 704 3916 ut
727 3876 764 3915 ea
788 3855 933 3917 facrrltate
957 3856 1087 3916 naturali
1111 3857 1250 3935 praediti,
1274 3877 1350 3937 quae
1377 3869 1427 3919 est
1452 3861 1499 3919 illi
1523 3880 1602 3920 coru·

252 3949 349 4011 munis
374 3947 527 4023 cumipse
552 3946 640 4023 globo
664 3946 807 4015 Telluris,
835 3942 1018 4023 percipiendi
1047 3945 1193 4005 coelestia
1216 3945 1292 4006 citra
1316 3947 1508 4014 discursum.
1533 3951 1603 4009 citra

253 4037 431 4105 doctrinam,
456 4035 532 4094 citra
550 4036 724 4112 protectum,
749 4033 826 4093 citra
845 4034 939 4112 ipsam
964 4033 1039 4094 adeo
1055 4034 1100 4094 sui
1117 4034 1209 4112 ipsius
1234 4035 1451 4114 cognitionem.
1490 4038 1604 4099 Dictum

253 4126 330 4186 euim
355 4134 404 4186 est
426 4142 516 4200 supra
539 4122 637 4204 capite
661 4122 701 4193 Χ,
727 4141 878 4183 commune
903 4122 958 4180 hoc
983 4140 1049 4181 esse
1078 4141 1167 4183 cervo
1196 4141 1261 4183 cum
1285 4125 1447 4186 Actaeone
1473 4141 1507 4186 et
1530 4127 1603 4187 Mel·

253 4214 358 4287 tbaeo,
391 4231 456 4272 curn
479 4211 652 4271 Ptolemaeo
683 4230 806 4290 cumque
830 4210 1027 4282 Aristoxeno,
1061 4220 1095 4273 ut
1122 4211 1160 4271 ab
1191 4232 1228 4272 ea
1259 4211 1377 4273 ratione
1409 4217 1604 4292 geometrica

256 4301 384 4382 quaein
410 4300 531 4359 vocibus
555 4311 602 4360 est
626 4308 656 4359 et
675 4299 702 4359 iu
723 4300 777 4360 hoc
802 4299 937 4377 subjecto
961 4298 1134 4360 harmonica
1157 4300 1273 4367 dicitur,
1299 4302 1436 4364 suaviter
1462 4306 1605 4365 afficiatur

256 4391 443 4458 assecuturus,
476 4389 610 4466 quamvis
642 4389 704 4466 ipse
738 4390 869 4466 ignoret,
898 4387 928 4447 id
952 4388 1027 4466 quod
1058 4387 1153 4467 ipsum
1184 4390 1277 4450 allicit
1301 4410 1364 4452 rem
1389 4411 1463 4452 esse
1489 4412 1605 4473 geome-

255 4480 373 4552 tricam,
398 4495 452 4537 nec
476 4495 603 4554 uuquam
627 4475 765 4536 didicerit
787 4476 980 4555 geometriam
1006 4496 1059 4536 uec
1081 4477 1196 4538 discere
1219 4480 1325 4559 possit.
1366 4480 1497 4543 Dictum
1522 4483 1606 4542 etiarn

258 4576 314 4636 est,
339 4568 367 4626 in
391 4564 482 4627 radiis
506 4566 693 4642 planetarum
719 4566 815 4626 inesse
840 4566 963 4625 eandem
988 4566 1148 4640 rationem,
1178 4587 1252 4647 quae
1276 4568 1306 4628 iu
1330 4570 1482 4640 vocibus,
1518 4589 1607 4650 eaque

259 4656 396 4716 similiter
418 4653 596 4714 commoveri
620 4656 743 4714 allectus
768 4661 797 4714 et
822 4655 846 4714 si
871 4654 939 4733 quid
964 4664 1012 4713 est¹
1036 4655 1063 4713 iu
1079 4655 1206 4717 hominis
1231 4658 1328 4718 auimo
1353 4662 1512 4724 naturale.
1537 4660 1607 4740 quod

259 4742 440 4804 Aristotcles
474 4742 589 4801 brutum
615 4752 646 4800 et
669 4745 794 4803 mortale
827 4742 1044 4821 pronunciavit.
1092 4744 1150 4803 Pro
1181 4747 1307 4807 dirersis
1338 4747 1388 4809 his
1421 4752 1607 4831 respectibus

259 4832 384 4891 hominis
417 4830 558 4889 distincte
592 4832 682 4890 etiam
715 4832 885 4909 pronuncio.
934 4832 979 4892 Ac
1008 4833 1101 4910 primo
1131 4833 1166 4893 de
1196 4837 1261 4915 ipsa
1292 4838 1432 4910 ratione,
1470 4862 1530 4918 qua
1560 4858 1608 4898 uus

261 4919 387 4981 Creator
410 4919 540 4996 optimus
565 4919 601 4977 ad
626 4920 669 4977 sui
695 4921 917 4981 similitudinem
946 4920 1115 4999 impertitus
1144 4932 1210 4994 est,
1243 4945 1375 4985 resnou
1408 4943 1481 4992 eust
1517 4931 1608 5005 expls-

261 5005 388 5079 catione,
413 5007 580 5066 mortalium
606 5008 719 5067 animos
743 5010 934 5069 vehementer
958 5012 1049 5069 lesisse
1073 5021 1285 5074 consternatos
1308 5016 1346 5074 arl
1369 5018 1505 5094 primum
1531 5021 1609 5094 huju
