3692 5842
351 443 393 510 54
771 446 871 498 Liberae
890 447 992 511 Kepieri
1011 447 1160 512 aliorumque
1179 454 1279 496 mutuae

351 627 451 675 visibilis
461 625 522 674 duos
535 625 625 682 radios,
640 625 701 675 duas
721 627 817 690 species
837 626 874 677 rel
888 627 969 689 plures
990 644 1038 676 uno
1053 629 1123 678 oculo
1143 630 1218 692 recipi
1231 634 1257 678 et
1269 629 1354 677 scirtiri
1367 624 1447 676 simul.
1483 623 1571 687 h'cqne
1583 623 1633 672 hoc
1645 637 1664 672 a
1675 623 1713 673 'l'a

352 698 545 747 demonstratum
559 705 626 761 puto,
647 711 703 753 uec,
727 698 773 746 nisi
793 698 840 746 duo
853 713 948 763 organa
970 700 1059 751 risoria
1080 700 1113 748 ibi
1130 700 1261 763 tingamus,
1280 699 1305 748 id
1327 700 1379 748 heri
1399 710 1469 760 posse
1483 696 1543 744 mihi
1564 709 1713 759 postumus

350 768 439 818 habeo.
478 767 549 827 Quod
562 783 618 817 rero
632 770 708 817 etiam
722 771 809 832 capitis
823 772 955 819 motionem
968 772 1090 834 proponis,
1109 772 1191 827 miror,
1211 786 1267 820 cum
1279 770 1342 819 haec
1355 769 1415 819 nihil
1429 767 1541 816 conterat
1559 765 1592 815 ad
1606 765 1711 815 locatio·

353 854 409 889 nem
421 841 544 903 imaginis,
564 840 608 889 sed
622 839 654 888 ad
672 838 718 888 loci
733 840 943 902 dijudicationem,
967 856 1030 904 quac
1045 849 1083 891 est
1090 857 1150 904 opus
1163 842 1274 891 rationis.
1312 841 1357 890 Est
1371 846 1455 890 autem
1470 837 1537 886 aliud
1549 838 1635 886 locare
1648 837 1711 887 ima·

353 913 444 976 gincrm
467 911 534 960 aliud
557 911 638 959 locum
656 917 682 959 et
701 913 774 959 situm
789 915 841 974 ejus
865 915 998 961 aestimare
1012 913 1204 976 distantiamque
1224 920 1309 962 mente
1328 913 1416 961 metiri.
1455 909 1495 957 Ad
1513 908 1560 958 hoc
1579 923 1632 956 nou
1646 923 1712 973 nego

353 983 465 1033 conierre
485 982 631 1032 dualitatem
654 982 779 1031 oculorum
795 990 821 1031 et
843 985 931 1046 capitis
944 993 1033 1043 motus,
1055 985 1088 1033 ad
1107 984 1166 1032 illud
1179 999 1234 1033 vero
1248 984 1315 1032 nibil.
1354 983 1456 1045 insuper
1475 982 1528 1043 ipse
1548 993 1624 1029 casam
1644 979 1712 1029 a'l'e

353 1051 419 1116 (cap.
433 1051 481 1107 111.
496 1051 519 1099 2.
533 1067 601 1117 prop.
619 1051 660 1113 tu)
673 1056 810 1116 propositus
823 1056 974 1103 sententiam
989 1061 1058 1104 tuam
1071 1056 1101 1104 de
1115 1070 1233 1104 concursu
1247 1055 1413 1104 metatricinm
1426 1053 1521 1101 evertit.
1547 1050 1616 1100 liam
1628 1051 1713 1116 imago

352 1125 376 1173 in
389 1124 434 1173 tali
447 1125 572 1173 oculorum
584 1126 633 1172 situ
646 1140 695 1172 uon
706 1132 809 1186 apparet
822 1127 898 1174 unica
911 1125 986 1188 (quod
1005 1129 1102 1176 omnino
1116 1129 1260 1191 contingere
1274 1133 1404 1189 oporteret,
1419 1125 1439 1172 si
1452 1126 1505 1185 ejus
1519 1123 1587 1171 locus
1607 1129 1676 1172 esset
1686 1123 1713 1171 iu

352 1201 444 1259 puncto
464 1209 595 1245 concursus
609 1194 635 1244 S.
653 1195 695 1258 lig.
711 1192 770 1254 5³),
788 1196 831 1245 sed
854 1199 962 1260 gemina.
1001 1196 1073 1257 Quod
1095 1198 1221 1260 explorare
1245 1197 1311 1250 licet.
1334 1198 1354 1245 si
1377 1196 1430 1260 quis
1449 1194 1520 1243 oculo
1542 1193 1561 1242 C
1580 1194 1712 1242 remotiora

353 1266 447 1324 clauso,
461 1266 565 1316 altemm
578 1267 602 1316 il
621 1267 720 1330 specrdo
740 1269 881 1317 viciniorem
903 1275 1014 1330 apertum
1033 1270 1133 1333 imagini
1154 1270 1281 1332 apparenti
1300 1267 1401 1316 firmiter
1412 1266 1514 1315 infixum
1532 1266 1710 1329 immotumque

353 1344 448 1394 teneat,
468 1337 556 1386 deinde
574 1339 678 1387 altemm
696 1337 826 1387 oculumC
844 1338 955 1388 clausum
972 1342 1062 1388 sensim
1081 1341 1183 1403 aperiat.
1228 1338 1269 1389 Sic
1291 1340 1356 1388 enim
1375 1337 1467 1387 ridebit
1485 1343 1585 1400 praeter
1605 1336 1710 1398 priorarn

353 1409 420 1457 illam
441 1423 530 1458 noram
552 1411 607 1457 oriri
629 1410 762 1473 imaginem
782 1411 807 1458 in
827 1409 880 1458 loco
903 1410 1059 1472 profundiore
1080 1411 1181 1473 speculi.
1219 1409 1290 1470 Quae
1313 1410 1465 1473 experientia
1487 1415 1555 1457 certo
1575 1407 1709 1460 convincit.

353 1480 428 1529 ruitis
450 1480 520 1529 oculo
540 1480 691 1543 peculiarem
713 1480 795 1529 offerri
817 1482 951 1544 imaginem
975 1490 1001 1531 et
1022 1484 1186 1530 imstraneum
1208 1496 1262 1531 esse
1280 1489 1349 1530 tuum
1367 1481 1534 1530 metatricinm
1553 1491 1707 1528 concursum.

353 1551 382 1599 ln
405 1563 513 1599 concavo
532 1551 632 1614 speculo
650 1550 713 1600 haec
732 1552 822 1601 clarius
840 1560 982 1601 cernuntur.
1020 1552 1137 1602 Lucentis
1151 1553 1238 1602 Lunae
1260 1552 1297 1601 rel
1315 1552 1431 1601 lucernae
1444 1549 1482 1599 rel
1496 1549 1598 1598 alterius
1611 1551 1647 1598 rei
1660 1549 1708 1599 eri·

353 1619 434 1671 dentis
448 1635 539 1685 quaere
552 1624 685 1686 imaginem
707 1623 732 1671 in
754 1623 883 1687 sphaerico
904 1637 1029 1673 concavo:
1053 1638 1091 1685 eo,
1113 1624 1133 1671 si
1151 1639 1226 1672 unum
1238 1629 1335 1672 tantum
1351 1623 1432 1686 aperis
1445 1621 1552 1676 oculum,
1566 1626 1606 1669 est
1618 1621 1708 1670 unica:

353 1693 390 1741 sin
415 1692 519 1742 alterum
538 1707 633 1757 qnoque
656 1694 745 1755 aperis,
768 1701 871 1758 apparet
893 1696 1000 1758 gemina,
1023 1695 1143 1743 dexterior
1155 1695 1251 1758 quidem
1264 1695 1369 1752 sinistro,
1391 1693 1528 1742 sinisterior
1541 1691 1710 1740 dexhoomio

353 1762 462 1821 offertur,
476 1764 514 1813 rel
528 1766 654 1813 evanescit
666 1779 695 1813 eo
709 1765 801 1814 clauso.
839 1765 886 1814 Ubi
908 1766 982 1829 igitur
1000 1765 1039 1815 hic
1053 1765 1093 1813 ille
1111 1766 1275 1814 metatricinm
1290 1763 1442 1814 concursus?
1478 1762 1536 1811 Noli
1557 1760 1618 1811 mihi
1630 1762 1710 1811 denno

353 1834 459 1897 objicere
482 1835 588 1899 pupillae
610 1834 778 1885 latitudinem:
801 1851 850 1884 non
869 1836 935 1884 enim
954 1837 1070 1895 concedo,
1093 1836 1125 1885 ab'
1145 1850 1197 1885 una
1218 1851 1243 1885 re
1264 1836 1350 1884 visibili
1372 1836 1433 1884 duas
1455 1835 1552 1897 species
1575 1833 1710 1883 unioculo

352 1905 458 1969 imprimi
474 1908 563 1956 ceteris
580 1907 687 1970 paribus,
710 1914 736 1956 et
751 1922 806 1957 curn
820 1908 908 1970 optiois
930 1909 1002 1956 unius
1015 1907 1148 1971 pyramidis
1161 1907 1275 1956 radiosao
1293 1922 1368 1956 unum
1380 1913 1477 1954 tantum
1491 1919 1565 1954 asem
1586 1920 1639 1953 non
1651 1905 1711 1954 duos

353 1983 444 2026 statuo.
481 1976 535 2027 Nec
549 1978 659 2042 estquod
672 1978 734 2028 iorte
747 1979 885 2041 suspiceris,
905 1979 1026 2044 imagines
1044 1979 1116 2027 modo
1129 1978 1209 2027 dictas
1222 1991 1341 2041 apparere
1354 1977 1452 2041 quidem
1473 1976 1518 2025 sed
1537 1989 1588 2024 non
1607 1975 1710 2025 locaras

352 2047 417 2097 Nam
440 2049 644 2112 quemadmodum
666 2049 735 2098 nulla
751 2051 834 2114 imago
850 2056 985 2112 spectatur,
1006 2064 1068 2113 quae
1087 2065 1135 2098 non
1154 2050 1185 2098 sit
1198 2056 1293 2113 quanta
1306 2055 1331 2097 et
1345 2050 1460 2114 figurata,
1483 2050 1519 2096 ita
1532 2047 1604 2097 nulla
1616 2061 1711 2112 quoque

354 2127 458 2183 apparet
471 2135 520 2169 non
530 2121 622 2176 locata,
643 2120 761 2183 siquidem
774 2120 838 2170 haec
851 2122 900 2169 tria
910 2122 1049 2169 necessario
1068 2128 1092 2169 et
1105 2121 1250 2170 naturaliter
1264 2121 1413 2169 comitantur
1424 2120 1569 2185 imaginem,
1591 2117 1711 2182 quemad·

352 2190 451 2240 modum
471 2191 631 2256 magnitudo,
663 2190 742 2255 figura
764 2200 790 2240 et
810 2193 879 2241 locus
901 2192 1099 2255 inreparabiliter
1118 2191 1256 2241 adhaerent
1276 2192 1311 2240 rei
1334 2191 1427 2240 risibili.
1465 2191 1536 2245 Scio,
1563 2204 1666 2240 sensum
1687 2197 1712 2238 et

353 2263 475 2311 rationem
496 2265 521 2311 in
540 2262 678 2324 judicanda
698 2263 832 2312 distantiae
851 2277 968 2311 mensura
987 2262 1059 2312 lacile
1076 2262 1164 2326 decipi,
1189 2262 1253 2326 quod
1275 2269 1303 2310 tn
1322 2262 1432 2325 exemplo
1446 2261 1654 2312 domunculamur
1669 2274 1712 2325 per

353 2333 476 2382 ioramina
494 2340 519 2382 et
540 2335 615 2382 rimas
635 2333 760 2383 salsarum
782 2336 953 2397 apparentium
975 2333 1087 2383 declaras
1108 2331 1142 2397 (p.
1158 2330 1213 2394 49).
1250 2335 1284 2381 At
1305 2332 1352 2383 hoc
1381 2333 1440 2384 nihil
1460 2330 1570 2383 detrahit
1592 2331 1711 2382 locationi

351 2403 480 2469 imaginis,
497 2406 571 2454 sicuti
585 2411 611 2454 et
624 2404 678 2454 loco
692 2404 779 2454 Lunae
794 2411 819 2454 et
829 2405 954 2454 stellamm
968 2405 1027 2453 nihil
1040 2405 1097 2454 inde
1110 2405 1255 2460 detrahitur,
1276 2406 1373 2454 etiamsi
1391 2406 1457 2454 risus
1470 2406 1535 2453 ratio
1545 2402 1713 2454 halinciuetur

352 2476 378 2524 in
398 2476 557 2525 aestimanda
576 2489 660 2525 earum
680 2476 808 2524 distantia.
847 2475 931 2532 llaec,
958 2478 990 2525 mi
1010 2476 1133 2539 Keplere,
1160 2477 1267 2525 candide
1285 2484 1313 2525 ut
1331 2478 1424 2533 sentio,
1452 2490 1501 2524 non
1522 2474 1711 2525 contradicendi

352 2545 435 2595 studio
455 2547 548 2610 scripsi,
578 2548 721 2612 exquibus,
750 2555 778 2596 ut
796 2549 890 2611 opinor,
916 2550 971 2611 ipse
990 2562 1120 2613 agnosces,
1144 2554 1213 2596 tuam
1231 2549 1382 2596 senteutiam
1412 2547 1443 2595 de
1461 2547 1633 2595 metatricinm
1653 2560 1710 2596 cuu-

353 2631 425 2668 cnrsn
454 2620 588 2668 consistere
612 2634 661 2667 non
681 2634 760 2682 posse.
797 2619 835 2668 Tu
860 2620 989 2683 posteriori
1013 2619 1130 2668 adscribis
1149 2618 1213 2683 quod
1237 2625 1275 2667 est
1293 2619 1386 2681 prioris,
1414 2617 1471 2668 dum
1491 2617 1610 2667 dualitati
1629 2618 1710 2668 oculo-

351 2704 405 2738 rum
425 2689 510 2738 tribuis
530 2689 635 2739 oiticium
655 2690 753 2739 locandi
773 2691 916 2755 imaginem,
943 2690 1007 2753 quod
1026 2691 1150 2739 reflexioni
1171 2690 1274 2740 debetur
1292 2703 1396 2753 eamque
1420 2689 1562 2738 necessario
1582 2689 1711 2754 consequi·

351 2768 409 2816 turs
429 2760 518 2810 deinde
538 2761 601 2811 oculi
622 2762 654 2810 ad
672 2762 789 2810 visionem
809 2777 835 2810 se
854 2761 948 2810 habent
966 2762 1063 2825 passive
1082 2777 1130 2809 non
1150 2762 1238 2815 active,
1260 2767 1286 2809 at
1304 2762 1438 2825 imaginem
1457 2760 1540 2809 locare
1560 2767 1601 2809 est
1620 2759 1712 2825 aliquid

354 2844 438 2896 agere,
459 2846 507 2880 non
526 2833 587 2895 pati.
623 2830 680 2882 lion
699 2838 765 2895 puto,
785 2849 825 2881 me
843 2832 891 2882 bac
910 2834 935 2881 in
957 2848 983 2881 re
1003 2847 1093 2889 errare,
1116 2838 1226 2881 attamen
1246 2833 1266 2879 si
1285 2831 1323 2879 rel
1344 2846 1360 2880 a
1378 2832 1413 2880 Te
1432 2833 1539 2880 monitus
1558 2831 1598 2881 vel
1617 2831 1713 2896 proprio

304 2917 306 2922 ·
352 2902 482 2951 ratiocinio
501 2901 622 2952 adductus
642 2917 746 2952 errorem
766 2903 873 2967 aliquem
892 2903 1084 2967 deprehendero,
1103 2911 1191 2965 sponte
1210 2903 1327 2954 desistam
1347 2910 1373 2951 et
1385 2903 1524 2958 veritatem,
1543 2915 1622 2968 qnam
1640 2904 1713 2952 unios

354 2979 454 3036 appoto,
475 2973 598 3022 sectabor.
635 2972 736 3022 Vitellio
755 2990 852 3023 rnecnm
871 2979 955 3032 sentit,
975 2977 1015 3040 qni
1033 2990 1106 3024 omne
1122 2977 1163 3035 jus
1182 2981 1207 3023 et
1224 2975 1352 3038 imperium
1365 2976 1391 3023 iu
1404 2974 1525 3039 imagines
1539 2976 1602 3024 risui
1616 2973 1711 3030 adimit,

352 3042 454 3108 quaudo
474 3045 499 3092 in
519 3045 672 3107 praelatione
692 3045 745 3093 iibri
764 3045 793 3094 X.
813 3046 910 3095 scribit:
938 3048 1031 3105 „risina
1049 3046 1156 3111 cognitio
1175 3047 1273 3111 signum
1292 3053 1338 3102 est,
1365 3057 1414 3094 uon
1435 3059 1520 3094 causa.
1560 3044 1620 3094 lion
1649 3047 1714 3095 enim

356 3115 416 3180 quia
435 3115 501 3163 risus
519 3117 555 3163 sio
574 3115 648 3172 ridet,
668 3116 723 3164 ideo
742 3118 776 3166 sic
797 3118 888 3166 accidit
907 3118 931 3165 in
951 3119 1032 3166 formis
1052 3132 1132 3166 rerum
1151 3117 1186 3167 sic
1205 3113 1344 3181 agentium:
1370 3115 1414 3167 sed
1432 3118 1491 3182 qnia
1508 3118 1546 3166 sic
1565 3125 1648 3183 agunt
1665 3116 1712 3167 ior·

351 3199 409 3235 urae
428 3185 566 3243 naturales,
587 3188 642 3237 ideo
661 3188 727 3252 ipsas
746 3188 781 3237 sic
801 3195 905 3254 agentes
923 3188 990 3237 ridet
1008 3189 1098 3236 risus“.

440 3275 643 3356 Keplcrus:
675 3276 813 3339 Arioriris
837 3297 935 3342 meam
960 3276 1161 3339 definitionem
1186 3278 1242 3338 loci
1276 3276 1425 3355 imaginis.
1473 3276 1556 3339 Nihil
1581 3276 1712 3358 trepido,

352 3366 481 3428 confisus
505 3365 634 3428 bonitati
663 3386 784 3428 causae.
831 3366 902 3428 riis:
938 3366 1084 3426 neminem
1117 3366 1281 3444 opticorum
1307 3366 1460 3439 docuisse,
1495 3365 1583 3427 nnius
1608 3365 1712 3446 puncti

352 3454 426 3516 duos
450 3453 551 3516 radios
582 3473 639 3516 uno
673 3456 757 3516 oculo
788 3456 897 3535 recipi,
937 3455 1157 3516 convincendus
1187 3474 1224 3515 ex
1247 3454 1401 3536 principiis
1427 3455 1556 3534 optices.
1603 3455 1712 3518 Nonne

352 3563 436 3605 omne
451 3551 592 3622 punctum
612 3544 754 3605 radiatio
772 3552 866 3605 totum
883 3543 1153 3622 licrrrisplraerinm?
1177 3543 1284 3606 Nonne
1301 3543 1429 3604 latitudo
1449 3543 1583 3623 pupillac
1597 3553 1713 3623 puncto

352 3633 395 3694 illi
419 3633 578 3713 oppositae
599 3640 647 3694 est
670 3652 740 3712 pars
765 3633 997 3712 hemisphaerii?
1042 3633 1147 3695 Nonne
1172 3643 1282 3711 puncta
1297 3632 1424 3710 alicujus
1448 3633 1618 3712 superficiei
1643 3645 1715 3695 sunt

354 3721 491 3784 infinita?
537 3722 645 3785 Nonne
662 3723 753 3800 igitur
768 3730 838 3782 sunt
861 3723 948 3784 unius
971 3722 1073 3801 puncti
1098 3722 1126 3782 in
1146 3721 1289 3802 pupillam
1304 3721 1441 3782 cadentis
1455 3721 1592 3783 infinitae
1607 3721 1714 3784 radia·

353 3811 469 3871 tiones?
515 3811 620 3890 ltaque
645 3831 703 3871 non
728 3820 790 3872 tam
816 3811 905 3871 facile
939 3811 1091 3871 concuties
1116 3830 1213 3872 meam
1244 3811 1425 3871 sententiam
1450 3810 1488 3870 de
1512 3810 1612 3872 officio
1638 3810 1713 3874 lati·

354 3898 468 3959 tndinis
492 3898 569 3959 oculi
594 3900 620 3959 in
646 3899 779 3960 notando
803 3899 958 3961 distantia.
1005 3900 1113 3973 Putas,
1147 3900 1185 3960 ad
1217 3900 1290 3959 diros
1321 3899 1423 3960 radios
1454 3899 1496 3961 rei
1525 3900 1614 3960 unius
1638 3917 1715 3982 opus

353 4005 420 4048 esso
446 3986 559 4049 dnobus
583 3989 720 4066 organis:
755 3989 864 4070 partim
887 3988 963 4049 bene
987 3988 1076 4061 dicis,
1109 3988 1220 4067 partim
1249 3988 1336 4049 male.
1384 3988 1466 4049 hlale
1491 3987 1520 4048 in
1545 4007 1597 4062 eo,
1632 3987 1715 4071 quod

353 4076 484 4156 speciem
508 4085 540 4137 ct
567 4078 681 4138 radium
707 4077 879 4152 conlundis;
904 4078 1005 4138 radius
1030 4085 1077 4137 cst
1099 4077 1215 4156 puncti,
1241 4078 1358 4156 specics
1374 4085 1497 4138 constat
1520 4095 1557 4137 es
1582 4077 1714 4158 singulis

353 4175 406 4227 ant
428 4164 507 4226 binis
523 4166 650 4226 omnium
667 4166 795 4227 risibilis
818 4176 995 4244 punctorum
1019 4167 1126 4238 radiis,
1153 4166 1210 4226 imo
1229 4185 1266 4226 ex
1286 4165 1469 4243 singulorum
1485 4165 1621 4240 infinitis,
1648 4185 1714 4240 san,

353 4261 387 4316 nt
410 4253 453 4315 ita
476 4254 589 4328 dicam,
620 4254 857 4333 superficialibus
877 4255 985 4328 radiis,
1021 4253 1070 4334 qni
1094 4262 1194 4315 tamon
1220 4256 1398 4316 refractione
1423 4255 1452 4316 in
1477 4273 1568 4318 uuum
1591 4256 1714 4320 resinae

353 4351 493 4422 punctum
517 4343 625 4422 singuli
650 4344 876 4405 contrahuntur.
924 4345 1007 4404 liene
1030 4362 1102 4404 vero
1126 4343 1214 4416 dicis,
1240 4352 1312 4423 quot
1335 4343 1410 4404 radii
1435 4364 1557 4406 sensum
1582 4363 1714 4410 mouen-

353 4443 400 4492 ies
425 4442 470 4493 tot
495 4451 562 4492 esse
586 4441 697 4512 puncta
722 4432 911 4494 instrumenti
936 4431 1072 4493 sensorii.
1120 4432 1199 4494 Nam
1227 4442 1260 4494 ut
1292 4432 1407 4511 pupilla
1437 4433 1516 4495 oculi
1540 4434 1714 4514 superficiei

353 4529 467 4600 partem
492 4530 628 4600 occupat,
655 4541 730 4601 qnae
755 4530 802 4581 est
826 4521 1006 4582 infinitorum
1021 4529 1207 4598 punctorum,
1231 4522 1273 4582 sic
1298 4523 1327 4583 in
1343 4530 1461 4584 essunt
1484 4522 1579 4585 etiam
1602 4523 1715 4588 intuiti

354 4609 443 4682 radii;
469 4619 500 4671 tu
525 4611 561 4671 de
586 4609 700 4671 duobus
725 4629 757 4669 es
781 4610 939 4670 sollicitus.
987 4606 1126 4679 Quassus
1149 4619 1180 4671 et
1203 4610 1363 4671 motionem
1383 4611 1508 4690 capitis,
1533 4630 1625 4692 quarn
1641 4631 1715 4676 auc-

353 4699 517 4761 centuriaii
543 4698 683 4762 dualitati
709 4698 875 4769 oculorum
901 4716 994 4774 negas
1019 4698 1118 4760 iacere
1142 4698 1180 4759 ad
1205 4699 1385 4761 locationem
1410 4699 1567 4778 imaginis,
1593 4703 1652 4764 sed
1673 4701 1715 4764 ad

354 4787 411 4848 loci
444 4787 699 4867 dijudicationem.
748 4787 810 4847 lrno
845 4786 900 4847 loci
934 4786 1107 4862 dijudicatio
1136 4798 1184 4848 est
1217 4788 1338 4848 locatio.
1385 4787 1566 4851 Locutionis
1599 4809 1716 4871 genera

354 4877 429 4936 duo:
467 4895 568 4952 unum,
603 4877 721 4956 quando
746 4876 782 4935 ad
808 4874 933 4954 primum
958 4874 1068 4937 uictura
1093 4876 1193 4956 aliqua
1217 4876 1356 4956 imaginis
1380 4876 1542 4939 collocatio
1564 4879 1712 4960 patescit,

354 4973 386 5024 nt
409 4983 461 5044 per
485 4966 559 5028 duos
584 4965 702 5039 oculos;
726 4965 838 5038 altera,
864 4962 982 5044 qnando
998 4972 1129 5045 tempore
1146 4984 1221 5045 opus
1241 4972 1289 5026 est
1311 4964 1350 5027 ad
1375 4964 1473 5030 locum
1496 4967 1713 5049 imagiuiaua·
