3692 5842
89 323 153 502 ι
586 472 675 566 itane
693 473 966 552 manuumque
982 477 1095 524 mnae
1129 466 1133 475 ·
1314 493 1317 497 -
1451 465 1517 538 735

145 641 207 714 'non
226 646 378 715 ‚Coponioh
405 650 450 702 sod
474 648 645 714 amendam)
674 656 701 704 st
726 651 775 717 qut·
795 650 928 726 ahqpaudo
946 650 991 702 tibi
1013 650 1144 703 videbatm
1167 646 1319 708 aarum,
1347 647 1442 700 inerint
1465 648 1517 702 bae

315 719 365 774 Sed
392 720 423 773 de
441 721 478 773 bis
503 722 575 774 alias.
613 722 686 773 (leste
712 723 792 774 multa
818 724 845 773 iu
871 730 963 774 namra
986 729 1062 781 aaut,
1089 723 1120 774 de
1145 722 1233 788 quibus
1259 735 1307 773 nac
1329 734 1374 772 uos
1401 735 1451 774 uso
1474 722 1517 774 alil

158 791 512 918 wfflffi'ssffiff
525 789 1114 931 441ξ7υῗ4144.444143441ρῧὲι404444444444414ή
1131 864 1224 919 literas.
1238 877 1303 932 quae
1316 877 1395 930 aeque
1408 876 1439 918 te
1452 863 1517 916 duee
1539 931 1543 936 Ι

159 936 255 1002 ,metm
267 932 411 1000 deperditae
429 942 496 993 aaut,
514 935 578 987 baec
596 936 690 987 habeam
705 937 755 988 huc
772 936 921 990 reserenda:
940 935 1047 987 Gallieni
1065 936 1192 1000 scriptam,
1211 935 1276 1001 quod
1293 935 1383 986 ltalloo
1400 934 1518 986 idiomate

151 1007 251 1069 dinsa
267 1005 353 1069 scribis
372 1005 500 1069 (istoriae
513 1006 701 1059 Dtuunauoni
719 1010 816 1061 latores
834 1008 883 1059 alle
901 1007 1015 1059 macchia
1033 1008 1107 1058 solari
1119 1003 1188 1069 aa).
1207 1014 1319 1073 optarem
1330 1005 1422 1057 Latine
1439 1007 1517 1058 etlam

154 1077 282 1146 petbus
301 1079 448 1144 praesertim
464 1079 524 1129 sliu
537 1094 567 1130 so
579 1085 608 1130 ut
623 1080 684 1131 dicis
702 1095 774 1131 omne
792 1080 877 1132 tolsait
893 1086 1023 1145 puuctum·
1050 1079 1129 1132 Doleo
1147 1085 1242 1137 uum,
1260 1078 1319 1129 mibi
1337 1075 1433 1128 auhn
1450 1080 1516 1142 slus·

153 1150 222 1202 modi
239 1149 377 1215 perlectum
394 1149 560 1216 perspicillmu
578 1151 720 1217 obtingere,
745 1167 793 1218 quo
811 1152 850 1204 rel
868 1167 960 1210 uuum,
988 1151 1080 1202 nedum
1097 1166 1183 1202 omnes
1200 1151 1268 1203 Josls
1295 1148 1416 1200 satsffltes
1435 1150 1518 1202 sidero

156 1221 275 1280 valeam
293 1222 425 1272 alsatiam
442 1228 620 1288 perneutrum
638 1237 747 1274 meorum
764 1223 957 1289 persploillcrum
970 1222 1094 1296 Venerem
1113 1223 1290 1274 corniculatam
1309 1220 1391 1272 ridere
1409 1236 1518 1286 possam

153 1293 217 1346 dost
231 1295 388 1357 amputante
406 1291 461 1356 slus
479 1307 594 1347 coeam
612 1293 737 1345 bellacum
755 1294 823 1345 coelo
841 1295 1014 1348 valdesassae
1032 1293 1117 1345 sedulo
1136 1307 1192 1346 eam
1204 1294 1293 1344 merim
1309 1294 1421 1343 mtultm
1449 1291 1516 1355 Quo

150 1367 209 1430 lam
223 1365 256 1418 la
268 1368 324 1415 ortu
340 1363 436 1416 beliaco
457 1364 567 1416 mmmm
583 1366 617 1415 alt
638 1367 740 1424 nescios
765 1365 888 1418 hactenus
910 1367 976 1416 atria
1002 1366 1163 1418 inclementis
1188 1365 1291 1416 obstitit
1337 1365 1395 1429 Ago
1419 1364 1516 1429 gratim
1551 1366 1556 1374 ⁴

155 1435 188 1492 ds
206 1435 374 1488 admonitione
392 1436 590 1488 obscurationem
608 1438 689 1503 magis
707 1438 891 1488 commodarum
909 1438 935 1487 iu
948 1437 1014 1489 Sole.
1040 1437 1144 1488 Dirscto
1161 1436 1232 1490 radio
1244 1435 1369 1488 hacteuus
1385 1434 1516 1501 aliqum·

99 1517 102 1522 ·
121 1521 125 1528 ·
152 1505 191 1568 lul
208 1519 275 1567 uns,
294 1507 393 1572 saepias
409 1513 495 1558 tamea
513 1504 556 1558 Sol
581 1509 661 1560 oriens
689 1510 767 1559 nimia
790 1509 905 1561 dentato
933 1508 1129 1560 observationem
1156 1508 1287 1574 probibult.
1323 1507 1364 1558 De
1390 1520 1434 1558 ors
1452 1503 1515 1558 Solis
1564 1565 1569 1576 ‚

153 1578 236 1632 halaa
252 1578 332 1644 '⁰⁸8¹'
349 1579 477 1644 magisque
495 1579 583 1635 mbos,
610 1587 667 1629 oum
684 1581 830 1645 praesbrtlm
855 1581 1006 1631 eminentiae
1025 1580 1150 1630 athletam
1168 1594 1214 1646 per
1232 1579 1328 1630 diversa
1350 1569 1516 1630 iustrumenta

153 1656 182 1703 et
200 1664 221 1722 a¹
234 1649 336 1700 damnis
352 1652 462 1713 personia
480 1650 539 1700 mihl
558 1651 690 1717 obtingant
712 1652 850 1716 pariterue
868 1652 968 1702 habero.
1004 1651 1072 1702 Num
1096 1652 1176 1717 igitur.
1194 1652 1234 1702 vel
1259 1652 1314 1701 vitri
1333 1647 1371 1698 rol
1389 1637 1515 1700 odblomm

129 1751 134 1760 ·
153 1721 215 1774 rltls
231 1720 261 1784 id
275 1720 329 1779 flat,
347 1737 397 1772 acu
409 1736 496 1785 pamm
515 1721 608 1774 dubito.
621 1747 657 1759 -
674 1722 746 1773 Haec
764 1722 920 1774 Mamilium.
945 1722 975 1774 lu
987 1723 1142 1787 praelatione
1160 1723 1194 1773 ad
1205 1720 1381 1788 Ephsmeridts
1394 1718 1514 1784 aloto..

123 1844 127 1852 ,
158 1790 256 1868 (stoarsp¹
271 1808 296 1862 p.
317 1789 377 1846 484.
396 1789 461 1856 775)
479 1793 544 1844 hoec
562 1794 594 1844 de
613 1793 676 1844 Solis
694 1795 799 1846 macmla
817 1794 941 1861 ,Keplerus
958 1794 1082 1846 Davidem
1098 1795 1238 1868 Fabricium
1256 1793 1378 1850 sllocutus
1394 1790 1483 1867 aspra:
1503 1819 1509 1854 ς
1615 1822 1618 1829 ·

177 1936 183 1948 .
229 1880 331 1963 ¹Quae
358 1882 405 1944 de.
426 1890 506 1944 ontu
530 1892 756 1948 cometarum
780 1884 974 1959 aethereo,
1000 1884 1128 1946 stellis
1150 1884 1272 1958 novis,
1296 1882 1424 1946 lactea
1445 1880 1514 1959 via,

118 1994 120 1998 ·
154 1969 399 2056 ¹satellitibus
424 1970 544 2046 Jovis‚
583 1972 624 2034 dc
661 1974 772 2036 Luna·
810 1983 950 2047 terrea,
990 1973 1137 2035 Venere
1179 1971 1440 2056 corniculata,-
1472 1971 1517 2050 do,

153 2059 461 2146 retractionibus,
486 2061 704 2126 altitudinis
732 2062 876 2125 nubium
898 2062 1069 2126 metiendae
1093 2062 1226 2136 ratione,
1251 2062 1288 2124 de
1312 2067 1411 2123 motu
1433 2079 1516 2140 per·
1550 2089 1560 2142 3

149 2157 267 2232 'petuo
289 2149 423 2214 Drebelii
446 2150 561 2236 Belgae
584 2152 756 2233 musiceque
776 2152 915 2231 ¹,ejusdem
939 2149 1095 2214 autdmato
1114 2170 1215 2214 -ea
1236 2149 1398 2214 brevitatis
1420 2168 1517 2214 causa

155 2241 312 2310 chauces
336 2237 528 2302 transmitto:
553 2241 704 2321 approbo;
728 2239 860 2306 disertus
884 2261 927 2314 es,
952 2240 1114 2321 applaudo.
1160 2240 1239 2304 Dum
1261 2243 1334 2302 vc'ro
1358 2239 1421 2313 ais,
1444 2257 1512 2302 ease
1571 2303 1574 2312 ,

153 2329 294 2412 Lynceos
317 2326 368 2408 qui
398 2328 562 2390 homiues
586 2338 624 2416 et·
641 2330 818 2408 animalia
850 2332 883 2393 in
907 2329 1038 2394 Luu'ae
1070 2330 1180 2410 globo
1212 2330 1321 2409 degere
1354 2328 1515 2402 affirmem,

136 2417 216 2481 'etsi
238 2417 269 2488 vi
291 2416 429 2479 vocabuli
459 2417 593 2482 subsumi
618 2427 745 2499 potest,
778 2419 873 2483 sideri
897 2420 926 2482 in
956 2439 994 2482 ea
1021 2419 1158 2482 homines
1187 2418 1299 2500 quippe
1332 2438 1351 2480 a
1373 2416 1515 2509 Ipynceis,

121 2573 124 2578 ,
155 2506 227 2590 quia
249 2514 350 2570 tamen
374 2506 486 2569 nullum
519 2508 588 2570 novi
617 2510 668 2591 qui
697 2511 754 2573 hoc
777 2512 919 2586 affirmet,
951 2529 1007 2572 uec
1040 2507 1132 2571 etiam
1155 2526 1190 2570 eo
1213 2526 1308 2588 usque
1331 2526 1365 2568 se
1387 2500 1516 2587 porrigit

155 2596 312 2659 subtilitas
337 2595 507 2678 telescopii‚
542 2597 611 2662 hinc
634 2618 726 2679 cogor
753 2598 917 2679 suspicari,
949 2597 1142 2678 perstrictam
1165 2616 1234 2661 esse
1258 2595 1516 2660 Dissertatiouem

135 2705 253 2750 ‚meam
276 2704 341 2747 cum
364 2684 481 2748 Nuucio
505 2683 632 2750 Sidereo
654 2694 689 2761 (p.
710 2692 783 2758 497).
829 2687 926 2767 Atqui
949 2705 1007 2750 nou
1039 2686 1204 2761 affirmavi,
1234 2704 1282 2750 me
1311 2685 1388 2748 talia
1409 2684 1535 2747 videre.¹

154 2776 281 2848 minuta,
304 2774 359 2836 sed
382 2794 420 2838 ex
443 2776 489 2852 iis,
514 2794 590 2855 quae
612 2776 675 2838 vidi
698 2775 865 2856 majuscula
887 2795 971 2851 saue,
995 2776 1180 2856 comparatis
1203 2795 1271 2840 cum
1292 2773 1339 2849 iis,
1364 2791 1442 2855 quac
1465 2771 1515 2835 hic

153 2867 186 2930 iu
210 2863 310 2927 Terris
333 2865 408 2927 liunt
431 2864 631 2928 minutissima
654 2866 740 2938 (uam
763 2884 839 2946 quae
863 2864 1018 2946 proportio
1041 2871 1092 2927 est
1118 2864 1241 2945 aggeris
1263 2862 1515 2943 Peloponnesiaci

154 2956 196 3019 ad
219 2950 330 3016 Ossam
353 2961 406 3015 aut
428 2952 532 3015 Pelion
552 2955 729 3030 montreal),
764 2954 892 3018 audacia
914 2960 1015 3017 sumta
1036 2949 1258 3026 ratiocinandi,
1291 2951 1426 3034 quaesivi
1442 2952 1515 3033 'joci

153 3041 291 3110 liberalis
315 3050 346 3105 et
368 3041 567 3124 philosophici
590 3044 788 3118 occasionem,
813 3051 853 3107 ut·
869 3043 1081 3125 praedixeram
1103 3042 1134 3107 iu
1156 3042 1356 3126 praelatione.

109 3207 112 3220 ,
160 3159 163 3164 ·
237 3140 411 3206 Maculas
434 3138 536 3202 Solis
560 3160 579 3201 a
601 3141 662 3204 illio
686 3149 738 3205 tuo
762 3144 851 3224 louge
876 3152 947 3207 ante
961 3145 1103 3224 Apellam
1125 3143 1218 3217 viem,
1243 3140 1389 3203 siharum
1410 3138 1510 3215 viudi÷

153 3226 271 3296 ciarum
292 3228 420 3309 satagis,
444 3238 476 3291 et
498 3238 631 3293 testatus
655 3251 720 3294 sum
742 3233 861 3312 Pragae
885 3233 988 3295 multis
1012 3242 1044 3296 et
1066 3238 1165 3295 testor
1186 3232 1363 3294 etiamnum.
1512 3231 1515 3236 '

243 3320 311 3384 Hae
338 3317 420 3384 Solis
442 3320 578 3382 maculae
611 3321 638 3383 si
667 3322 846 3404 corpuscula
869 3329 940 3385 suut
961 3322 1125 3385 volitantia
1152 3322 1183 3384 iu
1206 3320 1303 3395 insui,
1334 3324 1418 3381 certe
1452 3336 1518 3408 nou!

155 3419 228 3478 suut
250 3407 309 3472 uisi
331 3406 516 3472 vicinissime
538 3407 619 3481 Soli,
642 3418 676 3472 ut
698 3411 793 3473 nubes
816 3412 946 3474 Terrae:
971 3409 1042 3492 quid
1065 3410 1105 3487 ei,
1139 3419 1173 3473 ut
1202 3410 1261 3472 hae
1291 3416 1362 3472 suut
1384 3423 1526 3487 vapores.

155 3518 263 3583 aquae,
287 3497 331 3559 sic
344 3496 415 3559 illae
435 3496 539 3577 piceae
563 3497 723 3579 fuligines?
745 3501 795 3563 Au
809 3499 962 3581 pulchrior
980 3500 1088 3563 allusio
1104 3497 1245 3574 Gatheai,
1270 3497 1321 3578 qui
1345 3495 1515 3560 ferai-can·

92 3620 96 3626 ·
156 3581 258 3654 dentis
281 3584 443 3651 tinctiones
469 3594 500 3648 et
522 3586 737 3651 instillatioues
760 3598 913 3670 guttamm
937 3609 1033 3670 aquae
1057 3596 1111 3651 aut
1134 3607 1221 3650 cerae
1244 3586 1375 3667 profert,
1408 3584 1514 3666 quibus
1551 3619 1555 3624 =

157 3678 273 3744 exustis
296 3685 400 3757 partes
423 3676 588 3757 adspersae
612 3678 730 3742 clarius.
746 3679 881 3742 enitent:
905 3687 940 3741 ut
963 3679 1083 3760 quidem
1105 3684 1252 3759 apparent
1275 3676 1367 3739 etiam
1390 3673 1421 3738 iu
1441 3690 1510 3736 cor·

158 3789 232 3854 pore
256 3765 337 3831 Solis
360 3767 531 3829 flammulae
555 3774 587 3828 et
610 3765 727 3829 luculac
751 3769 893 3832 clariores
916 3768 1031 3850 reliquo
1055 3785 1188 3850 corpore.

155 3881 157 3886 '
248 3863 480 3930 Resoluticuem
504 3865 688 3930 macularum
711 3865 862 3929 Solarium
884 3866 998 3932 statuis
1023 3864 1064 3931 13
1087 3861 1263 3939 meusium‚'
1278 3859 1401 3943 perinde
1425 3876 1462 3921 ac
1488 3858 1535 3948 si¹

158 3947 203 4022 sit
224 3956 254 4019 in
279 3954 401 4017 aethere
416 3951 551 4031 proxime
575 3954 630 4016 sub
645 3953 717 4017 Sole
734 3951 814 4021 orbis
829 3955 938 4037 aliquis
958 3957 1145 4020 cancellatus
1168 3952 1255 4034 quasi
1278 3970 1332 4014 seu
1355 3954 1517 4014 contextus

158 4045 277 4111 infinitis
298 4042 482 4106 macularum
505 4041 601 4112 serie,
631 4043 679 4107 cui
702 4044 810 4108 tribuis
832 4053 945 4108 motum
969 4045 1107 4108 diurnum
1130 4042 1194 4124 δῖ’,
1223 4050 1257 4107 et
1277 4039 1356 4122 quod
1379 4037 1516 4118 sequitur

157 4137 237 4212 hinc,
262 4131 461 4196 evolutionem
484 4149 537 4194 seu
561 4134 790 4212 apocatastasiu
809 4153 955 4198 annorum
974 4131 1027 4198 30.
1061 4133 1225 4198 Solertiam
1248 4147 1379 4211 agnosco
1402 4126 1447 4190 tui
1465 4125 1532 4188 ia·.

157 4215 249 4308 genii,
272 4221 445 4302 diligentiae
468 4240 540 4283 vero
559 4231 591 4284 et
605 4223 717 4286 laboris
731 4223 807 4286 irriti
826 4242 874 4288 me
893 4225 1030 4287 miseret.
1056 4224 1125 4287 Nou
1140 4221 1227 4296 satis,
1242 4218 1371 4292 Fabrici,
1386 4215 1518 4281 circum·

158 4311 287 4397 spaxisti
302 4310 545 4374 circumstantias
560 4329 673 4388 omnes,
690 4312 800 4377 oblitus
815 4331 858 4386 es,
874 4321 989 4376 motum
1002 4313 1186 4376 macularum
1200 4311 1229 4373 in
1245 4309 1343 4372 medio
1354 4305 1436 4370 Solis
1446 4321 1518 4369 cor·

156 4421 232 4488 pore
242 4400 423 4465 solomonem
439 4418 516 4474 esse,
533 4419 621 4482 mam
636 4401 666 4463 in
680 4401 864 4483 marginibus
869 4421 879 4478 ;
904 4403 1027 4467 nimium
1041 4402 1140 4466 facilis
1155 4420 1188 4466 es
1208 4400 1238 4463 iu
1256 4391 1516 4464 comminiscendis

158 4491 287 4558 orbibus
305 4495 338 4553 et
360 4488 436 4552 mole
460 4483 689 4574 hypothesium:
718 4492 853 4556 crebram
875 4491 955 4555 hanc
978 4493 1007 4555 in
1032 4491 1106 4555 meis
1129 4488 1267 4571 epistolis
1290 4485 1442 4572 querelem
1463 4481 1514 4550 iu·.

159 4579 279 4647 venies:
311 4581 422 4642 lamam
445 4578 474 4640 iu
500 4580 709 4644 astronomicis
732 4581 950 4664 hypothesibus
978 4581 1172 4644 emendandis
1204 4580 1261 4642 hoc
1293 4575 1365 4639 vitio
1398 4573 1513 4655 prosti—
1583 4639 1587 4646 ,

159 4673 282 4738 tuimus.
328 4668 412 4732 Nihil
435 4666 485 4729 hic
508 4670 589 4730 circa
612 4668 693 4732 Solis
717 4671 851 4731 maculas
883 4672 1034 4752 reliquum·
1063 4670 1124 4733 tuis
1156 4669 1203 4731 vel
1233 4666 1309 4730 meis
1332 4664 1411 4728 curis
1445 4661 1518 4725 lecit

159 4758 389 4828 accuratissima
412 4756 588 4820 Galilaei
611 4759 779 4838 diligentia,
803 4760 889 4839 cujus
913 4762 1058 4842 epistolas
1082 4760 1121 4822 ad
1136 4758 1295 4820 Marcum
1309 4754 1517 4819 Wclserum
1570 4837 1574 4842 Ι

158 4875 188 4937 p.
218 4870 259 4913 m.
292 4848 398 4912 Italico
431 4847 561 4928 scriptas
593 4848 738 4911 idiomate
770 4850 884 4911 suadeo
914 4872 934 4912 a
962 4849 1134 4930 bibliopolis
1163 4846 1325 4929 requisitas
1357 4843 1517 4923 diligenter

158 4942 314 5026 perlegas:
340 4933 449 5017 dignae
473 4937 591 5001 omuino
611 4946 702 5012 suut,
732 4957 809 5019 quae
842 4946 873 4999 et
905 4939 998 5003 latine
1022 4940 1172 5019 legantur.
1197 4968 1238 4981 —
1262 4933 1436 4997 Maculam
1459 4948 1516 5011 ego

159 5031 258 5095 visam
280 5046 335 5109 pro
350 5027 542 5091 Mercurio
565 5047 721 5109 perperam
746 5027 918 5093 venditavit
950 5029 1039 5093 Felix
1061 5048 1096 5092 so
1121 5028 1197 5111 ipso,
1222 5025 1301 5108 qnod
1323 5022 1438 5105 primus
1460 5020 1517 5084 hoc

242 5131 331 5185 tenum
344 5132 421 5183 opera
440 5132 467 5176 11.
1272 5128 1307 5180 50
