3692 5842
240 471 306 542 628
717 471 1116 540 naseu-naaman

238 655 323 735 ipsae
347 653 479 733 quadrae
503 661 595 733 supra
617 658 795 734 usurpatae,
829 650 999 713 dividentes
1034 652 1146 733 aliquid
1180 651 1302 715 brevius
1329 653 1450 735 integro
1479 654 1596 718 zodiaco

239 744 268 805 in
292 750 396 822 partes
423 740 483 809 12,
524 742 602 804 Illud
625 750 726 802 autem
749 746 853 802 contra
877 758 980 801 omnes
1003 748 1066 803 tres
1088 761 1197 804 causas
1216 742 1275 804 dici
1289 749 1413 823 potest:
1439 744 1521 824 qnod
1542 743 1597 806 etsi

239 831 470 894 concederemus
494 831 629 911 praeciae
654 830 760 890 eodem
783 847 935 890 recurrere
959 848 1063 892 omnes
1086 830 1257 892 lunationes
1280 839 1391 894 exacto
1414 851 1506 906 anno,
1530 829 1597 894 item

119 979 121 983 ,
240 920 339 982 omnia
362 920 497 981 solstitia
520 938 681 998 omnesque
705 924 860 996 aspectus,
885 917 1059 981 incredibile
1082 927 1184 981 tamen
1216 919 1275 994 sit,
1304 920 1344 982 ab
1377 939 1430 995 eo,
1460 919 1541 1000 quod
1568 921 1600 982 lit

240 1010 295 1073 sub
318 1009 452 1083 zodiaco,
477 1009 538 1070 vim
560 1007 675 1068 infundi
699 1006 756 1086 ipsi
771 1006 837 1066 loco
851 1005 978 1069 zodiaci.
1024 1006 1074 1070 Sit
1093 1004 1154 1072 19⁰
1167 1006 1329 1087 Sagittarii
1347 1007 1461 1082 siccus,
1485 1007 1599 1089 quando

241 1096 423 1160 novilunium
447 1104 496 1159 est
519 1096 574 1157 sub
599 1114 652 1169 eo;
676 1091 721 1156 11⁰
745 1092 919 1176 Capricorni
943 1096 1091 1171 humidus,
1116 1097 1337 1178 quandoLuna
1360 1097 1455 1178 plena
1477 1097 1598 1159 subeo.

241 1185 290 1249 Sit
314 1184 516 1264 Capricornus
544 1183 699 1255 hiemalis,
732 1183 849 1263 quando
878 1182 979 1245 Solem
1008 1185 1115 1261 habet;
1148 1183 1266 1247 Cancer
1292 1203 1367 1248 vero
1397 1185 1540 1248 aestivus
1566 1203 1600 1248 ex

242 1275 379 1354 ejusdem
403 1274 511 1336 sideris
534 1273 724 1353 praeseutia;
748 1271 879 1334 concedo
903 1273 1031 1354 amplius
1055 1273 1182 1355 aliquid:
1207 1273 1249 1334 sit
1268 1272 1391 1336 Cancer
1414 1274 1511 1336 etiam
1532 1291 1600 1354 pro·

242 1363 355 1437 titicus,
390 1364 509 1442 quando
532 1361 640 1423 Jovem
671 1360 764 1423 habet
792 1360 959 1440 hospitem,
991 1364 1087 1443 magis
1119 1381 1209 1444 qnam
1232 1360 1440 1444 Capricornus
1472 1363 1600 1444 ejusdem

241 1450 329 1514 Jovis
352 1451 512 1525 beneficio,
546 1459 661 1512 utnon
685 1456 802 1510 tantum
826 1449 894 1528 ipsa
917 1450 1018 1512 sidera
1040 1472 1079 1514 ex
1101 1452 1164 1514 alto
1187 1451 1295 1514 lortius
1318 1451 1434 1514 feriant
1457 1469 1548 1533 quarn
1567 1469 1601 1512 ex

245 1540 368 1614 declivi,
397 1541 452 1601 sed
476 1540 543 1619 ipsa
566 1538 657 1600 etiam
681 1544 789 1599 natura
816 1538 989 1601 sublunaris
1016 1541 1210 1603 veneratione
1237 1539 1370 1620 quadam
1397 1541 1431 1602 in
1456 1537 1601 1604 Canem

245 1627 398 1690 subvectis
416 1647 483 1691 sese
499 1627 734 1689 tractabiliorem
752 1626 893 1688 exhibeat
908 1629 1063 1709 magisque
1082 1627 1249 1691 obnoxiam.
1289 1628 1430 1710 Denique
1445 1627 1602 1692 attamen

245 1717 354 1797 copula
377 1713 420 1778 0⁰
442 1717 559 1779 Arietis
584 1724 615 1778 et
637 1713 676 1778 0⁰
700 1713 824 1788 Cancri,
850 1717 968 1797 quaudo
992 1717 1053 1781 illic
1076 1717 1224 1781 Saturnus
1248 1727 1305 1791 est,
1329 1716 1381 1778 hic
1403 1715 1482 1779 Sol:
1505 1725 1540 1779 at
1558 1717 1603 1778 his

245 1797 424 1868 abeuntibus
455 1825 491 1867 ex
522 1806 582 1867 illis
611 1805 686 1866 locis
714 1803 783 1884 quid
815 1816 951 1866 remanet
983 1808 1121 1885 partibus
1150 1806 1265 1867 zodiaci
1290 1806 1327 1867 de
1350 1804 1400 1866 his
1424 1805 1601 1886 bospitrbas,

246 1913 304 1975 quo
328 1895 507 1957 naturaliter
530 1915 549 1955 a
572 1913 605 1955 se
629 1893 756 1955 invicem
779 1892 914 1955 distincti
937 1896 1155 1976 intelligantur,
1179 1913 1232 1955 seu
1257 1893 1394 1957 terminis
1408 1893 1603 1976 senpartiun

250 1984 330 2045 inter
362 1984 507 2046 terminos
539 1982 768 2062 interjectamm
800 1983 1019 2061 qualitatibus?
1072 1984 1137 2046 Aut
1168 1983 1194 2044 si
1228 1983 1298 2063 quid
1331 1991 1455 2058 manet,
1480 2003 1520 2046 an
1549 2001 1603 2044 non

247 2072 386 2134 aboletur
416 2072 595 2134 succedente
619 2072 678 2131 alio
703 2070 870 2132 contrariae
896 2072 1074 2152 qualitatis?
1119 2073 1197 2134 Nam
1232 2072 1363 2134 retinere
1395 2071 1520 2152 quidem
1548 2069 1602 2132 ali·

247 2162 440 2243 quantisper,
473 2161 556 2222 verbi
589 2160 690 2240 gratia
721 2166 860 2221 octavam
883 2168 1001 2240 partem
1025 2161 1201 2241 Sagittarii,
1231 2160 1291 2222 rim
1314 2160 1451 2240 aliquam
1474 2179 1514 2222 ex
1535 2178 1603 2221 con·

246 2269 356 2330 gressu
379 2249 466 2312 Jovis
490 2257 522 2310 et
545 2247 679 2323 Satumi‚
705 2248 753 2327 qui
777 2247 806 2309 in
831 2268 865 2309 eo
880 2250 975 2328 gradu
990 2269 1068 2311 anno
1087 2246 1170 2312 1603
1195 2249 1295 2310 lactus
1318 2257 1377 2323 est,
1408 2266 1471 2310 non
1494 2267 1603 2328 negan-

248 2341 318 2400 dum
352 2346 401 2400 est
432 2338 567 2418 penitus,
601 2336 810 2416 explicandum
841 2357 913 2399 vero
944 2358 981 2400 ex
1014 2337 1241 2400 abstrusissima
1272 2337 1392 2399 ratione
1424 2336 1603 2410 harmonica,

247 2435 349 2489 rnente
373 2448 392 2489 a
414 2428 499 2489 coelo
523 2426 654 2488 deducta
676 2433 708 2486 et
730 2424 760 2486 in
784 2426 895 2488 Terras
919 2427 1058 2501 inducta;
1082 2446 1142 2507 qua
1164 2425 1280 2488 ratione
1304 2426 1362 2507 ipsi
1385 2425 1478 2506 signo
1497 2413 1602 2506 'Sagit-

246 2516 317 2578 tarii
341 2516 490 2577 naturalis
514 2515 645 2595 qualitas
668 2514 757 2594 plane
781 2516 863 2577 nulla
887 2516 1079 2596 relinquitur:
1105 2525 1195 2596 atque
1215 2515 1273 2577 hoc
1295 2515 1395 2594 ipsum
1419 2514 1516 2577 etiam
1528 2523 1603 2576 tenr-

242 2624 316 2687 pore
339 2624 456 2668 mrsum
479 2604 643 2666 evanescit.

335 2695 453 2756 Puncta
476 2692 557 2756 Solis
580 2691 746 2755 cardinalia
767 2711 822 2771 pro
845 2692 1033 2754 naturalibus
1057 2691 1192 2754 terminis
1215 2709 1364 2772 agnosco,
1388 2688 1454 2752 rim
1477 2687 1604 2754 Soliain

246 2782 285 2845 iia
308 2783 459 2845 versantis
483 2782 581 2843 exseri
606 2783 717 2856 fateor3
742 2781 795 2842 sed
819 2781 906 2861 longe
932 2782 992 2843 alia
1015 2781 1142 2856 ratione,
1171 2799 1262 2862 quam
1285 2799 1363 2860 quae
1388 2779 1429 2840 ad
1454 2797 1518 2841 rern
1538 2797 1603 2860 per·

245 2872 353 2934 tineat.
400 2871 559 2950 Astrologi
588 2871 667 2932 enim
696 2870 726 2931 iu
759 2869 905 2950 principio
930 2868 1107 2949 Capricorni
1135 2879 1239 2949 partes
1270 2867 1388 2930 zodiaci
1412 2867 1533 2930 calidas
1554 2865 1604 2928 iri·

247 2961 327 3042 gidis
355 2961 519 3041 permutari
548 2959 646 3021 subito
680 2967 712 3020 et
739 2959 768 3020 in
798 2958 863 3037 ipso
891 2968 1002 3038 puncto
1036 2958 1191 3020 divisionis
1221 2956 1416 3019 existimant:
1453 2954 1510 3019 Sol
1541 2973 1604 3016 vero

247 3050 379 3111 calorem
403 3049 732 3129 aestiv'um„quantum
755 3048 784 3108 in
809 3066 876 3108 sese
901 3048 985 3119 (nam
1010 3047 1080 3127 quid
1104 3048 1254 3108 elementa
1276 3045 1324 3107 hic
1349 3047 1527 3118 conferant,
1553 3062 1605 3104 non

248 3145 298 3200 est
320 3138 473 3218 quaestio)
498 3137 554 3199 huc
575 3157 666 3217 usque
692 3136 850 3209 deminuit,
876 3145 909 3198 et
931 3137 969 3197 ab
993 3136 1050 3196 hoc
1074 3136 1196 3215 fastigio
1220 3153 1335 3197 rursum
1361 3153 1477 3214 augere
1497 3132 1604 3211 incipit,

247 3226 349 3308 itaque
375 3226 403 3287 in
428 3226 493 3304 ipso
517 3234 626 3305 puncto
656 3224 854 3285 lentissimum
882 3232 1031 3305 praestat.
1080 3227 1127 3286 lta
1156 3223 1233 3305 quod
1262 3232 1310 3283 est
1337 3232 1470 3285 naturae
1498 3233 1604 3284 metro·

248 3316 341 3394 polis,
366 3315 530 3393 astrologis
553 3316 628 3376 liunt
651 3313 762 3374 limites
787 3313 910 3376 dnamm
933 3313 1085 3374 hostilium
1108 3313 1273 3393 regionum.

339 3405 397 3465 Illa
420 3404 512 3464 etiam
537 3405 573 3464 de
597 3402 753 3482 principio,
778 3402 875 3461 medio
900 3412 932 3463 et
955 3403 1011 3462 fine
1036 3400 1260 3480 argumentatio
1283 3419 1342 3461 non
1368 3407 1443 3479 apte
1459 3399 1500 3460 ad
1521 3408 1605 3460 natu·

250 3494 330 3554 rales
353 3491 484 3573 partium
508 3491 672 3571 qualitates
697 3491 888 3551 transfertur.
937 3488 1043 3551 Omnis
1066 3509 1116 3552 res
1140 3499 1267 3570 quanta,
1293 3490 1391 3550 omnis
1414 3508 1508 3550 arcus
1530 3487 1607 3568 prin·

250 3582 358 3661 cipium
384 3588 415 3641 et
437 3582 524 3641 linem
549 3579 658 3640 habet:
693 3578 745 3638 sed
770 3579 790 3640 ii
814 3579 932 3640 termini
965 3588 1078 3659 puncta
1107 3588 1194 3651 sunt,
1227 3584 1331 3657 partes
1364 3576 1407 3638 rei
1442 3596 1503 3638 non
1534 3583 1607 3637 sunt

250 3669 422 3731 Secundum
446 3670 601 3729 naturales
627 3667 791 3746 qualitates
815 3687 899 3741 vero,
930 3687 1005 3746 quae
1037 3667 1237 3728 dimensiones
1262 3675 1294 3726 et
1325 3665 1412 3745 ipsae
1438 3665 1609 3745 suscipiunt.

252 3758 369 3819 omnino
395 3757 513 3836 quidem
536 3765 639 3834 partes
664 3755 841 3835 apartibus
866 3757 1015 3829 differunt,
1041 3766 1194 3817 extremae
1219 3754 1367 3827 amedio;
1391 3762 1424 3815 at
1440 3772 1502 3814 non
1518 3752 1607 3815 hosti·

250 3846 321 3906 lium
345 3845 524 3923 qualitatum
550 3846 669 3918 formis,
703 3845 757 3904 sed
782 3845 915 3924 ejusdem
948 3844 1104 3924 qualitatis
1128 3843 1282 3922 gradibus.
1329 3843 1397 3904 Hoc
1421 3851 1517 3922 pacto
1540 3861 1608 3920 qua·

250 3933 388 3992 drantcm
412 3933 570 4002 aestivum,
595 3934 620 3994 si
645 3931 857 4006 al5⁰Tauri,
882 3934 1085 3994 autumnalem
1109 3954 1128 3993 a
1145 3929 1207 3994 15⁰
1221 3931 1335 3993 Leonis
1358 3939 1391 3993 et
1414 3930 1461 3992 sic
1486 3931 1609 4010 reliquos

248 4020 431 4098 inciperent,
465 4021 578 4082 meliori
616 4021 733 4099 quidem
763 4022 830 4098 jure
865 4021 901 4082 de
935 4021 1031 4083 tribus
1069 4019 1245 4101 quadrantis
1280 4020 1436 4102 partibus,
1473 4015 1608 4080 extremis

248 4108 391 4182 remisso,
425 4109 523 4169 media
556 4109 675 4170 intenso
708 4111 822 4184 calore,
856 4110 1156 4190 philosopharentur,
1185 4110 1239 4170 sed
1272 4118 1375 4171 tamen
1408 4107 1607 4188 superioribus

248 4197 344 4258 adhuc
370 4198 555 4274 argumentis
579 4206 760 4258 tenerentur.

339 4286 445 4365 ltaque
480 4292 512 4345 ut
545 4286 734 4361 concludam,
771 4306 880 4348 causae
908 4289 966 4348 hae
991 4285 1166 4347 occasiones
1191 4284 1463 4346 subministrarunt
1487 4285 1606 4346 humano

247 4371 370 4432 arbitrio
403 4372 441 4432 ad
472 4372 626 4434 divisionis
657 4374 734 4436 hanc
750 4377 888 4462 'soranam
918 4374 1173 4454 amplectendam,
1206 4393 1245 4434 ex
1278 4383 1389 4434 natura
1421 4375 1466 4435 rei
1498 4373 1604 4434 divisae

250 4458 404 4520 desumtae
429 4479 486 4520 non
511 4468 595 4535 sunt,
621 4482 716 4542 neque
740 4465 907 4526 naturalem
933 4464 1109 4526 divisionem
1133 4462 1321 4543 exprimunt,
1353 4464 1409 4524 scd
1434 4481 1515 4524 mere
1537 4479 1602 4540 geo-

249 4546 405 4609 metricam
428 4566 481 4608 seu
505 4549 738 4614 arithmeticam.
785 4554 832 4613 Ito
857 4553 1016 4633 astrologi,
1042 4553 1177 4633 quaerite
1202 4552 1290 4612 alias.

833 4831 1020 4845 ——ae--n
