3692 5842
1481 483 1647 551 capnt
1683 482 1770 537 xl.
2869 483 2989 552 351

268 655 534 719 circulus
575 654 790 732 ΒΑΘ,
849 676 1071 740 corpus
1116 659 1324 722 Lunae
1370 680 1580 724 verum
1625 666 2115 742 repraesentans.
2207 659 2480 723 Eundem
2526 661 2586 724 in
2634 661 2872 725 modum
2922 662 3000 725 ab

266 741 394 808 AG
437 746 757 810 anferatur
801 746 920 811 GE
977 748 1423 813 semidiameter
1487 752 1792 813 fenestrae
1840 757 1906 812 et
1961 756 2168 812 centro
2215 749 2276 810 A
2335 749 2632 814 distantia
2676 749 2791 814 ΔΕ
2839 753 2995 815 scri-

266 833 452 898 batur
495 834 758 899 circulus
800 834 991 913 DEC,
1039 836 1248 901 Solem
1292 847 1779 921 repraesentans.
1873 837 2068 919 Igitur
2111 835 2345 902 DECA
2399 858 2547 903 vera
2591 840 2710 903 erit
2763 840 3001 922 species

268 920 437 986 Solis
499 924 833 988 deficientis
896 943 1007 1005 per
1066 924 1168 992 10.
1227 926 1328 993 11.
1384 927 1482 993 12.
1552 928 1797 992 secundi
1864 927 2105 1007 capitis.
2199 927 2523 991 Rationem
2584 927 2803 992 calculi
2860 928 2999 992 vide

268 1011 432 1075 infra
476 1013 545 1075 in
592 1013 904 1094 exemplis.

446 1101 852 1165 Problema
894 1102 980 1167 X.
1072 1104 1209 1166 Per
1254 1105 1843 1168 transversalem
1901 1106 2237 1185 regulam
2297 1106 2780 1170 instrumenti
2826 1107 2999 1169 dex-

268 1190 514 1254 terius
558 1191 914 1272 excipere
959 1193 1280 1273 speciem
1326 1194 1821 1257 instrumenti.
1901 1191 2062 1265 Quia
2098 1194 2424 1259 difficultas
2463 1196 2647 1258 estin
2687 1195 3003 1277 signandis

268 1278 515 1361 punctis
543 1287 614 1343 ut
656 1279 881 1343 dictum
909 1289 1025 1357 est,
1074 1288 1140 1343 et
1181 1283 1320 1363 quia
1365 1284 1556 1346 multa
1600 1281 1776 1344 simul
1823 1283 2086 1345 admini-
2406 1338 2462 1387 Pi
2558 1336 2660 1387 113
2918 1307 2928 1317 ·

270 1368 533 1433 stranda
577 1376 756 1445 sunt,
820 1371 1180 1450 praesertim
1235 1371 1286 1432 si
1352 1373 1706 1435 observator
1764 1372 1928 1434 solus
1979 1372 2078 1445 sit,
2462 1354 2514 1404 ⁸⁶
2668 1375 2680 1388 ‘

273 1457 546 1538 cogitavi
590 1458 668 1520 de
714 1458 838 1521 alia
895 1459 1154 1522 faciliori
1199 1461 1451 1524 ratione.
1547 1461 1746 1540 Supra
1798 1462 2079 1536 rotulam,
2147 1510 2149 1513 v

272 1548 347 1610 de
376 1546 579 1629 quain
607 1546 1013 1627 descriptione
1041 1548 1441 1624 instrumenti,
1464 1549 1811 1612 statuebam
1826 1549 2083 1611 indicem
2149 1604 2154 1609 .
2189 1562 2192 1569 “

273 1636 606 1699 solidarum
666 1636 961 1716 partium,
1025 1637 1238 1718 quibus
1300 1658 1482 1719 supra
1542 1640 1786 1719 planum
1851 1639 2085 1702 rotulae
2149 1702 2153 1705 .

274 1743 660 1807 papyraceae
702 1724 1011 1805 paulisper
1055 1734 1315 1802 extaret,
1361 1728 1452 1790 ita
1495 1737 1699 1791 tamen
1734 1735 1803 1790 ut
1848 1728 2085 1790 diame-
2140 1781 2173 1811 4

277 1825 437 1878 trum
485 1814 546 1876 in
593 1813 817 1894 digitos
882 1814 1233 1878 distinctam
1278 1836 1393 1879 non
1440 1824 1710 1897 tegeret,
1777 1818 1885 1879 sed
1932 1816 2088 1879 binis
2194 1829 2197 1838 ⁶
2281 1813 2289 1817 ”
2626 1869 2630 1882 .

275 1903 493 1986 tigillis
512 1902 813 1965 diametro
842 1902 1387 1984 aequidistantibus
1407 1907 1572 1969 illam
1600 1906 2084 1986 amplecteretur.
2565 1909 2574 1917 ’
2630 1917 2634 1925 ’

278 1992 480 2074 Super
507 1992 623 2054 hoc
652 1991 847 2055 solido
885 1992 1081 2055 indice
1108 1995 1388 2058 volvatur
1424 1995 1852 2057 transversalis
1880 1995 2092 2074 regula

276 2081 461 2146 indici
507 2080 1022 2163 perpendicularis
1068 2089 1132 2144 et
1177 2083 1470 2147 diametro
1531 2084 1839 2164 signatae,
1889 2083 2088 2162 longi·

280 2171 492 2235 tudine
552 2170 849 2233 diametri.
954 2171 1187 2252 Nempe
1258 2173 1434 2253 hujus
1505 2174 1750 2252 regulae
1818 2172 2090 2233 alveolus

280 2259 696 2342 profunditate
726 2277 839 2321 sua
869 2260 1211 2323 crassitiem
1254 2261 1584 2342 tigillorum
1621 2261 1836 2323 indicis
1875 2268 2095 2340 aequet
2197 2319 2200 2328 ,,

283 2359 347 2414 et
387 2366 600 2412 morsu
658 2348 1059 2411 adhaerescat
1112 2349 1354 2430 tigillis,
1417 2351 1506 2413 uti
1554 2350 1684 2431 quis
1730 2350 1899 2412 illam
1945 2367 2092 2429 pro-

284 2438 565 2504 moverit.
658 2437 744 2500 Et
794 2438 1007 2518 regula
1061 2439 1286 2501 habeat
1347 2439 1557 2502 aciem.
1648 2438 1813 2519 Ergo
1859 2438 2093 2520 pariete
2158 2463 2160 2465 ·

285 2537 347 2593 et
390 2528 668 2590 fenestra
712 2526 793 2588 ad
838 2524 1044 2590 Solem
1089 2536 1253 2590 recte
1300 2529 1661 2590 habentibus
1708 2529 1988 2590 volvatur
2032 2533 2095 2588 et
2187 2595 2189 2597 v

286 2620 467 2682 index
514 2634 651 2679 cum
713 2616 914 2678 rotula
970 2616 1133 2678 circa
1195 2616 1492 2679 axiculum
1540 2626 1604 2679 et
1663 2615 2092 2679 transversalis

288 2726 469 2788 super
513 2705 711 2767 indice
757 2723 978 2785 susque
1025 2705 1242 2786 deque,
1307 2706 1495 2768 donec
1551 2706 1759 2768 veniat
1804 2705 1968 2766 acies
2016 2704 2093 2764 ad

290 2798 603 2876 utriusque
650 2812 833 2857 cornu
880 2793 1090 2856 obtusi
1129 2803 1493 2859 contactum.
1570 2795 1655 2856 Et
1701 2802 1841 2857 tnnc
1890 2800 2134 2856 notetur
2177 2800 2480 2876 punctum,
2528 2793 2589 2856 in
2637 2813 2751 2875 quo
2798 2800 3015 2856 trans-

291 2884 551 2949 versalis
600 2883 764 2946 acies
812 2890 986 2945 secat
1031 2883 1337 2963 signatam
1387 2884 1781 2946 diametrum:
1833 2890 2079 2946 notetur
2123 2891 2189 2946 et
2233 2891 2546 2965 punctum,
2596 2901 2712 2965 quo
2760 2884 3015 2945 eandem

291 2976 654 3039 diametrum
712 2979 887 3035 secat
952 2971 1203 3034 interior
1262 2973 1417 3035 radii
1479 2971 1964 3036 circumferentia
2023 2993 2130 3036 seu
2189 2973 2401 3035 umbra
2446 2973 2675 3035 Lunae.
2771 2971 2841 3035 Si
2901 2971 3017 3033 hoc

292 3074 454 3129 recte
486 3062 675 3125 fuerit
714 3059 1221 3129 administratum,
1266 3063 1607 3140 signatione
1636 3069 1990 3144 punctorum
2021 3082 2137 3125 non
2169 3063 2287 3125 erit
2315 3081 2485 3143 opus.
2544 3060 2831 3143 Sequitur
2859 3060 3019 3123 enim

462 3150 871 3215 Problema
915 3150 1029 3213 XI.
1121 3149 1229 3211 Ex
1292 3152 1806 3214 transversali
1873 3153 2141 3232 regula
2202 3170 2449 3213 veram
2516 3151 2837 3232 speciem
2900 3148 3024 3212 de-

294 3245 537 3306 sectus
602 3257 937 3320 arguere.
1032 3238 1134 3301 Sit
1184 3237 1405 3302 CDEF
1450 3241 1683 3320 species
1734 3241 1889 3304 radii
1956 3240 2320 3318 deficientis,
2385 3242 2556 3322 cujus
2619 3246 2891 3303 centrum
2941 3235 3021 3313 G,

294 3334 594 3397 diameter
654 3330 903 3409 signata
956 3328 1068 3390 DF
1133 3336 1196 3390 et
1254 3348 1387 3390 cum
1454 3349 1528 3392 ea
1594 3331 1753 3392 linea
1818 3330 2035 3393 indicis
2083 3331 2254 3393 IDH.
2352 3330 2565 3411 Sitque
2629 3330 2789 3392 linea
2855 3326 3024 3390 ORE

294 3422 653 3501 contingens
700 3437 927 3481 cornua
972 3414 1044 3490 C,
1089 3417 1144 3477 Ε
1192 3418 1429 3493 obtusa,
1480 3427 1540 3480 et
1587 3439 1803 3482 secans
1852 3420 2157 3500 signatam
2210 3420 2569 3482 diametrum
2617 3419 2677 3480 in
2709 3418 2771 3480 H
2817 3424 3024 3478 secet-

296 3531 404 3593 que
473 3509 737 3572 eandem
802 3505 961 3585 CFE
1020 3514 1396 3585 segmentum
1462 3507 1519 3568 in
1568 3509 1637 3569 F.
1730 3507 1927 3588 Igitur
1995 3510 2053 3572 in
2118 3508 2412 3571 diametro
2478 3509 2595 3569 DH
2661 3506 3029 3568 extendatur

298 3600 746 3664 semidiameter
790 3597 1117 3671 fenestrae,
1169 3615 1321 3676 quae
1370 3597 1450 3658 sit
1495 3597 1627 3672 DL,
1678 3617 1715 3658 a
1761 3597 1818 3658 D
1857 3597 1917 3659 in
1957 3599 2028 3673 L,
2078 3607 2147 3660 ut
2193 3606 2255 3659 et
2302 3597 2378 3659 ab
2426 3598 2476 3658 F
2521 3597 2580 3658 in
2629 3596 2697 3658 M
2743 3601 2807 3656 et
2853 3594 2928 3657 ab
2966 3590 3028 3655 H

296 3692 357 3753 in
404 3690 476 3766 P,
529 3696 597 3750 et
657 3693 878 3766 agatur
923 3703 1032 3764 per
1079 3686 1130 3746 P
1189 3694 1359 3746 recta
1404 3684 1574 3747 NPO
1640 3705 1902 3766 perpen-

297 3779 586 3843 dicularis
614 3776 694 3838 ad
724 3775 1079 3837 diametrum
1101 3780 1166 3834 et
1183 3774 1599 3853 aequidistans
1628 3776 1894 3855 regulae.

297 3867 452 3931 Dein
514 3874 726 3930 centro
773 3861 836 3926 G
901 3862 1195 3925 distantia
1242 3861 1359 3924 GL
1418 3864 1719 3926 scribatur
1772 3865 1896 3927 cir-

296 3960 468 4021 culus
516 3953 725 4031 NLO,
772 3952 873 4035 qui
918 3951 1406 4032 repraesentabit
1460 3952 1684 4032 justam
1732 3953 1898 4016 Solis

296 4048 585 4129 speciem,
632 4053 704 4108 ut
747 4043 806 4106 in
855 4040 917 4108 9.
966 4041 1162 4121 hujus.
1255 4040 1507 4104 Secabit
1558 4042 1613 4104 is
1680 4043 1899 4104 lineam

295 4132 506 4207 NP03
552 4142 726 4199 secet
767 4133 827 4195 in
862 4131 943 4202 N,
978 4130 1053 4193 Ο.
1127 4130 1249 4191 Per
1282 4130 1401 4191 tria
1443 4130 1632 4212 igitur
1673 4138 1901 4213 puncta

296 4225 376 4303 N,
421 4226 515 4301 M,
564 4223 623 4287 Ο
671 4220 1049 4286 describatur
1095 4217 1369 4294 circulus,
1419 4220 1589 4300 cujus
1628 4228 1900 4283 centrum

298 4315 382 4379 sit
439 4314 527 4378 K.
636 4312 791 4375 Dico
854 4306 1100 4373 NLOM
1166 4327 1301 4369 esse
1363 4328 1568 4371 veram
1633 4310 1901 4389 speciem

299 4405 469 4469 Solis
516 4400 873 4467 deficientis.
966 4399 1249 4478 Agantur
1295 4398 1450 4460 enim
1498 4399 1898 4479 perpendicu-

298 4499 465 4561 lares
527 4491 683 4567 Nc,
732 4490 866 4555 OE.
961 4486 1113 4551 Cum
1179 4505 1322 4568 ergo
1385 4486 1536 4564 Nc,
1598 4485 1711 4550 OE
1774 4488 1902 4550 sint
2058 4547 2063 4555 ,

299 4589 498 4652 eidem
582 4581 692 4646 GE
772 4577 1336 4663 perpendiculares,
1428 4587 1604 4642 erunt
1685 4577 1899 4659 aequi-
2028 4608 2045 4621 =

301 4683 631 4748 distantes.
703 4674 791 4739 Et
822 4671 963 4753 quia
991 4675 1055 4731 et
1080 4667 1221 4742 DK,
1269 4670 1378 4730 hoc
1416 4678 1514 4732 est
1547 4669 1661 4731 PH
1705 4668 1902 4731 eidem

301 4770 413 4838 OE
458 4762 976 4852 perpendicularis
1038 4777 1116 4820 ex
1179 4756 1410 4818 fabrica
1472 4755 1900 4819 instrumenti:

302 4869 482 4927 erunt
523 4857 715 4940 igitur
760 4851 1047 4934 aequales
1090 4842 1225 4921 NG,
1257 4845 1386 4920 PH,
1421 4844 1550 4906 OE.
1628 4845 1753 4906 Sed
1789 4844 1903 4906 ΡΗ

302 4960 403 5016 est
444 4946 900 5014 semidiameter
945 4940 1266 5009 fenestrae,
1317 4950 1460 5012 ergo
1500 4941 1563 4995 et
1597 4931 1732 5008 NG,
1766 4928 1902 4995 OE.

304 5040 460 5107 Cum
533 5042 743 5101 autem
811 5032 941 5107 (Π,
1019 5021 1156 5095 10.)
1230 5021 1530 5086 orbiculus
1604 5022 1915 5085 fenestrae

2332 3737 2439 3802 Fig.
2483 3733 2597 3784 114.
