3692 5842
350 463 416 536 348
467 444 472 453 ’
843 468 1017 521 aeconomiae
1035 468 1099 523 Pars
1117 470 1216 537 optior.

349 644 467 709 ratione
499 643 612 724 copiosi
642 644 761 707 luminis
785 645 815 708 in
840 654 929 709 nocte
959 646 1017 709 visi
1046 647 1166 712 accidit.
1213 648 1293 711 Nam
1318 648 1348 710 hi
1380 664 1485 710 omnes
1516 646 1599 709 modi
1622 647 1715 726 paulo

350 735 539 799 incertiorem
559 734 674 796 faciunt
692 735 839 797 rationem
858 735 947 815 lmjns
965 735 1193 800 observationis.
1230 737 1273 799 Et
1295 736 1503 819 quamvisper
1525 736 1713 798 instrumen-

349 832 411 890 tum
435 842 533 886 meum
556 824 659 885 Lunae
684 823 832 886 diameter
855 826 932 887 forte
954 826 1044 904 paulo
1069 826 1164 888 minor
1182 827 1266 906 justo
1297 833 1442 906 apparet:
1476 824 1577 904 major
1607 832 1712 886 umen

350 914 380 978 in
408 913 460 975 illo
493 920 541 975 est
573 912 757 987 constantia,
793 932 881 994 quam
914 914 943 975 io
979 915 1036 975 hac
1077 916 1195 977 ratione
1226 934 1281 995 per
1312 913 1485 994 pinnacidia
1513 913 1709 977 observandi.

350 1003 420 1068 Non
444 1011 546 1064 tamen
569 1000 718 1080 negarim,
753 1002 782 1063 si
807 1004 891 1081 quis
915 1003 1104 1082 dioptram
1127 1003 1417 1083 Hipparchicam
1440 1002 1573 1067 dextre
1598 1002 1713 1065 adhi-

349 1091 454 1163 beat,
487 1091 599 1153 certius
628 1090 859 1152 collimaturum.
907 1092 1054 1171 Adeoque
1087 1113 1153 1155 cum
1187 1092 1308 1173 dioptra
1339 1092 1525 1172 Hipparchi,
1559 1090 1713 1172 Tychonis

350 1180 524 1243 observatio
549 1180 668 1253 diuma,
698 1179 930 1242 instrumentum
960 1199 1058 1243 meum
1095 1182 1229 1263 proxime
1253 1181 1283 1244 in
1307 1181 1384 1244 hane
1408 1181 1612 1262 quantitatem
1636 1199 1712 1243 con·

352 1268 502 1337 sentiant,
528 1288 617 1350 quam
640 1267 719 1330 infra
741 1287 796 1348 per
818 1270 955 1331 umbram
977 1270 1082 1331 Lunae
1105 1271 1279 1350 proditurus
1302 1289 1383 1332 som:
1407 1276 1494 1331 tauto
1518 1269 1641 1331 facilins
1664 1269 1710 1330 vel

345 1358 412 1438 jam
436 1376 514 1419 nunc
537 1358 693 1431 concludo,
717 1358 897 1421 diametrum
920 1360 1025 1422 Lunae
1049 1360 1079 1420 in
1108 1377 1244 1440 apogaeo
1268 1354 1311 1423 30
1320 1355 1367 1438 ¹f,‘
1391 1376 1468 1420 esse.
1507 1359 1543 1420 ln
1565 1358 1711 1437 perigaec

349 1466 421 1508 vern
445 1454 559 1526 quanta
582 1446 639 1520 sit,
664 1465 723 1508 noo
748 1448 793 1509 ita
816 1448 986 1529 expeditum
1012 1456 1061 1510 est
1083 1456 1117 1511 ut
1139 1448 1169 1510 io
1185 1447 1257 1511 Sole
1282 1448 1350 1510 hinc
1374 1448 1493 1509 elicere.
1531 1444 1612 1510 Cum
1635 1446 1711 1510 enim

350 1536 498 1616 duplicem
523 1535 636 1596 habeat
659 1535 745 1596 Luna
768 1537 979 1617 aequationem
1001 1538 1174 1610 maximam,
1198 1538 1325 1600 alteram
1349 1534 1401 1610 5⁰,
1427 1537 1556 1599 alteram
1579 1536 1612 1596 in
1635 1555 1711 1615 qua·

349 1624 482 1687 draturis
507 1616 608 1706 772⁰:
643 1644 768 1704 quarum
797 1626 921 1707 physice
950 1626 1209 1691 consideratarum
1233 1627 1332 1689 altera
1362 1622 1469 1696 4336,
1501 1624 1602 1688 altera
1625 1620 1712 1689 6520

351 1712 608 1776 eccentricitatem
631 1714 776 1793 postulat,
802 1715 921 1777 nescias
946 1716 1024 1778 hanc
1048 1736 1086 1778 an
1109 1716 1192 1777 illam
1216 1736 1255 1777 an
1278 1714 1488 1778 intermediam
1511 1709 1603 1777 5428
1626 1713 1711 1792 sequi

349 1801 477 1874 debeas,
511 1810 544 1863 ut
568 1802 612 1864 ita
634 1802 722 1864 binae
753 1822 863 1865 causae
885 1803 1030 1886 physicae
1058 1814 1247 1867 concurrant.
1294 1805 1402 1884 Itaque
1432 1802 1582 1865 diameter
1605 1802 1712 1863 Inoas

348 1890 492 1971 perigaea
514 1890 561 1951 vel
587 1889 641 1955 33¹
664 1888 740 1965 20”,
765 1892 813 1953 101
837 1888 891 1956 34’
914 1891 968 1968 0”,
993 1894 1042 1958 101
1065 1890 1120 1958 34‘
1143 1891 1219 1957 tot.
1248 1893 1290 1956 Et
1307 1891 1467 1956 mediocria
1490 1891 1540 1953 vel
1564 1886 1620 1955 31⁴
1636 1888 1712 1965 55⁴⁶,

349 1979 399 2041 vel
422 1977 477 2045 32‘
504 1977 584 2054 15“,
617 1980 665 2042 vel
690 1977 744 2044 32¹
769 1978 891 2055 35¹⁴.*)
938 1982 1035 2046 Vides
1060 1982 1303 2057 observationes,
1331 2000 1386 2062 per
1418 1978 1592 2062 pinnacidia
1626 1979 1714 2042 annis

350 2063 407 2143 87,
433 2065 491 2143 88,
517 2065 576 2142 91,
600 2065 643 2132 92
667 2069 846 2144 recensitas,
872 2072 1087 2151 utplurimum
1112 2072 1266 2146 alludere,
1294 2072 1331 2133 de
1355 2069 1503 2133 electione
1527 2086 1601 2130 vero
1626 2068 1713 2131 onim

351 2157 510 2220 extribus
535 2157 616 2220 hisce
640 2177 696 2219 nos
720 2157 749 2219 in
772 2159 888 2221 incerto
913 2161 1089 2242 relinquere.
1132 2162 1178 2223 nt
1201 2160 1226 2222 si
1250 2178 1316 2222 meo
1340 2160 1540 2222 instrumento
1562 2156 1651 2231 tides,
1676 2176 1714 2217 ex

350 2245 562 2309 observatione
577 2248 648 2308 anni
665 2243 759 2311 1603.
788 2245 837 2311 16.
854 2243 908 2312 26.
923 2248 1071 2325 Jaouarii,
1097 2249 1204 2312 ultima
1225 2249 1371 2329 perigaea
1393 2247 1550 2328 quantitas
1568 2254 1713 2326 sequest-

349 2334 474 2398 rabitur.
523 2333 605 2397 Sane
629 2354 724 2416 neque
753 2337 888 2400 rationes
920 2339 1064 2423 physicae
1088 2339 1251 2401 maximam
1274 2356 1312 2399 ex
1334 2336 1430 2399 tribus
1451 2334 1712 2399 eceentricitatem

349 2423 511 2488 admodum
535 2424 717 2488 desiderant.
1302 2477 1311 2495 ,

437 2513 630 2576 Problema
653 2514 708 2576 Vl.
756 2511 1027 2583 Quantitatem
1050 2517 1224 2579 defectus
1251 2515 1286 2577 in
1316 2511 1453 2594 eclipsi
1477 2512 1624 2586 Lunae,
1653 2512 1713 2574 vel

350 2600 462 2665 etiam
494 2600 611 2676 Solis,
646 2603 856 2666 aestimare.
902 2604 954 2668 Fit
977 2605 1143 2686 vulgariter
1170 2606 1235 2668 sine
1258 2604 1459 2668 iostmmento
1482 2620 1536 2681 per
1560 2600 1708 2682 imagina-

318 2763 321 2768 ,
349 2690 425 2756 riam
449 2691 626 2754 divisionem
649 2692 788 2755 diametri
812 2693 841 2754 in
866 2701 970 2773 partes
998 2694 1047 2757 12.

442 2780 508 2843 Hoc
532 2780 620 2843 modo
645 2781 796 2844 tutissime
820 2782 940 2857 utimur,
964 2804 1030 2846 cum
1054 2782 1193 2862 aequalia
1216 2780 1429 2861 propemodum
1452 2777 1572 2841 suntin
1592 2777 1712 2839 defectu

351 2875 383 2930 et
415 2868 444 2930 iu
478 2868 598 2931 lumine.
645 2867 697 2932 Sic
724 2870 906 2934 Maestlinua
938 2893 1016 2935 anno
1050 2869 1144 2937 1572.
1170 2869 1222 2934 25.
1246 2870 1329 2933 Juuii
1363 2869 1514 2930 defectum
1549 2867 1711 2928 maximnm

352 2957 530 3020 aestimavit
552 2957 687 3038 praecise
712 2960 869 3022 semissem
893 2961 1042 3024 diametri.
1086 2962 1147 3033 (At
1162 2958 1292 3023 Gemma
1312 2957 1426 3020 Frisios
1450 2955 1559 3019 scribit
1581 2954 1709 3017 Lot-ami

350 3045 500 3108 defecisse
522 3043 544 3110 8
568 3047 679 3126 digitos
703 3049 753 3111 lib.
769 3050 812 3110 ll.
838 3048 1069 3113 Cosmocritices
1094 3051 1165 3112 folio
1189 3046 1282 3122 233.)

439 3136 541 3215 Magis
574 3135 666 3199 etiam
696 3138 820 3217 juvatur
852 3137 894 3213 is,
930 3141 975 3201 cui
1000 3137 1242 3202 circumferentia
1265 3136 1445 3200 obumbrata
1468 3134 1556 3195 simul
1582 3131 1612 3194 in
1637 3151 1707 3194 con-

351 3233 456 3304 spectu
481 3231 538 3287 est.
584 3224 629 3288 At
654 3236 740 3288 extra
764 3227 819 3289 hos
842 3247 932 3289 casus
957 3230 1037 3290 fluxa
1061 3238 1109 3290 est
1131 3236 1163 3290 et
1185 3225 1355 3306 periculosa
1379 3224 1467 3286 ratio.

440 3314 530 3378 Anno
557 3311 652 3378 1601.
678 3312 731 3380 29.
754 3317 900 3379 Novemb.
926 3318 973 3380 vel
998 3315 1028 3383 9.
1044 3317 1186 3380 Decemb.
1212 3317 1291 3377 bona
1314 3314 1433 3394 quidem
1456 3330 1528 3392 pars
1552 3309 1590 3372 de
1606 3311 1707 3372 Lunae

351 3421 476 3482 corpore
508 3404 670 3484 superfuit,
705 3412 819 3485 quanta
848 3425 921 3468 vero
950 3421 1034 3470 esset
1057 3406 1186 3469 discerni
1218 3423 1277 3466 non
1301 3404 1399 3483 potuit
1422 3422 1442 3463 a
1464 3418 1616 3481 qucquam
1644 3417 1706 3460 cnm

352 3491 472 3556 fidncia.
519 3492 698 3557 Ambrosius
721 3493 871 3568 Rhodius,
897 3496 1032 3577 Tychoni
1056 3494 1238 3576 aliquamdiu
1262 3514 1281 3554 a
1304 3492 1429 3566 calculo,
1454 3489 1633 3551 aestimavit
1654 3487 1704 3548 de·

351 3581 462 3645 fectum
488 3580 528 3645 10
552 3582 637 3661 digit.
661 3583 868 3662 Witebergae.

441 3670 531 3734 Auno
559 3668 653 3737 1603.
678 3670 708 3737 8.
738 3670 787 3736 18.
811 3674 959 3736 Novemb.
985 3672 1210 3735 contendebant
1243 3671 1295 3732 alii
1326 3669 1393 3750 plns
1427 3672 1537 3748 quarta
1568 3663 1704 3744 partein

352 3760 583 3830 defectuosae,
616 3762 686 3823 mihi
711 3761 806 3824 minus
831 3762 944 3842 aliquid
968 3763 1024 3824 hoc
1048 3762 1156 3824 abesse
1189 3760 1387 3824 censebatur:
1421 3766 1578 3819 ettamen
1603 3754 1703 3816 obum-

349 3849 439 3911 brata
461 3849 719 3913 circumferentiae
743 3870 815 3930 pars
839 3852 1003 3931 conspicua
1026 3851 1092 3914 fuit.

441 3935 517 4000 Cum
541 3948 641 4000 antem
665 3941 765 4020 magni
790 3941 909 4003 intersit
933 3941 1151 4013 astronomiae,
1175 3937 1320 4018 partiales
1344 3936 1481 3997 defectus
1504 3940 1588 3995 recte
1613 3948 1704 3992 anun-

353 4026 421 4099 tari,
446 4026 549 4106 Tycho
572 4028 673 4090 Brahe
697 4049 735 4091 ex
758 4028 889 4092 Cornelii
919 4030 1065 4093 Gemmas
1095 4025 1355 4109 praeceptionibus
1385 4033 1463 4088 radio
1477 4031 1597 4086 dimetiri
1612 4028 1703 4084 solitas

352 4122 448 4172 estet
468 4118 631 4173 diametrum
651 4120 749 4175 Lunae
770 4128 836 4175 anta
857 4122 995 4177 defectum
1015 4128 1046 4175 01
1065 4130 1173 4191 partem
1194 4118 1331 4172 residuam
1352 4116 1379 4170 111
1400 4114 1520 4169 maximo
1541 4112 1660 4166 defectu

439 4194 581 4258 Ceterum
604 4198 711 4277 quibus
736 4199 964 4263 difficultatibus
987 4200 1035 4263 hic
1060 4200 1165 4261 modus
1195 4196 1393 4280 impediatur,
1422 4191 1539 4273 prolixe
1562 4191 1593 4253 in
1616 4207 1703 4270 snpe-

349 4282 476 4347 rinribus
500 4295 549 4347 est
571 4287 752 4365 expositum.

438 4374 540 4456 Tycho
564 4375 663 4438 Brahe
687 4396 766 4439 anno
793 4373 887 4441 1592.
917 4374 966 4440 ld.
990 4378 1073 4440 Junii
1096 4374 1270 4439 observavit
1293 4371 1378 4434 initio
1402 4369 1580 4431 diametrum
1605 4369 1702 4429 Lunae

350 4461 448 4527 0011110
472 4466 610 4544 integrae
634 4485 688 4546 per
711 4467 828 4529 radium
852 4464 916 4530 32¹.
964 4468 1081 4529 Deinde
1105 4466 1186 4529 circa
1215 4461 1335 4543 eclipsis
1360 4460 1489 4522 medium
1517 4458 1634 4520 inuenit
1658 4451 1703 4518 id'

348 4553 489 4628 residua,
536 4565 568 4616 ut
612 4555 778 4618 defecerint
824 4552 883 4618 18‘.
955 4559 1000 4618 nt
1042 4557 1166 4619 multum
1211 4555 1285 4615 baec
1329 4550 1483 4631 quantitas
1530 4548 1569 4609 ab
1616 4545 1702 4627 ipsios

349 4643 467 4707 calculo
491 4645 621 4715 recedit,
654 4647 703 4727 qni
727 4644 770 4710 26
781 4642 827 4726 ¹l,‘
860 4645 995 4725 corporis
1022 4646 1151 4709 Lunaris
1180 4645 1302 4706 umbrae
1329 4639 1472 4705 vindicat.
1519 4637 1629 4718 ltaque
1653 4635 1701 4697 hoc

438 4861 464 4921 ‘l
486 4862 674 4932 Albategnius
704 4859 856 4921 consentit,
888 4859 984 4911 Lunae
1014 4860 1174 4912 diametrum
1206 4858 1366 4912 mediocrem
1395 4861 1522 4907 statuens
1553 4851 1605 4907 82‘
1635 4851 1698 4908 25⁴2

349 4945 513 5012 apogaeam
535 4959 600 4995 vero
622 4951 652 4994 et
672 4942 835 5011 porigaearo
865 4939 946 4991 totali
978 4940 1185 4994 cceentricitate
1207 4938 1259 4991 sibi
1281 4954 1389 5008 quoquo
1417 4933 1523 4987 credita
1551 4932 1699 5005 distinguit

349 5022 438 5075 nteit
457 5022 515 5075 illic
535 5022 585 5075 29‘
607 5020 669 5076 30⁰
691 5021 736 5076 hin
757 5021 806 5074 35‘
829 5021 950 5083 20“.’¹)
