<?xml version="1.0" encoding="UTF-8"?>
<!DOCTYPE html PUBLIC "-//W3C//DTD XHTML 1.0 Transitional//EN"
    "http://www.w3.org/TR/xhtml1/DTD/xhtml1-transitional.dtd">
<html xmlns="http://www.w3.org/1999/xhtml" xml:lang="en" lang="en">
 <head>
  <title>
</title>
<meta http-equiv="Content-Type" content="text/html;charset=utf-8" />
  <meta name='ocr-system' content='tesseract 3.04.00' />
  <meta name='ocr-capabilities' content='ocr_page ocr_carea ocr_par ocr_line ocrx_word'/>
</head>
<body>
  <div class='ocr_page' id='page_1' title='image "./joanniskepleria01frisgoog/joanniskepleria01frisgoog_0774.png"; bbox 0 0 3692 5842; ppageno 0'>
   <div class='ocr_carea' id='block_1_1' title="bbox 253 445 1082 515">
    <p class='ocr_par' dir='ltr' id='par_1_1' title="bbox 253 445 1082 515">
     <span class='ocr_line' id='line_1_1' title="bbox 253 445 1082 515; baseline 0.005 -15"><span class='ocrx_word' id='word_1_1' title='bbox 253 445 318 515; x_wconf 80' lang='grc'>762</span> <span class='ocrx_word' id='word_1_2' title='bbox 773 450 890 502; x_wconf 74' lang='lat' dir='ltr'>Narratio</span> <span class='ocrx_word' id='word_1_3' title='bbox 907 452 1082 504; x_wconf 64' lang='lat' dir='ltr'>munden</span> 
     </span>
    </p>
   </div>
   <div class='ocr_carea' id='block_1_2' title="bbox 236 627 1610 3749">
    <p class='ocr_par' dir='ltr' id='par_1_2' title="bbox 236 627 1610 2676">
     <span class='ocr_line' id='line_1_2' title="bbox 251 627 1603 711; baseline 0.001 -18"><span class='ocrx_word' id='word_1_4' title='bbox 251 629 347 711; x_wconf 80' lang='lat' dir='ltr'><strong>Atqui</strong></span> <span class='ocrx_word' id='word_1_5' title='bbox 371 629 455 692; x_wconf 90' lang='lat' dir='ltr'>clara</span> <span class='ocrx_word' id='word_1_6' title='bbox 477 638 527 691; x_wconf 87' lang='lat' dir='ltr'>est</span> <span class='ocrx_word' id='word_1_7' title='bbox 548 628 625 690; x_wconf 83' lang='lat' dir='ltr'>haec</span> <span class='ocrx_word' id='word_1_8' title='bbox 646 628 757 703; x_wconf 89' lang='lat' dir='ltr'>stella,</span> <span class='ocrx_word' id='word_1_9' title='bbox 784 627 862 690; x_wconf 86' lang='lat' dir='ltr'>satis</span> <span class='ocrx_word' id='word_1_10' title='bbox 884 647 997 709; x_wconf 87' lang='lat' dir='ltr'>magna</span> <span class='ocrx_word' id='word_1_11' title='bbox 1018 636 1083 706; x_wconf 86' lang='lat' dir='ltr'>est,</span> <span class='ocrx_word' id='word_1_12' title='bbox 1111 629 1179 693; x_wconf 91' lang='lat' dir='ltr'>looo</span> <span class='ocrx_word' id='word_1_13' title='bbox 1200 630 1313 695; x_wconf 77' lang='lat' dir='ltr'>illustri</span> <span class='ocrx_word' id='word_1_14' title='bbox 1336 637 1403 706; x_wconf 84' lang='lat' dir='ltr'>est,</span> <span class='ocrx_word' id='word_1_15' title='bbox 1437 628 1603 710; x_wconf 54' lang='lat' dir='ltr'>confim-</span> 
     </span>
     <span class='ocr_line' id='line_1_3' title="bbox 255 717 1604 799; baseline 0.001 -16"><span class='ocrx_word' id='word_1_16' title='bbox 255 719 348 783; x_wconf 89' lang='lat' dir='ltr'>tionis</span> <span class='ocrx_word' id='word_1_17' title='bbox 370 738 438 782; x_wconf 93' lang='lat' dir='ltr'>cum</span> <span class='ocrx_word' id='word_1_18' title='bbox 460 717 570 782; x_wconf 89' lang='lat' dir='ltr'>ceteris</span> <span class='ocrx_word' id='word_1_19' title='bbox 593 718 723 799; x_wconf 89' lang='lat' dir='ltr'>speciem</span> <span class='ocrx_word' id='word_1_20' title='bbox 747 717 903 780; x_wconf 79' lang='lat' dir='ltr'>evidenter</span> <span class='ocrx_word' id='word_1_21' title='bbox 926 718 1026 781; x_wconf 82' lang='lat' dir='ltr'>uariat</span> <span class='ocrx_word' id='word_1_22' title='bbox 1047 718 1154 782; x_wconf 88' lang='lat' dir='ltr'>addita</span> <span class='ocrx_word' id='word_1_23' title='bbox 1174 721 1224 783; x_wconf 80' lang='lat' dir='ltr'>vel</span> <span class='ocrx_word' id='word_1_24' title='bbox 1245 720 1365 784; x_wconf 73' lang='lat' dir='ltr'>ablata</span> <span class='ocrx_word' id='word_1_25' title='bbox 1412 721 1512 799; x_wconf 83' lang='lat' dir='ltr'>Igitur</span> <span class='ocrx_word' id='word_1_26' title='bbox 1532 737 1604 799; x_wconf 72' lang='lat' dir='ltr'>pne</span> 
     </span>
     <span class='ocr_line' id='line_1_4' title="bbox 252 806 1604 888; baseline 0 -17"><span class='ocrx_word' id='word_1_27' title='bbox 252 808 437 881; x_wconf 84' lang='lat' dir='ltr'>incredibile,</span> <span class='ocrx_word' id='word_1_28' title='bbox 460 827 519 870; x_wconf 93' lang='lat' dir='ltr'>nou</span> <span class='ocrx_word' id='word_1_29' title='bbox 542 827 632 888; x_wconf 84' lang='lat' dir='ltr'>posse</span> <span class='ocrx_word' id='word_1_30' title='bbox 656 816 779 870; x_wconf 90' lang='lat' dir='ltr'>nautam</span> <span class='ocrx_word' id='word_1_31' title='bbox 802 806 982 869; x_wconf 87' lang='lat' dir='ltr'>industrium</span> <span class='ocrx_word' id='word_1_32' title='bbox 1007 808 1195 885; x_wconf 74' lang='lat' dir='ltr'>meminisse,</span> <span class='ocrx_word' id='word_1_33' title='bbox 1217 810 1244 871; x_wconf 91' lang='lat' dir='ltr'>si</span> <span class='ocrx_word' id='word_1_34' title='bbox 1267 819 1358 871; x_wconf 83' lang='lat' dir='ltr'>retus</span> <span class='ocrx_word' id='word_1_35' title='bbox 1379 810 1439 872; x_wconf 81' lang='lat' dir='ltr'>ulla</span> <span class='ocrx_word' id='word_1_36' title='bbox 1459 808 1513 871; x_wconf 86' lang='lat' dir='ltr'>sit.</span> <span class='ocrx_word' id='word_1_37' title='bbox 1556 808 1604 871; x_wconf 75' lang='lat' dir='ltr'>nte</span> 
     </span>
     <span class='ocr_line' id='line_1_5' title="bbox 252 897 1605 981; baseline -0.001 -20"><span class='ocrx_word' id='word_1_38' title='bbox 252 898 332 981; x_wconf 89' lang='lat' dir='ltr'>quod</span> <span class='ocrx_word' id='word_1_39' title='bbox 355 899 476 967; x_wconf 79' lang='lat' dir='ltr'>attinet,</span> <span class='ocrx_word' id='word_1_40' title='bbox 501 897 628 960; x_wconf 80' lang='lat' dir='ltr'>candide</span> <span class='ocrx_word' id='word_1_41' title='bbox 651 916 757 974; x_wconf 86' lang='lat' dir='ltr'>agam,</span> <span class='ocrx_word' id='word_1_42' title='bbox 780 905 816 959; x_wconf 90' lang='lat' dir='ltr'>ut</span> <span class='ocrx_word' id='word_1_43' title='bbox 838 905 1045 960; x_wconf 86' lang='lat' dir='ltr'>astronomum</span> <span class='ocrx_word' id='word_1_44' title='bbox 1072 897 1170 962; x_wconf 79' lang='lat' dir='ltr'>decet.</span> <span class='ocrx_word' id='word_1_45' title='bbox 1214 899 1294 963; x_wconf 76' lang='lat' dir='ltr'>Nam</span> <span class='ocrx_word' id='word_1_46' title='bbox 1318 900 1348 962; x_wconf 88' lang='lat' dir='ltr'>si</span> <span class='ocrx_word' id='word_1_47' title='bbox 1369 918 1412 960; x_wconf 85' lang='lat' dir='ltr'>ex</span> <span class='ocrx_word' id='word_1_48' title='bbox 1440 917 1489 959; x_wconf 84' lang='lat' dir='ltr'>me</span> <span class='ocrx_word' id='word_1_49' title='bbox 1515 916 1605 977; x_wconf 81' lang='lat' dir='ltr'>qnan-</span> 
     </span>
     <span class='ocr_line' id='line_1_6' title="bbox 251 979 1606 1068; baseline -0.001 -17"><span class='ocrx_word' id='word_1_50' title='bbox 251 997 346 1068; x_wconf 67' lang='lat' dir='ltr'>raom,</span> <span class='ocrx_word' id='word_1_51' title='bbox 370 987 496 1049; x_wconf 83' lang='lat' dir='ltr'>viderim</span> <span class='ocrx_word' id='word_1_52' title='bbox 520 988 598 1048; x_wconf 87' lang='lat' dir='ltr'>hanc</span> <span class='ocrx_word' id='word_1_53' title='bbox 620 986 741 1048; x_wconf 87' lang='lat' dir='ltr'>stellam</span> <span class='ocrx_word' id='word_1_54' title='bbox 765 994 834 1047; x_wconf 92' lang='lat' dir='ltr'>ante</span> <span class='ocrx_word' id='word_1_55' title='bbox 858 979 968 1049; x_wconf 86' lang='lat' dir='ltr'>auuuin</span> <span class='ocrx_word' id='word_1_56' title='bbox 986 982 1080 1063; x_wconf 82' lang='grc'><strong>1601,</strong></span> <span class='ocrx_word' id='word_1_57' title='bbox 1105 1008 1143 1049; x_wconf 92' lang='lat' dir='ltr'>an</span> <span class='ocrx_word' id='word_1_58' title='bbox 1158 987 1242 1050; x_wconf 73' lang='lat' dir='ltr'>nou?</span> <span class='ocrx_word' id='word_1_59' title='bbox 1265 988 1386 1052; x_wconf 72' lang='lat' dir='ltr'>nescim</span> <span class='ocrx_word' id='word_1_60' title='bbox 1409 1006 1460 1049; x_wconf 84' lang='lat' dir='ltr'>me</span> <span class='ocrx_word' id='word_1_61' title='bbox 1482 1005 1606 1068; x_wconf 81' lang='lat' dir='ltr'>respon-</span> 
     </span>
     <span class='ocr_line' id='line_1_7' title="bbox 251 1073 1606 1141; baseline -0.003 0"><span class='ocrx_word' id='word_1_62' title='bbox 251 1077 381 1141; x_wconf 91' lang='lat' dir='ltr'>dendum</span> <span class='ocrx_word' id='word_1_63' title='bbox 403 1077 469 1139; x_wconf 88' lang='lat' dir='ltr'>erit.</span> <span class='ocrx_word' id='word_1_64' title='bbox 514 1077 594 1139; x_wconf 77' lang='lat' dir='ltr'>Nam</span> <span class='ocrx_word' id='word_1_65' title='bbox 618 1076 677 1140; x_wconf 89' lang='lat' dir='ltr'>etsi</span> <span class='ocrx_word' id='word_1_66' title='bbox 699 1076 738 1137; x_wconf 87' lang='lat' dir='ltr'>ab</span> <span class='ocrx_word' id='word_1_67' title='bbox 763 1091 841 1138; x_wconf 88' lang='lat' dir='ltr'>anno</span> <span class='ocrx_word' id='word_1_68' title='bbox 867 1073 962 1140; x_wconf 87' lang='grc'><strong>1591.</strong></span> <span class='ocrx_word' id='word_1_69' title='bbox 986 1076 1150 1139; x_wconf 75' lang='lat' dir='ltr'>Maastliuo</span> <span class='ocrx_word' id='word_1_70' title='bbox 1177 1087 1368 1141; x_wconf 85' lang='lat' dir='ltr'>monstrante</span> <span class='ocrx_word' id='word_1_71' title='bbox 1392 1076 1516 1139; x_wconf 79' lang='lat' dir='ltr'>eoelum</span> <span class='ocrx_word' id='word_1_72' title='bbox 1538 1095 1606 1137; x_wconf 85' lang='lat' dir='ltr'>nos·</span> 
     </span>
     <span class='ocr_line' id='line_1_8' title="bbox 253 1165 1610 1337; baseline -0.001 -19"><span class='ocrx_word' id='word_1_73' title='bbox 253 1166 545 1319; x_wconf 53' lang='lat' dir='ltr'>ffieffii’unndd</span> <span class='ocrx_word' id='word_1_74' title='bbox 567 1165 1610 1337; x_wconf 37' lang='grc' dir='ltr'>113811ζῖ01ᾝῇωοῗυῖὴωίοᾳιιιοὶᾳώῖρωίαῗοωμὲἑώιᾚ</span> 
     </span>
     <span class='ocr_line' id='line_1_9' title="bbox 254 1342 1609 1427; baseline -0.001 -19"><span class='ocrx_word' id='word_1_75' title='bbox 254 1345 497 1418; x_wconf 76' lang='lat' dir='ltr'>astronomicam,</span> <span class='ocrx_word' id='word_1_76' title='bbox 522 1344 552 1406; x_wconf 93' lang='lat' dir='ltr'>iu</span> <span class='ocrx_word' id='word_1_77' title='bbox 575 1342 678 1426; x_wconf 91' lang='lat' dir='ltr'>Styria</span> <span class='ocrx_word' id='word_1_78' title='bbox 701 1345 816 1406; x_wconf 89' lang='lat' dir='ltr'>coelum</span> <span class='ocrx_word' id='word_1_79' title='bbox 840 1344 944 1406; x_wconf 85' lang='lat' dir='ltr'>sedulo</span> <span class='ocrx_word' id='word_1_80' title='bbox 972 1344 1092 1425; x_wconf 87' lang='lat' dir='ltr'>quidem</span> <span class='ocrx_word' id='word_1_81' title='bbox 1120 1345 1254 1426; x_wconf 86' lang='lat' dir='ltr'>inspexi,</span> <span class='ocrx_word' id='word_1_82' title='bbox 1283 1345 1425 1427; x_wconf 84' lang='lat' dir='ltr'>repetita</span> <span class='ocrx_word' id='word_1_83' title='bbox 1446 1363 1487 1407; x_wconf 77' lang='lat' dir='ltr'>ex</span> <span class='ocrx_word' id='word_1_84' title='bbox 1514 1343 1609 1424; x_wconf 81' lang='lat' dir='ltr'>globis</span> 
     </span>
     <span class='ocr_line' id='line_1_10' title="bbox 255 1433 1608 1517; baseline -0.002 -19"><span class='ocrx_word' id='word_1_85' title='bbox 255 1443 406 1498; x_wconf 87' lang='lat' dir='ltr'>astromm</span> <span class='ocrx_word' id='word_1_86' title='bbox 434 1433 561 1496; x_wconf 88' lang='lat' dir='ltr'>notitia:</span> <span class='ocrx_word' id='word_1_87' title='bbox 593 1453 648 1495; x_wconf 87' lang='lat' dir='ltr'>uec</span> <span class='ocrx_word' id='word_1_88' title='bbox 681 1434 800 1495; x_wconf 88' lang='lat' dir='ltr'>memini</span> <span class='ocrx_word' id='word_1_89' title='bbox 823 1452 870 1495; x_wconf 91' lang='lat' dir='ltr'>me</span> <span class='ocrx_word' id='word_1_90' title='bbox 900 1434 1003 1514; x_wconf 86' lang='lat' dir='ltr'>plures</span> <span class='ocrx_word' id='word_1_91' title='bbox 1031 1434 1081 1497; x_wconf 90' lang='lat' dir='ltr'>hic</span> <span class='ocrx_word' id='word_1_92' title='bbox 1106 1434 1138 1496; x_wconf 92' lang='lat' dir='ltr'>in</span> <span class='ocrx_word' id='word_1_93' title='bbox 1166 1436 1251 1498; x_wconf 90' lang='lat' dir='ltr'>coelo</span> <span class='ocrx_word' id='word_1_94' title='bbox 1281 1435 1438 1517; x_wconf 82' lang='lat' dir='ltr'>reperire,</span> <span class='ocrx_word' id='word_1_95' title='bbox 1469 1433 1608 1517; x_wconf 81' lang='lat' dir='ltr'>quantia</span> 
     </span>
     <span class='ocr_line' id='line_1_11' title="bbox 255 1522 1608 1605; baseline 0 -19"><span class='ocrx_word' id='word_1_96' title='bbox 255 1524 356 1605; x_wconf 85' lang='lat' dir='ltr'>globo.</span> <span class='ocrx_word' id='word_1_97' title='bbox 393 1522 495 1604; x_wconf 87' lang='lat' dir='ltr'>Saepe</span> <span class='ocrx_word' id='word_1_98' title='bbox 518 1542 574 1585; x_wconf 88' lang='lat' dir='ltr'>usu</span> <span class='ocrx_word' id='word_1_99' title='bbox 597 1522 689 1597; x_wconf 82' lang='lat' dir='ltr'>veuit,</span> <span class='ocrx_word' id='word_1_100' title='bbox 712 1531 748 1586; x_wconf 90' lang='lat' dir='ltr'>ut</span> <span class='ocrx_word' id='word_1_101' title='bbox 769 1522 806 1585; x_wconf 88' lang='lat' dir='ltr'>de</span> <span class='ocrx_word' id='word_1_102' title='bbox 830 1530 918 1585; x_wconf 88' lang='lat' dir='ltr'>nocte</span> <span class='ocrx_word' id='word_1_103' title='bbox 942 1522 1088 1586; x_wconf 73' lang='lat' dir='ltr'>studiosis</span> <span class='ocrx_word' id='word_1_104' title='bbox 1109 1524 1286 1588; x_wconf 85' lang='lat' dir='ltr'>coelestium</span> <span class='ocrx_word' id='word_1_105' title='bbox 1306 1523 1495 1588; x_wconf 73' lang='lat' dir='ltr'>asteriam</span> <span class='ocrx_word' id='word_1_106' title='bbox 1517 1522 1608 1586; x_wconf 64' lang='lat' dir='ltr'>asw-</span> 
     </span>
     <span class='ocr_line' id='line_1_12' title="bbox 252 1611 1607 1696; baseline 0.001 -22"><span class='ocrx_word' id='word_1_107' title='bbox 252 1632 311 1696; x_wconf 85' lang='lat' dir='ltr'>que</span> <span class='ocrx_word' id='word_1_108' title='bbox 333 1619 367 1675; x_wconf 88' lang='lat' dir='ltr'>et</span> <span class='ocrx_word' id='word_1_109' title='bbox 385 1611 525 1694; x_wconf 78' lang='lat' dir='ltr'>Cygnum</span> <span class='ocrx_word' id='word_1_110' title='bbox 548 1612 643 1692; x_wconf 82' lang='lat' dir='ltr'>digito</span> <span class='ocrx_word' id='word_1_111' title='bbox 667 1619 886 1675; x_wconf 78' lang='lat' dir='ltr'>monstraremz&#39;</span> <span class='ocrx_word' id='word_1_112' title='bbox 908 1631 1062 1693; x_wconf 91' lang='lat' dir='ltr'>nunquam</span> <span class='ocrx_word' id='word_1_113' title='bbox 1084 1613 1222 1694; x_wconf 88' lang='lat' dir='ltr'>quaestio</span> <span class='ocrx_word' id='word_1_114' title='bbox 1244 1613 1362 1689; x_wconf 80' lang='lat' dir='ltr'>incidit,</span> <span class='ocrx_word' id='word_1_115' title='bbox 1385 1632 1453 1694; x_wconf 87' lang='lat' dir='ltr'>qua</span> <span class='ocrx_word' id='word_1_116' title='bbox 1472 1613 1508 1675; x_wconf 89' lang='lat' dir='ltr'>in</span> <span class='ocrx_word' id='word_1_117' title='bbox 1526 1621 1607 1693; x_wconf 74' lang='lat' dir='ltr'>pute</span> 
     </span>
     <span class='ocr_line' id='line_1_13' title="bbox 250 1700 1606 1783; baseline -0.001 -18"><span class='ocrx_word' id='word_1_118' title='bbox 250 1702 391 1766; x_wconf 88' lang='lat' dir='ltr'>haereret</span> <span class='ocrx_word' id='word_1_119' title='bbox 413 1702 475 1776; x_wconf 88' lang='lat' dir='ltr'>illa,</span> <span class='ocrx_word' id='word_1_120' title='bbox 500 1720 590 1782; x_wconf 92' lang='lat' dir='ltr'>quam</span> <span class='ocrx_word' id='word_1_121' title='bbox 613 1700 700 1763; x_wconf 90' lang='lat' dir='ltr'>hodie</span> <span class='ocrx_word' id='word_1_122' title='bbox 723 1702 859 1781; x_wconf 83' lang='lat' dir='ltr'>proxime</span> <span class='ocrx_word' id='word_1_123' title='bbox 874 1710 982 1782; x_wconf 88' lang='lat' dir='ltr'>pectus</span> <span class='ocrx_word' id='word_1_124' title='bbox 1004 1702 1216 1782; x_wconf 84' lang='lat' dir='ltr'>conspicimus.</span> <span class='ocrx_word' id='word_1_125' title='bbox 1261 1703 1368 1783; x_wconf 83' lang='lat' dir='ltr'>Neque</span> <span class='ocrx_word' id='word_1_126' title='bbox 1392 1712 1501 1765; x_wconf 70' lang='lat' dir='ltr'>umen</span> <span class='ocrx_word' id='word_1_127' title='bbox 1525 1701 1606 1764; x_wconf 67' lang='lat' dir='ltr'>ala·</span> 
     </span>
     <span class='ocr_line' id='line_1_14' title="bbox 250 1789 1608 1872; baseline 0 -18"><span class='ocrx_word' id='word_1_128' title='bbox 250 1811 332 1854; x_wconf 90' lang='lat' dir='ltr'>mare</span> <span class='ocrx_word' id='word_1_129' title='bbox 355 1809 410 1871; x_wconf 94' lang='lat' dir='ltr'>pro</span> <span class='ocrx_word' id='word_1_130' title='bbox 432 1799 515 1853; x_wconf 90' lang='lat' dir='ltr'>certo</span> <span class='ocrx_word' id='word_1_131' title='bbox 535 1790 642 1865; x_wconf 88' lang='lat' dir='ltr'>ausim,</span> <span class='ocrx_word' id='word_1_132' title='bbox 666 1810 724 1853; x_wconf 93' lang='lat' dir='ltr'>uon</span> <span class='ocrx_word' id='word_1_133' title='bbox 742 1791 839 1853; x_wconf 85' lang='lat' dir='ltr'>risam</span> <span class='ocrx_word' id='word_1_134' title='bbox 857 1790 930 1853; x_wconf 90' lang='lat' dir='ltr'>mihi</span> <span class='ocrx_word' id='word_1_135' title='bbox 948 1799 1030 1866; x_wconf 89' lang='lat' dir='ltr'>tunc,</span> <span class='ocrx_word' id='word_1_136' title='bbox 1054 1810 1131 1872; x_wconf 87' lang='lat' dir='ltr'>quae</span> <span class='ocrx_word' id='word_1_137' title='bbox 1149 1792 1213 1871; x_wconf 85' lang='lat' dir='ltr'>jam</span> <span class='ocrx_word' id='word_1_138' title='bbox 1232 1792 1361 1856; x_wconf 81' lang='lat' dir='ltr'>videtur.</span> <span class='ocrx_word' id='word_1_139' title='bbox 1401 1789 1439 1855; x_wconf 88' lang='lat' dir='ltr'>Si</span> <span class='ocrx_word' id='word_1_140' title='bbox 1459 1791 1492 1854; x_wconf 91' lang='lat' dir='ltr'>iu</span> <span class='ocrx_word' id='word_1_141' title='bbox 1511 1790 1608 1871; x_wconf 80' lang='lat' dir='ltr'>aliquo</span> 
     </span>
     <span class='ocr_line' id='line_1_15' title="bbox 251 1878 1608 1961; baseline 0 -18"><span class='ocrx_word' id='word_1_142' title='bbox 251 1881 406 1961; x_wconf 87' lang='lat' dir='ltr'>siguomm</span> <span class='ocrx_word' id='word_1_143' title='bbox 426 1878 552 1953; x_wconf 85' lang='lat' dir='ltr'>zodiaci,</span> <span class='ocrx_word' id='word_1_144' title='bbox 574 1881 754 1961; x_wconf 89' lang='lat' dir='ltr'>praesertim</span> <span class='ocrx_word' id='word_1_145' title='bbox 774 1899 887 1954; x_wconf 91' lang='lat' dir='ltr'>eorum,</span> <span class='ocrx_word' id='word_1_146' title='bbox 911 1889 1078 1961; x_wconf 84' lang='lat' dir='ltr'>quaesunt</span> <span class='ocrx_word' id='word_1_147' title='bbox 1100 1880 1132 1943; x_wconf 92' lang='lat' dir='ltr'>in</span> <span class='ocrx_word' id='word_1_148' title='bbox 1153 1880 1271 1943; x_wconf 80' lang='lat' dir='ltr'>aestiuo</span> <span class='ocrx_word' id='word_1_149' title='bbox 1293 1881 1409 1943; x_wconf 89' lang='lat' dir='ltr'>circulo</span> <span class='ocrx_word' id='word_1_150' title='bbox 1433 1878 1608 1960; x_wconf 84' lang='lat' dir='ltr'>insigniora.</span> 
     </span>
     <span class='ocr_line' id='line_1_16' title="bbox 251 1966 1609 2051; baseline -0.002 -18"><span class='ocrx_word' id='word_1_151' title='bbox 251 1970 280 2033; x_wconf 88' lang='lat' dir='ltr'>si</span> <span class='ocrx_word' id='word_1_152' title='bbox 300 1970 332 2033; x_wconf 92' lang='lat' dir='ltr'>iu</span> <span class='ocrx_word' id='word_1_153' title='bbox 351 1970 441 2046; x_wconf 88' lang='lat' dir='ltr'>Ursa,</span> <span class='ocrx_word' id='word_1_154' title='bbox 461 1966 650 2049; x_wconf 86' lang='lat' dir='ltr'>Cassiopeia,</span> <span class='ocrx_word' id='word_1_155' title='bbox 669 1970 776 2045; x_wconf 88' lang='lat' dir='ltr'>Boote,</span> <span class='ocrx_word' id='word_1_156' title='bbox 799 1969 1008 2043; x_wconf 87' lang='lat' dir='ltr'>Erichthonio,</span> <span class='ocrx_word' id='word_1_157' title='bbox 1027 1967 1139 2032; x_wconf 89' lang='lat' dir='ltr'>Orione</span> <span class='ocrx_word' id='word_1_158' title='bbox 1164 1979 1219 2032; x_wconf 89' lang='lat' dir='ltr'>aut</span> <span class='ocrx_word' id='word_1_159' title='bbox 1240 1970 1301 2034; x_wconf 92' lang='lat' dir='ltr'>alio</span> <span class='ocrx_word' id='word_1_160' title='bbox 1324 1989 1425 2051; x_wconf 82' lang='lat' dir='ltr'>aeque</span> <span class='ocrx_word' id='word_1_161' title='bbox 1448 1969 1609 2050; x_wconf 78' lang='lat' dir='ltr'>censpiano</span> 
     </span>
     <span class='ocr_line' id='line_1_17' title="bbox 252 2058 1608 2139; baseline -0.004 -16"><span class='ocrx_word' id='word_1_162' title='bbox 252 2067 285 2123; x_wconf 89' lang='lat' dir='ltr'>et</span> <span class='ocrx_word' id='word_1_163' title='bbox 297 2059 327 2122; x_wconf 97' lang='lat' dir='ltr'>in</span> <span class='ocrx_word' id='word_1_164' title='bbox 341 2060 446 2122; x_wconf 90' lang='lat' dir='ltr'>oculos</span> <span class='ocrx_word' id='word_1_165' title='bbox 469 2059 637 2121; x_wconf 82' lang='lat' dir='ltr'>incurrente</span> <span class='ocrx_word' id='word_1_166' title='bbox 661 2058 820 2122; x_wconf 86' lang='lat' dir='ltr'>asterismo</span> <span class='ocrx_word' id='word_1_167' title='bbox 840 2078 951 2122; x_wconf 81' lang='lat' dir='ltr'>novum</span> <span class='ocrx_word' id='word_1_168' title='bbox 963 2059 1035 2139; x_wconf 91' lang='lat' dir='ltr'>quid</span> <span class='ocrx_word' id='word_1_169' title='bbox 1048 2069 1153 2121; x_wconf 68' lang='lat' dir='ltr'>uotae</span> <span class='ocrx_word' id='word_1_170' title='bbox 1168 2059 1385 2139; x_wconf 75' lang='lat' dir='ltr'>magnitudinis</span> <span class='ocrx_word' id='word_1_171' title='bbox 1403 2059 1608 2123; x_wconf 60' lang='lat' dir='ltr'>occurissem</span> 
     </span>
     <span class='ocr_line' id='line_1_18' title="bbox 251 2147 1608 2230; baseline -0.001 -19"><span class='ocrx_word' id='word_1_172' title='bbox 251 2148 389 2230; x_wconf 89' lang='lat' dir='ltr'>equidem</span> <span class='ocrx_word' id='word_1_173' title='bbox 419 2148 466 2210; x_wconf 90' lang='lat' dir='ltr'>lta</span> <span class='ocrx_word' id='word_1_174' title='bbox 496 2147 660 2227; x_wconf 90' lang='lat' dir='ltr'>impressas</span> <span class='ocrx_word' id='word_1_175' title='bbox 684 2169 703 2210; x_wconf 95' lang='lat' dir='ltr'>a</span> <span class='ocrx_word' id='word_1_176' title='bbox 730 2148 824 2210; x_wconf 88' lang='lat' dir='ltr'>multo</span> <span class='ocrx_word' id='word_1_177' title='bbox 857 2156 992 2228; x_wconf 79' lang='lat' dir='ltr'>tempore</span> <span class='ocrx_word' id='word_1_178' title='bbox 1024 2148 1173 2211; x_wconf 91' lang='lat' dir='ltr'>habebam</span> <span class='ocrx_word' id='word_1_179' title='bbox 1202 2147 1307 2212; x_wconf 70' lang='lat' dir='ltr'>limum</span> <span class='ocrx_word' id='word_1_180' title='bbox 1340 2147 1608 2212; x_wconf 68' lang='lat' dir='ltr'>constellationum</span> 
     </span>
     <span class='ocr_line' id='line_1_19' title="bbox 249 2236 1608 2319; baseline -0.001 -18"><span class='ocrx_word' id='word_1_181' title='bbox 249 2236 387 2301; x_wconf 88' lang='lat' dir='ltr'>ideasiu</span> <span class='ocrx_word' id='word_1_182' title='bbox 416 2236 535 2312; x_wconf 89' lang='lat' dir='ltr'>animo,</span> <span class='ocrx_word' id='word_1_183' title='bbox 568 2245 603 2298; x_wconf 87' lang='lat' dir='ltr'>ut</span> <span class='ocrx_word' id='word_1_184' title='bbox 629 2238 819 2306; x_wconf 89' lang='lat' dir='ltr'>discernere,</span> <span class='ocrx_word' id='word_1_185' title='bbox 851 2237 992 2319; x_wconf 93' lang='lat' dir='ltr'>quicquid</span> <span class='ocrx_word' id='word_1_186' title='bbox 1016 2238 1048 2300; x_wconf 91' lang='lat' dir='ltr'>id</span> <span class='ocrx_word' id='word_1_187' title='bbox 1077 2248 1179 2311; x_wconf 87' lang='lat' dir='ltr'>esset,</span> <span class='ocrx_word' id='word_1_188' title='bbox 1209 2238 1300 2300; x_wconf 84' lang='lat' dir='ltr'>lacile</span> <span class='ocrx_word' id='word_1_189' title='bbox 1328 2257 1465 2319; x_wconf 84' lang='lat' dir='ltr'>possem</span> <span class='ocrx_word' id='word_1_190' title='bbox 1514 2238 1608 2301; x_wconf 81' lang='lat' dir='ltr'>Atia</span> 
     </span>
     <span class='ocr_line' id='line_1_20' title="bbox 251 2325 1607 2410; baseline -0.001 -19"><span class='ocrx_word' id='word_1_191' title='bbox 251 2325 357 2410; x_wconf 91' lang='lat' dir='ltr'>Cygno</span> <span class='ocrx_word' id='word_1_192' title='bbox 379 2344 476 2408; x_wconf 88' lang='lat' dir='ltr'>neque</span> <span class='ocrx_word' id='word_1_193' title='bbox 496 2326 623 2408; x_wconf 85' lang='lat' dir='ltr'>planeta</span> <span class='ocrx_word' id='word_1_194' title='bbox 643 2327 722 2389; x_wconf 88' lang='lat' dir='ltr'>ullus</span> <span class='ocrx_word' id='word_1_195' title='bbox 745 2346 973 2390; x_wconf 84' lang='lat' dir='ltr'>cursumsuum</span> <span class='ocrx_word' id='word_1_196' title='bbox 994 2335 1118 2390; x_wconf 82' lang='lat' dir='ltr'>exercet</span> <span class='ocrx_word' id='word_1_197' title='bbox 1139 2346 1235 2408; x_wconf 89' lang='lat' dir='ltr'>neque</span> <span class='ocrx_word' id='word_1_198' title='bbox 1257 2326 1294 2403; x_wconf 88' lang='lat' dir='ltr'>ii,</span> <span class='ocrx_word' id='word_1_199' title='bbox 1318 2346 1395 2409; x_wconf 88' lang='lat' dir='ltr'>quos</span> <span class='ocrx_word' id='word_1_200' title='bbox 1419 2346 1479 2408; x_wconf 89' lang='lat' dir='ltr'>ego</span> <span class='ocrx_word' id='word_1_201' title='bbox 1504 2327 1607 2390; x_wconf 81' lang='lat' dir='ltr'>videre</span> 
     </span>
     <span class='ocr_line' id='line_1_21' title="bbox 250 2414 1607 2499; baseline -0.001 -20"><span class='ocrx_word' id='word_1_202' title='bbox 250 2417 344 2499; x_wconf 87' lang='lat' dir='ltr'>potui,</span> <span class='ocrx_word' id='word_1_203' title='bbox 367 2424 503 2478; x_wconf 85' lang='lat' dir='ltr'>cometae</span> <span class='ocrx_word' id='word_1_204' title='bbox 526 2433 702 2497; x_wconf 88' lang='lat' dir='ltr'>apparuere.</span> <span class='ocrx_word' id='word_1_205' title='bbox 749 2414 866 2487; x_wconf 86' lang='lat' dir='ltr'>meus</span> <span class='ocrx_word' id='word_1_206' title='bbox 890 2416 927 2478; x_wconf 88' lang='lat' dir='ltr'>de</span> <span class='ocrx_word' id='word_1_207' title='bbox 950 2416 1052 2479; x_wconf 87' lang='lat' dir='ltr'>causis</span> <span class='ocrx_word' id='word_1_208' title='bbox 1075 2415 1187 2491; x_wconf 81' lang='lat' dir='ltr'>fateor,</span> <span class='ocrx_word' id='word_1_209' title='bbox 1216 2435 1367 2498; x_wconf 88' lang='lat' dir='ltr'>nunquam</span> <span class='ocrx_word' id='word_1_210' title='bbox 1390 2425 1467 2478; x_wconf 88' lang='lat' dir='ltr'>aute</span> <span class='ocrx_word' id='word_1_211' title='bbox 1497 2435 1607 2478; x_wconf 88' lang='lat' dir='ltr'>annun</span> 
     </span>
     <span class='ocr_line' id='line_1_22' title="bbox 241 2501 1608 2596; baseline 0.001 -27"><span class='ocrx_word' id='word_1_212' title='bbox 241 2501 349 2570; x_wconf 68' lang='grc' dir='ltr'>1602Ὶ</span> <span class='ocrx_word' id='word_1_213' title='bbox 375 2512 464 2567; x_wconf 87' lang='lat' dir='ltr'>tanta</span> <span class='ocrx_word' id='word_1_214' title='bbox 495 2505 576 2568; x_wconf 90' lang='lat' dir='ltr'>circa</span> <span class='ocrx_word' id='word_1_215' title='bbox 606 2506 691 2567; x_wconf 87' lang='lat' dir='ltr'>sidus</span> <span class='ocrx_word' id='word_1_216' title='bbox 714 2505 771 2567; x_wconf 92' lang='lat' dir='ltr'>hoc</span> <span class='ocrx_word' id='word_1_217' title='bbox 797 2505 999 2568; x_wconf 87' lang='lat' dir='ltr'>sollicitudine</span> <span class='ocrx_word' id='word_1_218' title='bbox 1023 2504 1082 2580; x_wconf 81' lang='lat' dir='ltr'>fui,</span> <span class='ocrx_word' id='word_1_219' title='bbox 1111 2514 1146 2567; x_wconf 91' lang='lat' dir='ltr'>ut</span> <span class='ocrx_word' id='word_1_220' title='bbox 1167 2505 1361 2596; x_wconf 74' lang='lat' dir='ltr'>collationem</span> <span class='ocrx_word' id='word_1_221' title='bbox 1383 2504 1477 2569; x_wconf 85' lang='lat' dir='ltr'>abaci</span> <span class='ocrx_word' id='word_1_222' title='bbox 1502 2505 1608 2570; x_wconf 69' lang='lat' dir='ltr'>fflic-</span> 
     </span>
     <span class='ocr_line' id='line_1_23' title="bbox 236 2594 1047 2676; baseline 0 -18"><span class='ocrx_word' id='word_1_223' title='bbox 236 2595 341 2658; x_wconf 85' lang='lat' dir='ltr'>.maici</span> <span class='ocrx_word' id='word_1_224' title='bbox 364 2613 431 2656; x_wconf 93' lang='lat' dir='ltr'>cum</span> <span class='ocrx_word' id='word_1_225' title='bbox 455 2596 539 2657; x_wconf 92' lang='lat' dir='ltr'>coelo</span> <span class='ocrx_word' id='word_1_226' title='bbox 563 2613 601 2656; x_wconf 84' lang='lat' dir='ltr'>ex</span> <span class='ocrx_word' id='word_1_227' title='bbox 622 2596 760 2676; x_wconf 76' lang='lat' dir='ltr'>professo</span> <span class='ocrx_word' id='word_1_228' title='bbox 783 2595 833 2657; x_wconf 92' lang='lat' dir='ltr'>hic</span> <span class='ocrx_word' id='word_1_229' title='bbox 855 2594 1047 2658; x_wconf 83' lang='lat' dir='ltr'>instituerim.</span> 
     </span>
    </p>

    <p class='ocr_par' dir='ltr' id='par_1_3' title="bbox 249 2681 1608 3123">
     <span class='ocr_line' id='line_1_24' title="bbox 339 2681 1608 2764; baseline -0.002 -16"><span class='ocrx_word' id='word_1_230' title='bbox 339 2682 560 2748; x_wconf 89' lang='lat' dir='ltr'>Successerunt</span> <span class='ocrx_word' id='word_1_231' title='bbox 588 2704 666 2746; x_wconf 92' lang='lat' dir='ltr'>auno</span> <span class='ocrx_word' id='word_1_232' title='bbox 700 2681 795 2748; x_wconf 84' lang='lat'>1598.</span> <span class='ocrx_word' id='word_1_233' title='bbox 828 2684 946 2746; x_wconf 88' lang='lat' dir='ltr'>alienae</span> <span class='ocrx_word' id='word_1_234' title='bbox 976 2685 1015 2747; x_wconf 89' lang='lat' dir='ltr'>ab</span> <span class='ocrx_word' id='word_1_235' title='bbox 1047 2682 1234 2747; x_wconf 88' lang='lat' dir='ltr'>astronomia</span> <span class='ocrx_word' id='word_1_236' title='bbox 1268 2699 1358 2746; x_wconf 86' lang='lat' dir='ltr'>curae</span> <span class='ocrx_word' id='word_1_237' title='bbox 1389 2690 1426 2745; x_wconf 89' lang='lat' dir='ltr'>et</span> <span class='ocrx_word' id='word_1_238' title='bbox 1458 2683 1608 2764; x_wconf 79' lang='lat' dir='ltr'>quoddam</span> 
     </span>
     <span class='ocr_line' id='line_1_25' title="bbox 250 2770 1608 2856; baseline -0.001 -19"><span class='ocrx_word' id='word_1_239' title='bbox 250 2773 338 2856; x_wconf 83' lang='lat' dir='ltr'>quasi</span> <span class='ocrx_word' id='word_1_240' title='bbox 362 2772 512 2855; x_wconf 84' lang='lat' dir='ltr'>justitium</span> <span class='ocrx_word' id='word_1_241' title='bbox 535 2774 778 2836; x_wconf 90' lang='lat' dir='ltr'>astronomicum.</span> <span class='ocrx_word' id='word_1_242' title='bbox 823 2773 948 2836; x_wconf 87' lang='lat' dir='ltr'>Duobus</span> <span class='ocrx_word' id='word_1_243' title='bbox 971 2792 1043 2835; x_wconf 88' lang='lat' dir='ltr'>vero</span> <span class='ocrx_word' id='word_1_244' title='bbox 1065 2772 1178 2836; x_wconf 88' lang='lat' dir='ltr'>ultimis</span> <span class='ocrx_word' id='word_1_245' title='bbox 1200 2770 1305 2847; x_wconf 87' lang='lat' dir='ltr'>annis,</span> <span class='ocrx_word' id='word_1_246' title='bbox 1333 2772 1444 2854; x_wconf 87' lang='lat' dir='ltr'>quibus</span> <span class='ocrx_word' id='word_1_247' title='bbox 1466 2772 1608 2855; x_wconf 79' lang='lat' dir='ltr'>Tycbone</span> 
     </span>
     <span class='ocr_line' id='line_1_26' title="bbox 249 2862 1607 2944; baseline -0.001 -17"><span class='ocrx_word' id='word_1_248' title='bbox 249 2883 324 2927; x_wconf 87' lang='lat' dir='ltr'>naus</span> <span class='ocrx_word' id='word_1_249' title='bbox 355 2883 436 2937; x_wconf 92' lang='lat' dir='ltr'>sum,</span> <span class='ocrx_word' id='word_1_250' title='bbox 468 2863 579 2943; x_wconf 87' lang='lat' dir='ltr'>partim</span> <span class='ocrx_word' id='word_1_251' title='bbox 613 2862 770 2925; x_wconf 82' lang='lat' dir='ltr'>itineribus</span> <span class='ocrx_word' id='word_1_252' title='bbox 799 2863 911 2944; x_wconf 88' lang='lat' dir='ltr'>partim</span> <span class='ocrx_word' id='word_1_253' title='bbox 941 2862 1062 2925; x_wconf 89' lang='lat' dir='ltr'>diutura</span> <span class='ocrx_word' id='word_1_254' title='bbox 1094 2869 1244 2943; x_wconf 88' lang='lat' dir='ltr'>quartana</span> <span class='ocrx_word' id='word_1_255' title='bbox 1272 2862 1458 2942; x_wconf 84' lang='lat' dir='ltr'>impeditus,</span> <span class='ocrx_word' id='word_1_256' title='bbox 1493 2862 1607 2926; x_wconf 82' lang='lat' dir='ltr'>coelun</span> 
     </span>
     <span class='ocr_line' id='line_1_27' title="bbox 250 2949 1607 3035; baseline 0 -20"><span class='ocrx_word' id='word_1_257' title='bbox 250 2952 347 3015; x_wconf 89' lang='lat' dir='ltr'>rarius</span> <span class='ocrx_word' id='word_1_258' title='bbox 378 2971 447 3016; x_wconf 94' lang='lat' dir='ltr'>cum</span> <span class='ocrx_word' id='word_1_259' title='bbox 476 2972 549 3015; x_wconf 88' lang='lat' dir='ltr'>cura</span> <span class='ocrx_word' id='word_1_260' title='bbox 580 2952 698 3033; x_wconf 84' lang='lat' dir='ltr'>inspexi</span> <span class='ocrx_word' id='word_1_261' title='bbox 729 2970 784 3013; x_wconf 90' lang='lat' dir='ltr'>uec</span> <span class='ocrx_word' id='word_1_262' title='bbox 811 2951 869 3013; x_wconf 88' lang='lat' dir='ltr'>uisi</span> <span class='ocrx_word' id='word_1_263' title='bbox 892 2951 933 3014; x_wconf 92' lang='lat' dir='ltr'>ad</span> <span class='ocrx_word' id='word_1_264' title='bbox 960 2960 1064 3035; x_wconf 83' lang='lat' dir='ltr'>partes</span> <span class='ocrx_word' id='word_1_265' title='bbox 1095 2950 1232 3023; x_wconf 79' lang='lat' dir='ltr'>zodiaci,</span> <span class='ocrx_word' id='word_1_266' title='bbox 1262 2950 1380 3013; x_wconf 89' lang='lat' dir='ltr'>calculo</span> <span class='ocrx_word' id='word_1_267' title='bbox 1414 2949 1607 3031; x_wconf 81' lang='lat' dir='ltr'>potissimum</span> 
     </span>
     <span class='ocr_line' id='line_1_28' title="bbox 249 3039 1605 3123; baseline 0.001 -20"><span class='ocrx_word' id='word_1_268' title='bbox 249 3049 424 3123; x_wconf 85' lang='lat' dir='ltr'>occupatus,</span> <span class='ocrx_word' id='word_1_269' title='bbox 438 3061 506 3103; x_wconf 95' lang='lat' dir='ltr'>cum</span> <span class='ocrx_word' id='word_1_270' title='bbox 515 3040 636 3104; x_wconf 88' lang='lat' dir='ltr'>Braheo</span> <span class='ocrx_word' id='word_1_271' title='bbox 651 3041 768 3103; x_wconf 90' lang='lat' dir='ltr'>abunde</span> <span class='ocrx_word' id='word_1_272' title='bbox 781 3049 865 3103; x_wconf 88' lang='lat' dir='ltr'>esset</span> <span class='ocrx_word' id='word_1_273' title='bbox 878 3042 1107 3104; x_wconf 77' lang='lat' dir='ltr'>observatorum</span> <span class='ocrx_word' id='word_1_274' title='bbox 1121 3053 1154 3103; x_wconf 89' lang='lat' dir='ltr'>et</span> <span class='ocrx_word' id='word_1_275' title='bbox 1166 3041 1197 3103; x_wconf 93' lang='lat' dir='ltr'>in</span> <span class='ocrx_word' id='word_1_276' title='bbox 1211 3039 1402 3102; x_wconf 80' lang='lat' dir='ltr'>observando</span> <span class='ocrx_word' id='word_1_277' title='bbox 1417 3039 1605 3120; x_wconf 77' lang='lat' dir='ltr'>diligentiae</span> 
     </span>
    </p>

    <p class='ocr_par' dir='ltr' id='par_1_4' title="bbox 247 3128 1606 3749">
     <span class='ocr_line' id='line_1_29' title="bbox 341 3128 1606 3213; baseline 0.002 -21"><span class='ocrx_word' id='word_1_278' title='bbox 341 3131 482 3213; x_wconf 86' lang='lat' dir='ltr'>Tychoue</span> <span class='ocrx_word' id='word_1_279' title='bbox 501 3131 565 3210; x_wconf 86' lang='lat' dir='ltr'>jam</span> <span class='ocrx_word' id='word_1_280' title='bbox 588 3139 704 3194; x_wconf 91' lang='lat' dir='ltr'>mortuo</span> <span class='ocrx_word' id='word_1_281' title='bbox 727 3130 866 3211; x_wconf 89' lang='lat' dir='ltr'>equidem</span> <span class='ocrx_word' id='word_1_282' title='bbox 888 3131 964 3193; x_wconf 87' lang='lat' dir='ltr'>haec</span> <span class='ocrx_word' id='word_1_283' title='bbox 986 3150 1033 3193; x_wconf 89' lang='lat' dir='ltr'>me</span> <span class='ocrx_word' id='word_1_284' title='bbox 1057 3150 1130 3193; x_wconf 90' lang='lat' dir='ltr'>cura</span> <span class='ocrx_word' id='word_1_285' title='bbox 1151 3128 1290 3203; x_wconf 87' lang='lat' dir='ltr'>incessit,</span> <span class='ocrx_word' id='word_1_286' title='bbox 1314 3149 1352 3191; x_wconf 92' lang='lat' dir='ltr'>ne</span> <span class='ocrx_word' id='word_1_287' title='bbox 1376 3129 1451 3210; x_wconf 90' lang='lat' dir='ltr'>quid</span> <span class='ocrx_word' id='word_1_288' title='bbox 1474 3129 1606 3194; x_wconf 81' lang='lat' dir='ltr'>tortasse</span> 
     </span>
     <span class='ocr_line' id='line_1_30' title="bbox 248 3218 1606 3301; baseline -0.001 -17"><span class='ocrx_word' id='word_1_289' title='bbox 248 3220 319 3284; x_wconf 83' lang='lat' dir='ltr'>novi</span> <span class='ocrx_word' id='word_1_290' title='bbox 352 3220 499 3282; x_wconf 89' lang='lat' dir='ltr'>existeret</span> <span class='ocrx_word' id='word_1_291' title='bbox 520 3220 551 3282; x_wconf 90' lang='lat' dir='ltr'>in</span> <span class='ocrx_word' id='word_1_292' title='bbox 579 3221 664 3282; x_wconf 88' lang='lat' dir='ltr'>coelo</span> <span class='ocrx_word' id='word_1_293' title='bbox 695 3238 742 3281; x_wconf 85' lang='lat' dir='ltr'>me</span> <span class='ocrx_word' id='word_1_294' title='bbox 774 3220 888 3282; x_wconf 84' lang='lat' dir='ltr'>inscio:</span> <span class='ocrx_word' id='word_1_295' title='bbox 918 3240 1012 3301; x_wconf 89' lang='lat' dir='ltr'>quare</span> <span class='ocrx_word' id='word_1_296' title='bbox 1041 3220 1174 3283; x_wconf 86' lang='lat' dir='ltr'>crebrius</span> <span class='ocrx_word' id='word_1_297' title='bbox 1195 3218 1322 3298; x_wconf 87' lang='lat' dir='ltr'>adspexi</span> <span class='ocrx_word' id='word_1_298' title='bbox 1345 3219 1451 3281; x_wconf 89' lang='lat' dir='ltr'>sidera</span> <span class='ocrx_word' id='word_1_299' title='bbox 1473 3231 1511 3281; x_wconf 86' lang='lat' dir='ltr'>et</span> <span class='ocrx_word' id='word_1_300' title='bbox 1533 3220 1606 3283; x_wconf 83' lang='lat' dir='ltr'>hunc</span> 
     </span>
     <span class='ocr_line' id='line_1_31' title="bbox 249 3307 1606 3393; baseline 0 -21"><span class='ocrx_word' id='word_1_301' title='bbox 249 3310 348 3391; x_wconf 91' lang='lat' dir='ltr'>ipsum</span> <span class='ocrx_word' id='word_1_302' title='bbox 372 3307 519 3393; x_wconf 91' lang='lat' dir='ltr'>Cygnum.</span> <span class='ocrx_word' id='word_1_303' title='bbox 565 3309 722 3372; x_wconf 81' lang='lat' dir='ltr'>Haerebat</span> <span class='ocrx_word' id='word_1_304' title='bbox 748 3308 866 3390; x_wconf 88' lang='lat' dir='ltr'>quidem</span> <span class='ocrx_word' id='word_1_305' title='bbox 894 3310 1012 3388; x_wconf 88' lang='lat' dir='ltr'>species</span> <span class='ocrx_word' id='word_1_306' title='bbox 1036 3309 1101 3389; x_wconf 87' lang='lat' dir='ltr'>ejus</span> <span class='ocrx_word' id='word_1_307' title='bbox 1125 3317 1156 3371; x_wconf 85' lang='lat' dir='ltr'>et</span> <span class='ocrx_word' id='word_1_308' title='bbox 1183 3307 1379 3387; x_wconf 83' lang='lat' dir='ltr'>configuratio</span> <span class='ocrx_word' id='word_1_309' title='bbox 1404 3328 1474 3371; x_wconf 92' lang='lat' dir='ltr'>cum</span> <span class='ocrx_word' id='word_1_310' title='bbox 1499 3311 1606 3372; x_wconf 81' lang='lat' dir='ltr'>ceteris</span> 
     </span>
     <span class='ocr_line' id='line_1_32' title="bbox 248 3396 1606 3479; baseline 0.001 -18"><span class='ocrx_word' id='word_1_311' title='bbox 248 3400 279 3461; x_wconf 90' lang='lat' dir='ltr'>in</span> <span class='ocrx_word' id='word_1_312' title='bbox 302 3400 411 3472; x_wconf 87' lang='lat' dir='ltr'>animo,</span> <span class='ocrx_word' id='word_1_313' title='bbox 435 3406 471 3461; x_wconf 90' lang='lat' dir='ltr'>ut</span> <span class='ocrx_word' id='word_1_314' title='bbox 484 3399 644 3461; x_wconf 90' lang='lat' dir='ltr'>collatione</span> <span class='ocrx_word' id='word_1_315' title='bbox 668 3399 750 3477; x_wconf 91' lang='lat' dir='ltr'>globi</span> <span class='ocrx_word' id='word_1_316' title='bbox 773 3417 838 3461; x_wconf 92' lang='lat' dir='ltr'>cum</span> <span class='ocrx_word' id='word_1_317' title='bbox 862 3400 947 3461; x_wconf 91' lang='lat' dir='ltr'>coelo</span> <span class='ocrx_word' id='word_1_318' title='bbox 965 3418 1025 3460; x_wconf 93' lang='lat' dir='ltr'>uon</span> <span class='ocrx_word' id='word_1_319' title='bbox 1044 3408 1128 3461; x_wconf 86' lang='lat' dir='ltr'>esset</span> <span class='ocrx_word' id='word_1_320' title='bbox 1145 3417 1230 3479; x_wconf 87' lang='lat' dir='ltr'>opus.</span> <span class='ocrx_word' id='word_1_321' title='bbox 1268 3396 1316 3459; x_wconf 86' lang='lat' dir='ltr'>Ea</span> <span class='ocrx_word' id='word_1_322' title='bbox 1334 3407 1441 3459; x_wconf 68' lang='lat' dir='ltr'>umen</span> <span class='ocrx_word' id='word_1_323' title='bbox 1462 3402 1606 3462; x_wconf 85' lang='lat' dir='ltr'>memorie</span> 
     </span>
     <span class='ocr_line' id='line_1_33' title="bbox 247 3488 1606 3568; baseline 0 -16"><span class='ocrx_word' id='word_1_324' title='bbox 247 3489 293 3552; x_wconf 89' lang='lat' dir='ltr'>ita</span> <span class='ocrx_word' id='word_1_325' title='bbox 315 3489 439 3550; x_wconf 81' lang='lat' dir='ltr'>evidens</span> <span class='ocrx_word' id='word_1_326' title='bbox 460 3507 519 3550; x_wconf 94' lang='lat' dir='ltr'>nou</span> <span class='ocrx_word' id='word_1_327' title='bbox 539 3489 605 3563; x_wconf 87' lang='lat' dir='ltr'>luit,</span> <span class='ocrx_word' id='word_1_328' title='bbox 631 3488 699 3568; x_wconf 91' lang='lat' dir='ltr'>quin</span> <span class='ocrx_word' id='word_1_329' title='bbox 720 3508 780 3549; x_wconf 95' lang='lat' dir='ltr'>uua</span> <span class='ocrx_word' id='word_1_330' title='bbox 800 3489 900 3562; x_wconf 89' lang='lat' dir='ltr'>stella,</span> <span class='ocrx_word' id='word_1_331' title='bbox 923 3488 1103 3568; x_wconf 89' lang='lat' dir='ltr'>praesertim</span> <span class='ocrx_word' id='word_1_332' title='bbox 1118 3489 1155 3550; x_wconf 92' lang='lat' dir='ltr'>ad</span> <span class='ocrx_word' id='word_1_333' title='bbox 1174 3496 1291 3568; x_wconf 88' lang='lat' dir='ltr'>pectus,</span> <span class='ocrx_word' id='word_1_334' title='bbox 1315 3506 1444 3548; x_wconf 89' lang='lat' dir='ltr'>menon</span> <span class='ocrx_word' id='word_1_335' title='bbox 1464 3488 1606 3551; x_wconf 84' lang='lat' dir='ltr'>animad-</span> 
     </span>
     <span class='ocr_line' id='line_1_34' title="bbox 248 3575 1605 3659; baseline 0.005 -23"><span class='ocrx_word' id='word_1_336' title='bbox 248 3586 387 3641; x_wconf 84' lang='lat' dir='ltr'>vertente</span> <span class='ocrx_word' id='word_1_337' title='bbox 407 3578 472 3657; x_wconf 90' lang='lat' dir='ltr'>jam</span> <span class='ocrx_word' id='word_1_338' title='bbox 495 3588 566 3638; x_wconf 88' lang='lat' dir='ltr'>tunc</span> <span class='ocrx_word' id='word_1_339' title='bbox 589 3578 693 3639; x_wconf 88' lang='lat' dir='ltr'>addita</span> <span class='ocrx_word' id='word_1_340' title='bbox 712 3596 780 3639; x_wconf 86' lang='lat' dir='ltr'>esse</span> <span class='ocrx_word' id='word_1_341' title='bbox 802 3577 944 3658; x_wconf 87' lang='lat' dir='ltr'>potuerit,</span> <span class='ocrx_word' id='word_1_342' title='bbox 969 3597 1045 3659; x_wconf 85' lang='lat' dir='ltr'>qnae</span> <span class='ocrx_word' id='word_1_343' title='bbox 1064 3588 1156 3639; x_wconf 90' lang='lat' dir='ltr'>autea</span> <span class='ocrx_word' id='word_1_344' title='bbox 1173 3577 1241 3638; x_wconf 84' lang='lat' dir='ltr'>vivo</span> <span class='ocrx_word' id='word_1_345' title='bbox 1255 3575 1401 3656; x_wconf 79' lang='lat' dir='ltr'>&#39;lychoue</span> <span class='ocrx_word' id='word_1_346' title='bbox 1418 3596 1479 3638; x_wconf 92' lang='lat' dir='ltr'>nou</span> <span class='ocrx_word' id='word_1_347' title='bbox 1498 3578 1605 3642; x_wconf 75' lang='lat' dir='ltr'>ruerat</span> 
     </span>
     <span class='ocr_line' id='line_1_35' title="bbox 248 3665 1606 3749; baseline -0.001 -19"><span class='ocrx_word' id='word_1_348' title='bbox 248 3668 358 3749; x_wconf 91' lang='lat' dir='ltr'>Itaque</span> <span class='ocrx_word' id='word_1_349' title='bbox 382 3667 454 3728; x_wconf 89' lang='lat' dir='ltr'>nihil</span> <span class='ocrx_word' id='word_1_350' title='bbox 478 3667 603 3728; x_wconf 79' lang='lat' dir='ltr'>videbar</span> <span class='ocrx_word' id='word_1_351' title='bbox 625 3667 655 3728; x_wconf 90' lang='lat' dir='ltr'>iu</span> <span class='ocrx_word' id='word_1_352' title='bbox 679 3686 716 3727; x_wconf 88' lang='lat' dir='ltr'>ea</span> <span class='ocrx_word' id='word_1_353' title='bbox 738 3667 968 3729; x_wconf 83' lang='lat' dir='ltr'>constellatione</span> <span class='ocrx_word' id='word_1_354' title='bbox 992 3668 1093 3730; x_wconf 84' lang='lat' dir='ltr'>videre</span> <span class='ocrx_word' id='word_1_355' title='bbox 1118 3666 1206 3729; x_wconf 87' lang='lat' dir='ltr'>novi:</span> <span class='ocrx_word' id='word_1_356' title='bbox 1232 3665 1369 3745; x_wconf 78' lang='lat' dir='ltr'>quamtis</span> <span class='ocrx_word' id='word_1_357' title='bbox 1393 3666 1475 3728; x_wconf 89' lang='lat' dir='ltr'>hauc</span> <span class='ocrx_word' id='word_1_358' title='bbox 1500 3668 1606 3747; x_wconf 84' lang='lat' dir='ltr'>ipsam,</span> 
     </span>
    </p>
   </div>
   <div class='ocr_carea' id='block_1_3' title="bbox 248 3751 1608 3926">
    <p class='ocr_par' dir='ltr' id='par_1_5' title="bbox 248 3751 1608 3926">
     <span class='ocr_line' id='line_1_36' title="bbox 248 3751 1608 3839; baseline 0.001 -21"><span class='ocrx_word' id='word_1_359' title='bbox 248 3756 286 3819; x_wconf 89' lang='lat' dir='ltr'>de</span> <span class='ocrx_word' id='word_1_360' title='bbox 312 3776 372 3838; x_wconf 90' lang='lat' dir='ltr'>qua</span> <span class='ocrx_word' id='word_1_361' title='bbox 394 3756 509 3836; x_wconf 90' lang='lat' dir='ltr'>agitur,</span> <span class='ocrx_word' id='word_1_362' title='bbox 534 3776 570 3818; x_wconf 91' lang='lat' dir='ltr'>eo</span> <span class='ocrx_word' id='word_1_363' title='bbox 593 3756 659 3836; x_wconf 90' lang='lat' dir='ltr'>ipso</span> <span class='ocrx_word' id='word_1_364' title='bbox 682 3764 832 3837; x_wconf 89' lang='lat' dir='ltr'>tempore,</span> <span class='ocrx_word' id='word_1_365' title='bbox 855 3756 1019 3820; x_wconf 76' lang='lat' dir='ltr'>Novembri</span> <span class='ocrx_word' id='word_1_366' title='bbox 1041 3764 1116 3835; x_wconf 88' lang='lat' dir='ltr'>puta</span> <span class='ocrx_word' id='word_1_367' title='bbox 1139 3755 1208 3818; x_wconf 90' lang='lat' dir='ltr'>anui</span> <span class='ocrx_word' id='word_1_368' title='bbox 1236 3751 1335 3827; x_wconf 85' lang='grc'><strong>1601,</strong></span> <span class='ocrx_word' id='word_1_369' title='bbox 1359 3755 1507 3831; x_wconf 78' lang='lat' dir='ltr'>viderim,</span> <span class='ocrx_word' id='word_1_370' title='bbox 1532 3758 1608 3839; x_wconf 90' lang='lat' dir='ltr'>quod</span> 
     </span>
     <span class='ocr_line' id='line_1_37' title="bbox 251 3845 1608 3926; baseline 0.001 -18"><span class='ocrx_word' id='word_1_371' title='bbox 251 3846 373 3909; x_wconf 90' lang='lat' dir='ltr'>minime</span> <span class='ocrx_word' id='word_1_372' title='bbox 395 3845 553 3907; x_wconf 86' lang='lat' dir='ltr'>haesitans</span> <span class='ocrx_word' id='word_1_373' title='bbox 575 3846 718 3907; x_wconf 86' lang='lat' dir='ltr'>memoria</span> <span class='ocrx_word' id='word_1_374' title='bbox 740 3845 810 3907; x_wconf 94' lang='lat' dir='ltr'>mihi</span> <span class='ocrx_word' id='word_1_375' title='bbox 830 3845 935 3908; x_wconf 85' lang='lat' dir='ltr'>dictat.</span> <span class='ocrx_word' id='word_1_376' title='bbox 971 3846 1052 3909; x_wconf 79' lang='lat' dir='ltr'>Nam</span> <span class='ocrx_word' id='word_1_377' title='bbox 1075 3865 1142 3908; x_wconf 92' lang='lat' dir='ltr'>cum</span> <span class='ocrx_word' id='word_1_378' title='bbox 1161 3865 1197 3907; x_wconf 86' lang='lat' dir='ltr'>eo</span> <span class='ocrx_word' id='word_1_379' title='bbox 1211 3853 1346 3925; x_wconf 87' lang='lat' dir='ltr'>tempore</span> <span class='ocrx_word' id='word_1_380' title='bbox 1369 3855 1445 3926; x_wconf 88' lang='lat' dir='ltr'>post</span> <span class='ocrx_word' id='word_1_381' title='bbox 1467 3865 1608 3909; x_wconf 81' lang='lat' dir='ltr'>occasum</span> 
     </span>
    </p>
   </div>
   <div class='ocr_carea' id='block_1_4' title="bbox 246 3933 1607 4909">
    <p class='ocr_par' dir='ltr' id='par_1_6' title="bbox 246 3933 1607 4909">
     <span class='ocr_line' id='line_1_38' title="bbox 248 3933 1606 4016; baseline 0.001 -18"><span class='ocrx_word' id='word_1_382' title='bbox 248 3933 331 3998; x_wconf 88' lang='lat' dir='ltr'>Solis</span> <span class='ocrx_word' id='word_1_383' title='bbox 353 3943 529 3996; x_wconf 82' lang='lat' dir='ltr'>versaretur</span> <span class='ocrx_word' id='word_1_384' title='bbox 551 3934 633 3996; x_wconf 88' lang='lat' dir='ltr'>sidus</span> <span class='ocrx_word' id='word_1_385' title='bbox 657 3935 686 3995; x_wconf 92' lang='lat' dir='ltr'>in</span> <span class='ocrx_word' id='word_1_386' title='bbox 709 3945 797 4014; x_wconf 88' lang='lat' dir='ltr'>parte</span> <span class='ocrx_word' id='word_1_387' title='bbox 820 3936 897 3997; x_wconf 90' lang='lat' dir='ltr'>coeli</span> <span class='ocrx_word' id='word_1_388' title='bbox 928 3935 1053 3998; x_wconf 87' lang='lat' dir='ltr'>occidua</span> <span class='ocrx_word' id='word_1_389' title='bbox 1079 3936 1304 4016; x_wconf 89' lang='lat' dir='ltr'>porrigeretque</span> <span class='ocrx_word' id='word_1_390' title='bbox 1334 3944 1470 3997; x_wconf 91' lang='lat' dir='ltr'>rostrum</span> <span class='ocrx_word' id='word_1_391' title='bbox 1502 3955 1606 4000; x_wconf 77' lang='lat' dir='ltr'>versus</span> 
     </span>
     <span class='ocr_line' id='line_1_39' title="bbox 247 4024 1606 4107; baseline 0.002 -21"><span class='ocrx_word' id='word_1_392' title='bbox 247 4024 450 4097; x_wconf 85' lang='lat' dir='ltr'>horizontem,</span> <span class='ocrx_word' id='word_1_393' title='bbox 473 4024 600 4085; x_wconf 89' lang='lat' dir='ltr'>caudam</span> <span class='ocrx_word' id='word_1_394' title='bbox 622 4043 756 4098; x_wconf 86' lang='lat' dir='ltr'>sursum,</span> <span class='ocrx_word' id='word_1_395' title='bbox 780 4025 846 4087; x_wconf 89' lang='lat' dir='ltr'>alas</span> <span class='ocrx_word' id='word_1_396' title='bbox 869 4025 910 4087; x_wconf 90' lang='lat' dir='ltr'>ad</span> <span class='ocrx_word' id='word_1_397' title='bbox 932 4024 1070 4088; x_wconf 86' lang='lat' dir='ltr'>dextram</span> <span class='ocrx_word' id='word_1_398' title='bbox 1093 4034 1125 4088; x_wconf 89' lang='lat' dir='ltr'>et</span> <span class='ocrx_word' id='word_1_399' title='bbox 1146 4025 1323 4087; x_wconf 88' lang='lat' dir='ltr'>sinistram:</span> <span class='ocrx_word' id='word_1_400' title='bbox 1353 4024 1498 4105; x_wconf 90' lang='lat' dir='ltr'>equidem</span> <span class='ocrx_word' id='word_1_401' title='bbox 1522 4026 1606 4107; x_wconf 87' lang='lat' dir='ltr'>cogi-</span> 
     </span>
     <span class='ocr_line' id='line_1_40' title="bbox 248 4111 1605 4197; baseline 0.001 -21"><span class='ocrx_word' id='word_1_402' title='bbox 248 4114 365 4189; x_wconf 88' lang='lat' dir='ltr'>tabam,</span> <span class='ocrx_word' id='word_1_403' title='bbox 397 4114 427 4176; x_wconf 93' lang='lat' dir='ltr'>iu</span> <span class='ocrx_word' id='word_1_404' title='bbox 451 4114 550 4175; x_wconf 89' lang='lat' dir='ltr'>stellis</span> <span class='ocrx_word' id='word_1_405' title='bbox 574 4111 689 4194; x_wconf 86' lang='lat' dir='ltr'>Cygni,</span> <span class='ocrx_word' id='word_1_406' title='bbox 714 4114 740 4176; x_wconf 90' lang='lat' dir='ltr'>si</span> <span class='ocrx_word' id='word_1_407' title='bbox 765 4111 958 4177; x_wconf 84' lang='lat' dir='ltr'>Christianus</span> <span class='ocrx_word' id='word_1_408' title='bbox 991 4114 1099 4195; x_wconf 91' lang='lat' dir='ltr'>aliquis</span> <span class='ocrx_word' id='word_1_409' title='bbox 1128 4114 1164 4176; x_wconf 91' lang='lat' dir='ltr'>de</span> <span class='ocrx_word' id='word_1_410' title='bbox 1197 4133 1274 4175; x_wconf 85' lang='lat' dir='ltr'>novo</span> <span class='ocrx_word' id='word_1_411' title='bbox 1306 4113 1461 4193; x_wconf 87' lang='lat' dir='ltr'>inciperet</span> <span class='ocrx_word' id='word_1_412' title='bbox 1493 4115 1605 4197; x_wconf 80' lang='lat' dir='ltr'>fingere</span> 
     </span>
     <span class='ocr_line' id='line_1_41' title="bbox 248 4202 1607 4284; baseline 0.001 -18"><span class='ocrx_word' id='word_1_413' title='bbox 248 4204 406 4284; x_wconf 89' lang='lat' dir='ltr'>imagines,</span> <span class='ocrx_word' id='word_1_414' title='bbox 429 4202 620 4282; x_wconf 84' lang='lat' dir='ltr'>aptissimam</span> <span class='ocrx_word' id='word_1_415' title='bbox 638 4203 764 4281; x_wconf 86' lang='lat' dir='ltr'>figuram</span> <span class='ocrx_word' id='word_1_416' title='bbox 786 4204 936 4266; x_wconf 88' lang='lat' dir='ltr'>inveniret</span> <span class='ocrx_word' id='word_1_417' title='bbox 958 4203 1090 4266; x_wconf 81' lang='lat' dir='ltr'>crucifixi</span> <span class='ocrx_word' id='word_1_418' title='bbox 1108 4223 1176 4266; x_wconf 90' lang='lat' dir='ltr'>oum</span> <span class='ocrx_word' id='word_1_419' title='bbox 1189 4202 1334 4265; x_wconf 87' lang='lat' dir='ltr'>inclinato</span> <span class='ocrx_word' id='word_1_420' title='bbox 1356 4204 1473 4281; x_wconf 88' lang='lat' dir='ltr'>capite.</span> <span class='ocrx_word' id='word_1_421' title='bbox 1509 4203 1607 4268; x_wconf 81' lang='lat' dir='ltr'>Stella</span> 
     </span>
     <span class='ocr_line' id='line_1_42' title="bbox 249 4291 1606 4373; baseline 0.003 -20"><span class='ocrx_word' id='word_1_422' title='bbox 249 4292 339 4368; x_wconf 92' lang='lat' dir='ltr'>enim,</span> <span class='ocrx_word' id='word_1_423' title='bbox 363 4292 400 4354; x_wconf 91' lang='lat' dir='ltr'>de</span> <span class='ocrx_word' id='word_1_424' title='bbox 426 4311 486 4371; x_wconf 91' lang='lat' dir='ltr'>qua</span> <span class='ocrx_word' id='word_1_425' title='bbox 507 4291 692 4365; x_wconf 90' lang='lat' dir='ltr'>dubitamus,</span> <span class='ocrx_word' id='word_1_426' title='bbox 716 4301 786 4355; x_wconf 93' lang='lat' dir='ltr'>tuuc</span> <span class='ocrx_word' id='word_1_427' title='bbox 809 4294 881 4355; x_wconf 89' lang='lat' dir='ltr'>mihi</span> <span class='ocrx_word' id='word_1_428' title='bbox 905 4293 945 4355; x_wconf 88' lang='lat' dir='ltr'>ad</span> <span class='ocrx_word' id='word_1_429' title='bbox 962 4293 1100 4356; x_wconf 86' lang='lat' dir='ltr'>dextram</span> <span class='ocrx_word' id='word_1_430' title='bbox 1123 4293 1214 4373; x_wconf 90' lang='lat' dir='ltr'>paulo</span> <span class='ocrx_word' id='word_1_431' title='bbox 1237 4301 1312 4366; x_wconf 85' lang='lat' dir='ltr'>erat,</span> <span class='ocrx_word' id='word_1_432' title='bbox 1338 4302 1449 4370; x_wconf 87' lang='lat' dir='ltr'>pectus</span> <span class='ocrx_word' id='word_1_433' title='bbox 1473 4295 1606 4357; x_wconf 82' lang='lat' dir='ltr'>crucifixi</span> 
     </span>
     <span class='ocr_line' id='line_1_43' title="bbox 252 4379 1605 4463; baseline 0.003 -21"><span class='ocrx_word' id='word_1_434' title='bbox 252 4388 503 4462; x_wconf 86' lang='lat' dir='ltr'>repraesentaus;</span> <span class='ocrx_word' id='word_1_435' title='bbox 534 4400 608 4461; x_wconf 91' lang='lat' dir='ltr'>quae</span> <span class='ocrx_word' id='word_1_436' title='bbox 640 4400 710 4443; x_wconf 81' lang='lat' dir='ltr'>vero</span> <span class='ocrx_word' id='word_1_437' title='bbox 738 4384 768 4444; x_wconf 92' lang='lat' dir='ltr'>in</span> <span class='ocrx_word' id='word_1_438' title='bbox 796 4394 918 4463; x_wconf 87' lang='lat' dir='ltr'>pectore</span> <span class='ocrx_word' id='word_1_439' title='bbox 942 4379 1057 4463; x_wconf 88' lang='lat' dir='ltr'>Cygni,</span> <span class='ocrx_word' id='word_1_440' title='bbox 1089 4382 1272 4445; x_wconf 87' lang='lat' dir='ltr'>deflectebat</span> <span class='ocrx_word' id='word_1_441' title='bbox 1300 4382 1340 4442; x_wconf 88' lang='lat' dir='ltr'>ad</span> <span class='ocrx_word' id='word_1_442' title='bbox 1370 4381 1550 4452; x_wconf 87' lang='lat' dir='ltr'>sinistram.</span> <span class='ocrx_word' id='word_1_443' title='bbox 1578 4384 1605 4446; x_wconf 91' lang='lat' dir='ltr'>iu</span> 
     </span>
     <span class='ocr_line' id='line_1_44' title="bbox 247 4469 1605 4551; baseline 0.002 -19"><span class='ocrx_word' id='word_1_444' title='bbox 247 4470 378 4532; x_wconf 87' lang='lat' dir='ltr'>crucifixi</span> <span class='ocrx_word' id='word_1_445' title='bbox 401 4480 493 4548; x_wconf 90' lang='lat' dir='ltr'>caput</span> <span class='ocrx_word' id='word_1_446' title='bbox 520 4470 697 4533; x_wconf 88' lang='lat' dir='ltr'>concedens.</span> <span class='ocrx_word' id='word_1_447' title='bbox 743 4472 827 4533; x_wconf 87' lang='lat' dir='ltr'>Haec</span> <span class='ocrx_word' id='word_1_448' title='bbox 860 4472 1036 4551; x_wconf 89' lang='lat' dir='ltr'>imaginatio</span> <span class='ocrx_word' id='word_1_449' title='bbox 1065 4471 1138 4533; x_wconf 91' lang='lat' dir='ltr'>mihi</span> <span class='ocrx_word' id='word_1_450' title='bbox 1167 4471 1341 4532; x_wconf 86' lang='lat' dir='ltr'>memoriam</span> <span class='ocrx_word' id='word_1_451' title='bbox 1369 4469 1463 4548; x_wconf 89' lang='lat' dir='ltr'>hujus</span> <span class='ocrx_word' id='word_1_452' title='bbox 1498 4474 1605 4535; x_wconf 83' lang='lat' dir='ltr'>stellae</span> 
     </span>
     <span class='ocr_line' id='line_1_45' title="bbox 246 4556 1605 4641; baseline 0.003 -22"><span class='ocrx_word' id='word_1_453' title='bbox 246 4559 392 4620; x_wconf 86' lang='lat' dir='ltr'>hacteuus</span> <span class='ocrx_word' id='word_1_454' title='bbox 417 4568 664 4628; x_wconf 79' lang='lat' dir='ltr'>conservaverat,</span> <span class='ocrx_word' id='word_1_455' title='bbox 696 4569 729 4622; x_wconf 89' lang='lat' dir='ltr'>ut</span> <span class='ocrx_word' id='word_1_456' title='bbox 752 4571 873 4640; x_wconf 89' lang='lat' dir='ltr'>postea,</span> <span class='ocrx_word' id='word_1_457' title='bbox 905 4580 971 4622; x_wconf 90' lang='lat' dir='ltr'>cum</span> <span class='ocrx_word' id='word_1_458' title='bbox 1001 4579 1102 4622; x_wconf 88' lang='lat' dir='ltr'>meuse</span> <span class='ocrx_word' id='word_1_459' title='bbox 1133 4562 1217 4641; x_wconf 89' lang='lat' dir='ltr'>hlajo</span> <span class='ocrx_word' id='word_1_460' title='bbox 1251 4560 1320 4620; x_wconf 91' lang='lat' dir='ltr'>anui</span> <span class='ocrx_word' id='word_1_461' title='bbox 1350 4556 1446 4621; x_wconf 79' lang='grc'><strong>1602.</strong></span> <span class='ocrx_word' id='word_1_462' title='bbox 1479 4562 1605 4641; x_wconf 89' lang='lat' dir='ltr'>primum</span> 
     </span>
     <span class='ocr_line' id='line_1_46' title="bbox 246 4646 1603 4731; baseline 0.004 -23"><span class='ocrx_word' id='word_1_463' title='bbox 246 4647 345 4709; x_wconf 90' lang='lat' dir='ltr'>literis</span> <span class='ocrx_word' id='word_1_464' title='bbox 373 4665 511 4709; x_wconf 88' lang='lat' dir='ltr'>monerer</span> <span class='ocrx_word' id='word_1_465' title='bbox 533 4650 570 4710; x_wconf 90' lang='lat' dir='ltr'>de</span> <span class='ocrx_word' id='word_1_466' title='bbox 598 4667 675 4710; x_wconf 78' lang='lat' dir='ltr'>novo</span> <span class='ocrx_word' id='word_1_467' title='bbox 699 4646 796 4731; x_wconf 88' lang='lat' dir='ltr'>Cygni</span> <span class='ocrx_word' id='word_1_468' title='bbox 827 4651 1048 4730; x_wconf 90' lang='lat' dir='ltr'>phaenomeuo,</span> <span class='ocrx_word' id='word_1_469' title='bbox 1082 4650 1153 4712; x_wconf 92' lang='lat' dir='ltr'>nihil</span> <span class='ocrx_word' id='word_1_470' title='bbox 1182 4669 1229 4712; x_wconf 90' lang='lat' dir='ltr'>me</span> <span class='ocrx_word' id='word_1_471' title='bbox 1257 4648 1325 4709; x_wconf 80' lang='lat' dir='ltr'>novi</span> <span class='ocrx_word' id='word_1_472' title='bbox 1352 4669 1371 4708; x_wconf 95' lang='lat' dir='ltr'>a</span> <span class='ocrx_word' id='word_1_473' title='bbox 1393 4651 1603 4730; x_wconf 61' lang='lat' dir='ltr'>superinlito&lt;</span> 
     </span>
     <span class='ocr_line' id='line_1_47' title="bbox 247 4736 1604 4819; baseline 0.001 -22"><span class='ocrx_word' id='word_1_474' title='bbox 247 4736 400 4798; x_wconf 90' lang='lat' dir='ltr'>mensibus</span> <span class='ocrx_word' id='word_1_475' title='bbox 431 4757 551 4799; x_wconf 91' lang='lat' dir='ltr'>cernere</span> <span class='ocrx_word' id='word_1_476' title='bbox 584 4739 793 4801; x_wconf 88' lang='lat' dir='ltr'>exclamarem.</span> <span class='ocrx_word' id='word_1_477' title='bbox 841 4740 948 4803; x_wconf 87' lang='lat' dir='ltr'>Crucis</span> <span class='ocrx_word' id='word_1_478' title='bbox 979 4738 1056 4800; x_wconf 89' lang='lat' dir='ltr'>enim</span> <span class='ocrx_word' id='word_1_479' title='bbox 1088 4740 1218 4819; x_wconf 83' lang='lat' dir='ltr'>effigiem</span> <span class='ocrx_word' id='word_1_480' title='bbox 1248 4737 1342 4799; x_wconf 86' lang='lat' dir='ltr'>etiam</span> <span class='ocrx_word' id='word_1_481' title='bbox 1374 4740 1541 4818; x_wconf 89' lang='lat' dir='ltr'>agricolis,</span> <span class='ocrx_word' id='word_1_482' title='bbox 1574 4757 1604 4800; x_wconf 85' lang='lat' dir='ltr'>ur</span> 
     </span>
     <span class='ocr_line' id='line_1_48' title="bbox 247 4824 1601 4909; baseline 0.005 -24"><span class='ocrx_word' id='word_1_483' title='bbox 247 4824 385 4903; x_wconf 90' lang='lat' dir='ltr'>Bayerus</span> <span class='ocrx_word' id='word_1_484' title='bbox 409 4838 523 4899; x_wconf 88' lang='lat' dir='ltr'>mouet,</span> <span class='ocrx_word' id='word_1_485' title='bbox 547 4836 661 4900; x_wconf 86' lang='lat' dir='ltr'>uotam,</span> <span class='ocrx_word' id='word_1_486' title='bbox 693 4829 754 4908; x_wconf 88' lang='lat' dir='ltr'>jam</span> <span class='ocrx_word' id='word_1_487' title='bbox 779 4828 897 4909; x_wconf 86' lang='lat' dir='ltr'>quidem</span> <span class='ocrx_word' id='word_1_488' title='bbox 926 4829 1093 4908; x_wconf 87' lang='lat' dir='ltr'>antiquitus</span> <span class='ocrx_word' id='word_1_489' title='bbox 1116 4830 1215 4891; x_wconf 89' lang='lat' dir='ltr'>auimo</span> <span class='ocrx_word' id='word_1_490' title='bbox 1249 4827 1428 4907; x_wconf 88' lang='lat' dir='ltr'>concepisse</span> <span class='ocrx_word' id='word_1_491' title='bbox 1461 4829 1601 4898; x_wconf 83' lang='lat' dir='ltr'>sciebam</span> 
     </span>
    </p>
   </div>
   <div class='ocr_carea' id='block_1_5' title="bbox 248 4911 1600 5058">
    <p class='ocr_par' dir='ltr' id='par_1_7' title="bbox 248 4911 1600 5058">
     <span class='ocr_line' id='line_1_49' title="bbox 248 4911 1600 4999; baseline 0.007 -26"><span class='ocrx_word' id='word_1_492' title='bbox 248 4911 471 4978; x_wconf 89' lang='lat' dir='ltr'>inclinationem</span> <span class='ocrx_word' id='word_1_493' title='bbox 495 4936 566 4981; x_wconf 87' lang='lat' dir='ltr'>vero</span> <span class='ocrx_word' id='word_1_494' title='bbox 589 4917 698 4997; x_wconf 89' lang='lat' dir='ltr'>capitis</span> <span class='ocrx_word' id='word_1_495' title='bbox 723 4939 742 4979; x_wconf 93' lang='lat' dir='ltr'>a</span> <span class='ocrx_word' id='word_1_496' title='bbox 765 4938 866 4980; x_wconf 88' lang='lat' dir='ltr'>meuse</span> <span class='ocrx_word' id='word_1_497' title='bbox 889 4918 1071 4992; x_wconf 78' lang='lat' dir='ltr'>Novembri3</span> <span class='ocrx_word' id='word_1_498' title='bbox 1096 4939 1133 4980; x_wconf 93' lang='lat' dir='ltr'>au</span> <span class='ocrx_word' id='word_1_499' title='bbox 1157 4919 1229 4981; x_wconf 92' lang='lat' dir='ltr'>olim</span> <span class='ocrx_word' id='word_1_500' title='bbox 1251 4936 1384 4999; x_wconf 89' lang='lat' dir='ltr'>quoque,</span> <span class='ocrx_word' id='word_1_501' title='bbox 1410 4938 1473 4981; x_wconf 93' lang='lat' dir='ltr'>nou</span> <span class='ocrx_word' id='word_1_502' title='bbox 1497 4920 1600 4984; x_wconf 82' lang='lat' dir='ltr'>memi-</span> 
     </span>
     <span class='ocr_line' id='line_1_50' title="bbox 1333 5021 1353 5058; baseline 0 0"><span class='ocrx_word' id='word_1_503' title='bbox 1333 5021 1353 5058; x_wconf 57' lang='lat' dir='ltr'>Q</span> 
     </span>
    </p>
   </div>
   <div class='ocr_carea' id='block_1_6' title="bbox 0 0 1850 5842">
    <p class='ocr_par' dir='ltr' id='par_1_8' title="bbox 0 0 1850 5842">
     <span class='ocr_line' id='line_1_51' title="bbox 0 0 1850 5842; baseline 0 1"><span class='ocrx_word' id='word_1_504' title='bbox 0 0 1850 5842; x_wconf 95' lang='lat' dir='ltr'> </span> 
     </span>
    </p>
   </div>
  </div>
 </body>
</html>
