3692 5842
805 265 837 319 r.
858 267 931 320 aba·
949 267 1053 334 aaa.
1417 209 1422 221 ’
1548 271 1607 340 101

343 441 552 523 Keplerns:
584 440 632 503 De
660 441 735 503 iride
764 452 797 505 et
828 442 937 502 halone
970 444 1056 522 plura
1087 444 1187 506 dicere
1215 464 1273 507 nou
1305 463 1429 526 possum
1461 467 1548 529 quam
1581 451 1610 513 iu

257 529 385 611 Opticis·
401 530 460 592 nisi
479 529 545 604 hoc,
570 529 707 609 quodibi
731 531 894 592 erraverim
917 537 1056 593 statuens
1080 551 1202 595 causam
1218 534 1246 596 in
1266 534 1384 596 sublimi
1407 536 1496 615 longe
1519 557 1611 617 supra

254 619 384 680 nubem:
408 618 467 680 imo
490 636 583 679 causa
604 618 694 679 estin
718 618 793 698 ipsis
817 619 911 698 guttis
931 621 980 680 vel
1003 621 1175 699 vapor-ibus,
1197 622 1224 682 in
1250 623 1355 702 quibus
1380 624 1504 702 quilibet
1527 627 1610 688 videt

253 708 370 770 iridem.
393 715 424 765 ln
442 715 569 779 posteriori
588 716 692 779 epistota
710 715 764 777 (10.
783 717 846 766 Nor.
871 712 951 776 16⁰8)
970 716 1033 766 haec
1052 717 1122 766 addit
1139 718 1275 781 Keplerus:
1295 711 1340 771 De
1361 711 1506 773 diametro
1526 713 1610 776 iridis

252 804 284 858 et
307 795 428 857 halonis
451 795 627 856 exercitatio
651 796 754 875 gravis
773 805 821 857 est
840 814 894 855 uec
918 797 1015 857 adhuc
1035 798 1105 857 mihi
1125 798 1242 875 penitus
1262 799 1362 879 liquet.
1401 800 1477 861 Illud
1501 802 1610 864 saltem

251 893 379 954 certum,
402 902 510 945 causas
534 884 752 963 quaerendas
745 905 774 945 ιιι
803 885 929 962 singulis
959 885 1054 962 guttis
1078 905 1115 946 ex
1146 886 1251 986 quibus
1277 895 1342 947 tota
1369 886 1610 959 circumferentia

250 972 392 1034 colorata
415 973 612 1051 componitur
651 974 784 1052 ltaque
776 994 807 1034 ιιι
829 973 939 1033 nebula
961 981 1082 1034 rorante
1107 974 1151 1046 (iu
1170 974 1307 1036 minimas
1328 982 1357 1035 et
1379 994 1455 1054 pene
1477 978 1608 1086 insensi-¹

248 1061 330 1122 biles
355 1067 461 1140 guttas
484 1060 633 1133 resoluta)
657 1080 752 1141 aeque
776 1069 1023 1140 repraesentatur
1046 1061 1125 1123 halo.

343 1146 407 1211 Cur
429 1147 556 1209 circulus
579 1148 680 1228 potius
712 1150 862 1211 coloretur
891 1168 979 1229 quam
1006 1150 1149 1227 planities
1183 1149 1319 1224 interior,
1354 1169 1475 1212 causam
1509 1153 1606 1215 dicere

246 1255 378 1317 possum
400 1236 535 1315 pulchre.
574 1235 672 1298 Gutta
696 1257 771 1318 quae
796 1245 843 1297 est
867 1236 948 1299 intra
971 1239 1112 1299 circulum
1136 1259 1194 1300 non
1217 1238 1310 1299 habet
1333 1238 1422 1300 situm
1447 1241 1486 1301 ad
1505 1240 1607 1303 Solem
1655 1243 1658 1253 '

246 1334 282 1390 et
307 1325 447 1399 oculum,
480 1333 516 1387 nt
546 1325 688 1387 retractio
720 1326 851 1386 maxima
874 1326 936 1388 fiat.
982 1327 1061 1388 Nam
1094 1328 1209 1388 colores
1238 1346 1296 1387 non
1329 1326 1462 1389 oriuntur
1490 1329 1545 1389 nisi
1569 1330 1607 1391 iis

246 1413 329 1476 locis
353 1413 404 1474 ubi
428 1421 477 1474 est
498 1414 640 1475 retractio
664 1414 804 1475 maxima.
852 1414 965 1474 Verum
985 1421 1049 1487 est,
1077 1423 1165 1494 gutta
1194 1415 1344 1495 quaelibet
1374 1416 1492 1496 projicit
1521 1436 1607 1479 suum

243 1502 372 1564 radium
400 1500 567 1563 coloratum
595 1522 648 1564 seu
675 1521 729 1582 per
757 1501 917 1562 maximam
946 1502 1154 1564 refractionem
1184 1505 1343 1564 formatum
1373 1505 1548 1585 spargitque
1576 1506 1605 1567 iu
1653 1572 1658 1580 ,

243 1590 396 1653 circulum
420 1589 559 1669 aliquem.
607 1589 668 1652 Sed
692 1591 742 1651 ille
766 1590 893 1651 circulus
916 1610 974 1650 nou
999 1591 1099 1669 tangit
1122 1593 1251 1661 oculum,
1276 1591 1333 1652 uisi
1362 1593 1494 1654 absistat
1517 1600 1605 1672 gutta

245 1673 337 1742 1³5⁰
359 1698 379 1739 a
402 1676 485 1739 Sole.
532 1676 595 1740 Sed
627 1679 731 1740 eodem
763 1686 896 1757 tempore
929 1677 992 1739 fieri
1025 1687 1145 1756 potest,
1179 1688 1212 1740 ut
1244 1679 1322 1740 alius
1355 1682 1458 1741 oculus
1487 1681 1525 1742 ab
1554 1682 1607 1743 illa

242 1773 344 1847 gutta
367 1766 495 1828 feriatur
517 1784 571 1845 per
592 1767 761 1829 coloratum
783 1767 918 1827 radium:
953 1766 978 1827 is
1002 1785 1124 1845 nempe,
1158 1768 1206 1847 qui
1235 1765 1317 1827 videt
1348 1767 1428 1829 inter
1451 1767 1552 1830 Solem
1577 1777 1607 1831 et

242 1863 371 1936 guttam
395 1862 500 1931 partes
527 1851 597 1917 135.
645 1856 749 1935 Neque
773 1874 849 1916 uuus
873 1875 946 1916 sane
976 1856 1077 1916 oculus
1102 1856 1205 1916 eodem
1229 1863 1379 1933 tempore,
1404 1857 1458 1917 sed
1481 1864 1608 1936 possunt

243 1961 321 2006 esse
352 1943 459 2005 infiniti
488 1943 517 2003 iu
550 1943 691 2006 circulum
729 1942 881 2023 dispositi,
917 1962 991 2023 quos
1025 1943 1128 2003 eadem
1157 1952 1244 2024 gutta
1277 1943 1405 2005 diversis
1434 1952 1536 2006 tamen
1561 1945 1606 2006 sui

242 2032 391 2113 partibus
415 2031 557 2092 coloratis
581 2032 674 2093 radiis
699 2033 779 2094 ferit.

341 2119 405 2182 Sed
428 2120 454 2180 si
478 2119 632 2199 loquamur
656 2122 692 2181 de
717 2141 753 2182 ea
777 2120 867 2193 iride,
897 2137 984 2197 quam
1008 2117 1092 2179 videt
1114 2137 1188 2179 unus
1212 2119 1334 2194 oculus,
1360 2139 1397 2181 ea
1420 2120 1608 2198 componitur

247 2209 288 2270 ab
312 2208 439 2271 infinitis
462 2209 558 2287 guttis
581 2209 611 2269 iu
635 2210 776 2271 circulum
800 2206 965 2287 dispositis,
992 2207 1127 2268 nimirum
1151 2213 1185 2267 ut
1208 2208 1361 2287 quaelibet
1387 2205 1467 2271 135⁰
1490 2228 1509 2269 a
1532 2207 1604 2270 Solo

246 2298 356 2359 distet.
396 2297 479 2356 Tunc
503 2305 592 2375 gutta
615 2298 721 2360 dextra
744 2297 866 2378 projicit
888 2295 1017 2376 colorem
1042 2295 1166 2356 sinistra
1184 2296 1229 2358 sui
1249 2305 1345 2374 parte,
1371 2297 1494 2357 sinistra
1517 2304 1607 2376 gutta

246 2393 338 2466 parte
364 2385 481 2458 dextra,
506 2386 642 2465 superior
665 2396 753 2466 gutta
776 2393 861 2465 parte
885 2383 1026 2444 inferiore
1050 2385 1103 2445 bc.
1128 2414 1168 2424 -

339 2489 516 2540 Fabricius
535 2487 589 2551 (10.
610 2488 652 2538 20.
672 2492 730 2540 Feb.
753 2487 851 2550 lbd5):
878 2488 1079 2553 Quotiescunque
1103 2488 1251 2539 Mercurium
1271 2488 1408 2546 observari,
1427 2503 1524 2554 semper
1542 2490 1608 2540 roin-

250 2560 359 2618 tillobat.
380 2568 559 2624 contraquam
578 2561 621 2610 alii
640 2562 758 2625 planetae
778 2562 880 2610 iaciunt

340 2632 525 2710 Keplerus
558 2636 593 2700 (in
606 2641 727 2703 prioribus
746 2640 822 2689 uteris
841 2636 978 2704 pergami:
1013 2631 1143 2691 Martem
1176 2629 1343 2691 scintillare
1376 2630 1478 2717 'lycho
1511 2630 1588 2692 dixit
1598 2650 1608 2706 ;

253 2721 289 2780 de
312 2721 434 2780 Venere
459 2719 537 2780 idem
562 2737 617 2797 ego
641 2720 669 2780 in
695 2718 766 2799 Opt
794 2717 869 2796 Cap.
895 2718 951 2791 VI,
980 2714 1028 2779 12.
1077 2717 1156 2788 Quid
1181 2737 1252 2798 ergo
1276 2718 1403 2792 miraris,
1428 2719 1609 2782 Mercurium

255 2807 444 2869 scintillare?

340 2895 530 2945 Fabricius:
559 2893 691 2943 observari
710 2893 733 2942 d.
755 2891 796 2941 ll.
817 2890 859 2942 tt.
879 2893 939 2942 Feb.
960 2890 1002 2941 ts.
1023 2891 1124 2955 eclipsin
1142 2892 1244 2948 Lunae,
1264 2896 1333 2955 cnjus
1361 2895 1458 2944 initium
1480 2900 1609 2946 arctoum

256 2964 363 3031 Regulus
390 2966 460 3014 luit'
453 2981 479 3014 ιιι
505 2966 549 3015 alt
578 2966 628 3013 bor.
649 2961 698 3013 25⁰
725 2960 893 3023 (21“30’)ί
914 2978 937 3012 e.
956 2963 980 3012 h.
1000 2960 1025 3020 t,
1052 2971 1077 3010 et
1100 2965 1125 3012 in
1153 2978 1249 3013 summa
1276 2962 1489 3015 obscurationo¹'
1479 2994 1499 3028 r.
1520 2965 1609 3016 Lunae

256 3035 336 3087 lucida
353 3037 488 3091 manebata
509 3037 656 3085 diametmm
675 3036 764 3084 Lunae
783 3041 842 3084 ante
861 3034 963 3097 eclipsin
981 3035 1057 3083 snmsi
1076 3030 1119 3081 35¹
1139 3036 1255 3098 proxime.

341 3105 409 3167 Quot
428 3106 558 3178 digitorum
576 3106 623 3155 tuit
641 3107 737 3170 eclipsis
756 3105 819 3156 Solis
841 3103 879 3153 14.
901 3104 964 3154 Dec.
988 3102 1076 3152 toul?

340 3178 541 3257 Keplerus:
566 3178 645 3238 Dum
669 3184 751 3238 tuam
784 3176 906 3255 genesin
931 3177 1010 3236 inter
1034 3176 1196 3236 observata
1221 3175 1372 3255 Tychonis
1393 3195 1503 3255 quaero
1528 3196 1605 3256 quae

258 3267 330 3328 torte
354 3267 393 3327 ad
418 3285 524 3327 manus
544 3274 640 3340 eraut,
665 3265 785 3326 invenio
810 3264 1042 3364 descriptionem
1063 3271 1145 3323 tuam
1169 3264 1315 3342 eclipseos
1338 3264 1442 3324 Lunae
1466 3263 1515 3326 11.
1532 3267 1605 3329 Feb.

260 3352 350 3418 1598.
397 3353 445 3415 Ea
468 3353 540 3415 mihi
563 3354 722 3433 plurimum
747 3353 872 3414 lacessit
896 3353 1009 3430 negotii
1034 3352 1062 3411 in
1087 3352 1276 3424 Lunaribus3
1301 3351 1373 3412 nihil
1398 3352 1475 3412 euim
1499 3372 1607 3432 super·

259 3463 320 3504 esse
345 3443 479 3522 potuisse
496 3444 653 3516 contendo,
678 3451 711 3503 ut
729 3439 822 3504 1580.
844 3439 897 3504 31.
913 3441 984 3501 Jau.
1007 3439 1128 3517 eclipsis
1150 3438 1206 3498 fuit
1227 3457 1295 3500 cum
1313 3457 1397 3500 mora
1420 3440 1606 3502 brevissima.

257 3529 404 3611 Compara
427 3532 542 3605 omnia,
566 3532 698 3598 videbis,
722 3548 779 3591 nou
804 3549 895 3609 posse
919 3529 975 3590 has
1000 3529 1075 3588 duas
1099 3527 1186 3587 simul
1210 3534 1301 3588 stare.
1349 3527 1517 3606 Propterea
1532 3525 1607 3591 'cum

255 3620 330 3682 iuter
363 3619 558 3680 fundamenta
590 3619 751 3680 restitutae
785 3617 953 3679 latitudinis
983 3614 1173 3679 Christianus
1200 3615 1496 3695 (Longomontanus)
1529 3618 1607 3679 hanc

255 3708 459 3779 assumsisset,
484 3707 570 3788 quasi
594 3707 770 3768 retinuisset
789 3702 876 3788 2¹l2‘,
900 3706 986 3776 radio
1006 3713 1077 3782 puto
1102 3722 1230 3778 mensus,
1256 3723 1310 3781 ego
1335 3724 1453 3783 semper
1476 3724 1607 3769 errorem

255 3798 301 3876 qui
326 3806 375 3857 est
396 3795 426 3856 in
447 3796 615 3856 Lunaribus
635 3796 719 3866 (ndum
745 3795 891 3855 dimensio
911 3812 964 3872 per
988 3793 1116 3870 eclipses
1132 3793 1229 3870 jacet)
1250 3792 1318 3853 huic
1338 3794 1442 3872 eclipsi
1462 3794 1607 3875 imputavi

253 3905 304 3947 uec
330 3884 466 3945 dubitavi
491 3884 520 3944 iu
546 3882 664 3963 Opticis
687 3884 788 3944 verbis
813 3883 967 3944 obscuris:
995 3882 1051 3956 ,de
1077 3899 1133 3961 quo
1158 3881 1343 3960 (quantitate
1366 3882 1501 3955 residua)
1521 3884 1606 3963 judi-

253 3973 334 4035 cabis
369 3992 407 4033 ex
439 3972 682 4051 superioribus,“
714 3973 777 4045 his,
818 3972 952 4051 inquam,
989 3968 1090 4031 verbis
1124 3987 1182 4029 nou
1217 3969 1351 4030 dubitavi
1389 3970 1486 4031 lucem
1523 3971 1607 4032 illam

252 4062 401 4123 residuam
436 4060 567 4121 tribuere
601 4062 739 4122 refractis
773 4059 854 4120 Solis
887 4058 993 4131 radiis,
1027 4065 1060 4118 ut
1091 4065 1215 4136 propter
1245 4055 1326 4119 Solis
1355 4076 1494 4136 maguam
1524 4058 1606 4120 limbi

252 4151 423 4211 claritatem
448 4148 627 4228 putaverint
649 4169 708 4210 nou
739 4158 835 4209 totam
866 4148 1022 4209 defecisse.
1069 4145 1231 4224 Impedivit
1254 4164 1300 4206 me
1324 4147 1394 4219 hoc,
1419 4146 1498 4224 quod
1522 4146 1605 4208 radio

252 4237 378 4300 dimensi
402 4244 474 4297 suut
496 4237 717 4317 quantitatem3
747 4237 777 4297 id
801 4256 857 4297 non
882 4242 1077 4316 potestesse
1101 4234 1131 4294 in
1155 4235 1211 4296 hoc
1241 4235 1416 4312 splendore,
1442 4233 1491 4314 qui
1515 4242 1565 4295 est
1587 4254 1607 4295 a

231 4326 391 4399 ¹refractis
424 4325 518 4386 radiis
551 4323 642 4386 Solis.
707 4326 786 4387 Nam
819 4342 877 4385 non
910 4324 1004 4383 habet
1035 4323 1060 4382 is
1098 4322 1267 4384 evidentem
1305 4322 1463 4383 terminum
1497 4340 1605 4383 versus

250 4414 395 4476 interiora
418 4413 565 4494 corporis,
592 4413 645 4474 sed
668 4413 813 4493 paulatim
839 4413 1026 4474 obliteratur.
1074 4410 1144 4471 Jam
1173 4411 1264 4472 etiam
1292 4418 1344 4471 tua
1375 4410 1523 4489 eclipseos
1547 4411 1604 4472 de-

250 4502 374 4583 scriptio
397 4504 508 4578 contra*
527 4521 574 4562 me
598 4510 660 4577 est,
689 4502 792 4563 vincor
815 4501 980 4580 suffragiis,
1009 4518 1102 4577 negas
1127 4507 1159 4559 et
1183 4509 1214 4560 tu
1243 4506 1337 4559 totam
1366 4497 1522 4561 defecisse.
1570 4500 1605 4561 lu

251 4591 421 4671 quantitate
455 4590 556 4653 differs
581 4591 619 4651 ab
653 4590 731 4665 illis,
757 4588 788 4652 5‘
820 4589 962 4651 dictitans
987 4588 1185 4668 superfuisse,
1217 4594 1373 4648 ettamen
1401 4587 1456 4648 hoc
1487 4606 1603 4668 quoquo

248 4678 453 4759 pugnantibus
486 4679 738 4740 circumstantiis:
774 4679 899 4757 primum
928 4678 986 4751 ais,
1013 4686 1042 4737 te
1072 4676 1257 4738 obscuritate
1282 4675 1399 4737 luminis
1427 4675 1603 4757 impeditum

250 4766 428 4847 quominus
456 4766 626 4840 metireris;
658 4786 751 4845 auges
780 4767 872 4846 igitur
904 4765 1105 4845 suspicionem
1128 4764 1198 4827 mihi
1232 4764 1347 4827 iterum.
1394 4764 1512 4828 Deinde
1536 4785 1603 4828 cum
