3692 5842
750 474 866 525 doloris
885 474 1039 527 satellitibus
1058 476 1103 527 de.
1542 484 1607 552 453

245 652 353 724 derat,
378 661 409 713 et
433 670 510 713 anno
543 647 627 714 1610
652 651 805 712 Bononiae
830 653 908 731 apud
940 654 1093 731 blaginum
1127 655 1229 715 sedem
1258 657 1322 717 lixit
1346 659 1467 732 („vivo‚
1500 661 1605 741 inquit,

246 740 330 820 apud
353 741 564 820 Magirrnru“),
599 741 763 801 medicinae
797 749 829 801 et
861 741 1092 803 mathematicae
1126 743 1256 804 deditus.
1304 746 1427 808 Testem
1460 749 1606 812 habemus

246 827 366 908 Magini
391 817 485 908 ipsius
510 828 684 908 epistolam,
714 848 802 907 quarn
826 829 854 889 in
879 849 1027 893 manuscr.
1053 831 1174 910 Petrop.
1209 833 1475 911 deprehendinms3
1510 848 1607 900 testes

246 917 377 998 (lenique
407 919 510 979 literas
544 919 622 978 haud
654 936 785 996 paucas,
821 937 895 996 quas
930 920 1052 979 exhibet
1082 920 1129 981 ed.
1164 918 1223 1000 Op.
1259 919 1390 983 Galilaei
1423 926 1606 990 Florentius.

244 1005 414 1068 Horisius
440 1007 483 1079 (d.
508 1003 561 1068 31.
577 1007 680 1066 Mart..
697 1001 795 1078 1610)
821 1007 905 1066 initio
931 1008 1072 1069 dubitans
1097 1027 1193 1085 pauca
1218 1010 1291 1070 haec
1316 1012 1397 1072 dedit
1421 1013 1570 1092 Kepler0:

340 1109 383 1168 ,st
401 1110 524 1162 Nunnium
542 1110 670 1160 Sidereum
684 1111 714 1159 de
732 1118 841 1174 quatuor
856 1113 924 1159 novis
944 1112 1051 1174 planetis
1070 1128 1115 1175 per
1127 1129 1167 1162 me
1185 1117 1312 1164 remissum
1333 1125 1479 1167 consecutus
1493 1134 1528 1176 es,
1542 1121 1567 1170 id
1579 1129 1608 1170 ut

245 1180 428 1231 rolnilactum.
455 1183 501 1231 Est
513 1198 552 1231 res
564 1183 686 1237 miranda,
706 1189 744 1230 est
756 1197 794 1230 res
808 1182 939 1244 stupenda.
966 1182 1079 1231 Veraau
1095 1185 1292 1249 laisa,ignoro.“
1319 1187 1473 1238 Concludens
1488 1192 1608 1253 Judieium

244 1251 351 1317 Kepleri
364 1253 395 1302 de
408 1253 445 1301 his
460 1254 598 1316 ..planetis“
614 1255 658 1301 sibi
672 1255 782 1315 expetit;
803 1253 876 1316 paulo
890 1268 946 1301 vero
959 1263 1015 1316 post
1029 1252 1065 1314 (d.
1080 1252 1104 1302 6.
1121 1253 1194 1318 Apr.)
1205 1260 1257 1318 jarn
1272 1258 1434 1307 confidentius
1448 1261 1564 1322 attirmat,
1579 1279 1606 1312 se

245 1333 338 1373 eontra
357 1323 496 1373 Galilaeum
524 1326 555 1373 de
581 1332 687 1387 quatuor
713 1324 776 1372 fictis
804 1324 910 1387 planetis
934 1327 959 1372 in
988 1326 1111 1388 publicum
1140 1327 1235 1389 prodire
1262 1345 1310 1376 non
1340 1331 1490 1391 veniturum,
1519 1335 1607 1383 deinde

245 1393 285 1456 (d.
307 1393 350 1443 ²7.
371 1394 442 1458 Apr.)
461 1396 551 1446 literis.
581 1397 606 1443 in
625 1397 712 1458 quibus
731 1396 831 1443 scribit:
862 1411 924 1459 ,ego
945 1396 1080 1445 solitariam
1100 1400 1175 1446 vitam
1199 1413 1264 1447 curn
1289 1415 1354 1449 meo
1374 1402 1504 1466 Magius
1524 1404 1606 1465 amo,“

245 1465 316 1516 huc
334 1467 440 1516 Galilaei
460 1467 552 1515 nomini
570 1467 693 1515 maculam
712 1466 852 1528 adspergit:
873 1475 928 1514 teta
947 1468 971 1514 iu
990 1469 1104 1516 Bononia
1122 1470 1187 1518 male
1207 1471 1284 1525 audit,
1305 1473 1362 1534 quia
1381 1475 1462 1536 capilli
1482 1475 1608 1530 decidunt,

245 1544 304 1586 tota
323 1539 386 1586 cuns
405 1544 431 1586 et
449 1538 558 1586 cuticula
576 1538 635 1585 llere
656 1537 749 1585 Gallico
769 1546 858 1596 scatet,
878 1540 989 1585 cranium
1008 1538 1110 1586 laesum.
1130 1541 1155 1588 in
1175 1542 1274 1589 cerebro
1294 1542 1419 1598 delirium,
1439 1547 1514 1607 optiei
1532 1548 1609 1602 uem,

245 1607 309 1672 qnia
326 1609 399 1657 nimis
427 1611 523 1658 curiose
542 1614 567 1657 et
586 1623 701 1671 pompose
730 1608 845 1670 scrupula
872 1609 951 1669 prima
970 1617 995 1655 ct
1013 1610 1124 1658 secunda
1152 1613 1323 1660 circatorem
1348 1615 1500 1670 observarit,
1529 1619 1609 1680 rupti;

244 1679 323 1738 risus,
344 1679 452 1735 auditus,
472 1687 558 1743 gustus
578 1685 603 1726 et
622 1687 704 1727 tactus
723 1681 813 1740 periit:
839 1681 864 1726 in
883 1680 997 1727 manibus
1017 1680 1144 1742 chiragra,
1173 1684 1231 1746 quia
1259 1684 1450 1747 philosophicam
1469 1694 1495 1736 et
1513 1689 1611 1737 matbe-
1696 1731 1702 1740 .

245 1751 369 1800 matiosm
388 1753 518 1813 pecuniam
538 1753 621 1798 furtim
640 1749 747 1797 sustulit.
786 1750 834 1798 Cor
851 1750 965 1812 palpitat.
985 1751 1044 1813 quia
1063 1752 1172 1800 tabulam
1202 1755 1334 1803 coelestem
1360 1758 1472 1806 omnibus
1490 1760 1609 1808 vendidit.

245 1821 376 1870 Intestina
392 1829 513 1870 tumorem
532 1829 631 1884 praeter
650 1829 763 1869 naturam
783 1821 916 1882 deponunt,
947 1823 1005 1884 quia
1024 1822 1124 1870 ulterius
1145 1824 1210 1886 apud
1239 1826 1361 1874 studiosos
1380 1834 1406 1875 et
1424 1831 1486 1877 viros
1505 1831 1612 1880 illustres

245 1907 299 1942 nen
318 1892 410 1941 titillat.
449 1893 528 1941 l'edes
547 1893 658 1955 podagra
677 1893 796 1947 clamant,
815 1894 873 1954 quia
892 1907 935 1953 per
954 1907 1038 1940 omnes
1057 1899 1162 1955 quatuor
1180 1896 1263 1959 anguli
1283 1898 1373 1946 limites
1393 1908 1505 1963 vagatur.
1543 1902 1612 1951 Felix

247 1977 279 2012 ae
299 1971 386 2028 terque
405 1970 539 2027 quaterque
553 1964 640 2012 beatus
659 1964 777 2017 medicus,
792 1965 831 2025 qui
852 1962 972 2010 infirmum
989 1965 1137 2019 ,nuncium“
1159 1966 1192 2014 ad
1205 1970 1338 2016 sanitatem
1351 1971 1479 2032 pristinam
1498 1972 1610 2022 reducat.

246 2033 296 2084 Eis
315 2036 341 2082 iu
362 2036 508 2097 postseripto
528 2034 598 2082 addit
616 2034 739 2081 Horisius:
761 2033 913 2082 Concredam
933 2034 976 2080 tibi
996 2034 1093 2088 lurtum,
1113 2038 1177 2098 quod
1196 2037 1251 2087 ieci,
1284 2040 1411 2088 sialitanus
1430 2044 1496 2090 venja
1515 2044 1548 2092 ad
1566 2058 1611 2092 110,

247 2105 399 2156 Bononiam.
420 2113 447 2153 et
464 2106 627 2169 perspicillum
646 2105 714 2162 illud,
734 2120 777 2167 per
795 2104 859 2167 quod
878 2112 983 2166 quatuor
1009 2106 1079 2152 fictos
1102 2107 1217 2168 planetas
1236 2110 1303 2164 uidit.
1323 2111 1417 2158 attulit.
1453 2112 1505 2176 Ego
1524 2111 1566 2160 21.
1587 2122 1613 2162 et

249 2177 461 2240 ‘caspaliana
481 2186 507 2224 et
525 2185 598 2225 nocte
617 2190 742 2238 nunquam
761 2176 870 2229 dormiri,
890 2175 933 2222 sed
952 2176 1140 2224 instrumentum
1158 2178 1206 2228 hoo
1220 2181 1324 2228 Galilaei
1343 2181 1429 2229 millies
1448 2184 1514 2232 mitte
1533 2185 1611 2233 modis

250 2248 366 2312 probari,
386 2256 437 2296 trun
457 2248 533 2295 iubis
553 2248 714 2300 inlerioribus,
733 2260 806 2310 quam
820 2248 844 2294 in
858 2247 1029 2307 superioribus.
1056 2248 1084 2294 ln
1102 2250 1256 2298 inferioribus
1270 2252 1330 2299 lacit
1348 2252 1479 2313 mirabilia,
1498 2256 1522 2302 iu
1542 2255 1611 2303 coelo

250 2317 328 2374 lallit,
347 2320 406 2382 quia
422 2319 489 2367 aliae
507 2319 595 2367 stellae
614 2318 679 2365 fixae
698 2318 839 2379 duplicatae
858 2317 979 2364 videntur.
1007 2316 1048 2367 Sic
1061 2319 1187 2368 observari
1206 2330 1278 2369 nocte
1298 2331 1416 2384 sequente
1435 2338 1490 2371 curn
1504 2325 1610 2374 Galilaei

246 2390 390 2454 perspicillo
417 2390 560 2442 stellatam.
589 2403 652 2452 quae
672 2402 745 2450 super
762 2388 869 2435 mediam
897 2390 970 2435 trium
990 2389 1014 2436 in
1034 2390 1116 2438 cauda
1135 2391 1213 2440 Ursae
1240 2395 1340 2454 majoris
1364 2395 1465 2453 visitur,
1487 2402 1512 2444 et
1531 2410 1610 2461 aeque

247 2469 357 2526 quatuor
375 2462 551 2509 minutissimas
579 2459 689 2509 stellulae
717 2461 810 2507 vicinas
829 2459 885 2514 ridi,
914 2460 950 2507 uti
970 2459 1098 2508 Galilaeus
1120 2462 1145 2509 iu
1164 2462 1225 2511 Jove
1254 2465 1396 2512 observavit.
1425 2464 1514 2515 Habeo
1532 2474 1610 2517 testes

248 2531 473 2582 excellentissimos
492 2534 554 2579 riros
573 2529 628 2591 dte,
649 2546 733 2578 omues
753 2533 942 2578 instrumentum
960 2531 1046 2578 tallere
1064 2540 1123 2579 sunt
1141 2535 1245 2581 confessi
1280 2537 1314 2582 At
1334 2536 1460 2584 Galilaeae
1479 2538 1608 2592 obmutuit.

246 2610 274 2652 et
292 2600 336 2651 26.
358 2604 397 2652 die
412 2603 498 2651 Lunae
517 2604 594 2650 tristis
614 2605 646 2652 ab
664 2603 697 2649 ill.
719 2602 751 2649 D.
766 2602 869 2664 Magino
889 2601 1001 2649 discessit
1014 2618 1108 2650 summo
1121 2619 1203 2660 mane,
1224 2597 1249 2652 et
1261 2621 1303 2668 pro
1323 2607 1455 2665 beneficiis,
1476 2610 1607 2673 cogitatio·

246 2675 320 2724 uibus
339 2674 457 2728 infinitis,
476 2675 534 2737 quia
552 2674 662 2723 tabulam
680 2673 803 2731 vendidit,
824 2672 946 2734 repletus,
971 2674 1065 2736 gratias
1084 2688 1132 2722 non
1151 2676 1210 2738 egit.
1250 2676 1293 2725 leh
1311 2676 1361 2725 hab
1380 2679 1425 2726 das
1443 2681 1607 2742 perspicillum

245 2745 273 2794 ln
292 2743 386 2794 Waohs
406 2745 582 2809 abgestochen,
603 2746 647 2793 das
665 2744 783 2793 niemand
801 2746 885 2799 weiss,
905 2744 956 2790 und
974 2759 1045 2791 nonu
1063 2747 1110 2791 mir
1129 2747 1188 2794 Gott
1205 2748 1296 2795 wieder
1315 2764 1345 2795 zu
1363 2749 1447 2797 Ilauss
1465 2749 1534 2808 hilit,
1560 2752 1609 2801 will

246 2815 289 2866 ich
309 2816 351 2866 fiel
371 2818 411 2865 ein
429 2830 541 2879 pesseres
560 2815 725 2879 perspicillum
744 2815 849 2863 macheu
868 2815 905 2862 ale
924 2815 967 2862 der
987 2815 1122 2863 Galilaeus.

338 2886 457 2952 Maginus
485 2887 583 2951 quidem
611 2887 730 2935 Horlrium
754 2885 949 2940 dehortabatur,
977 2888 1018 2948 qui
1046 2895 1133 2935 contra
1152 2887 1291 2936 Galilaeum
1310 2891 1335 2937 in
1363 2892 1487 2953 publicum
1513 2893 1609 2956 prodire

244 2962 298 3022 lam
318 2966 397 3008 antea
415 2965 517 3021 paratus
536 2960 686 3021 prepositum
705 2958 737 3006 ad
755 2959 828 3005 finem
853 2957 973 3019 perduxit.
1010 2960 1126 3006 Attamen
1146 2960 1197 3021 ipse
1216 2974 1312 3022 quoque
1330 2963 1471 3013 matheseos
1489 2966 1610 3027 professor

245 3029 321 3080 simili
341 3031 437 3079 ratione
456 3030 558 3092 Kepleri
576 3037 685 3078 mentem
703 3044 752 3077 non
771 3030 881 3091 percepit
898 3029 962 3075 sicut
981 3032 1116 3084 Zucoarus,
1135 3045 1205 3092 quem
1225 3046 1300 3093 supra
1319 3033 1430 3082 diximus.
1466 3036 1506 3083 Ad
1524 3036 1609 3086 litem

246 3104 313 3152 enim
343 3101 454 3164 Keplcri,
484 3115 546 3163 quas
573 3102 745 3150 transmittens
773 3100 911 3149 Bononiam
941 3098 1179 3156 ,Dissertationem“
1199 3100 1302 3166 blagino
1331 3104 1450 3163 dederat,
1479 3106 1543 3156 haec
1567 3108 1608 3156 ille

246 3174 394 3237 respondit:
413 3172 468 3222 Tua
486 3172 626 3220 dissertatio
646 3188 700 3220 cum
720 3172 809 3218 nuncio
828 3170 932 3234 sidereo.
951 3171 1048 3219 inclusa
1066 3171 1142 3218 literis
1162 3172 1184 3219 d.
1205 3170 1247 3220 20.
1268 3173 1352 3223 Martii
1372 3177 1430 3224 mihi
1450 3184 1488 3226 est
1506 3179 1607 3227 tradita.

246 3244 382 3296 liethodus
401 3244 491 3307 placet.
513 3243 625 3291 Galilaeo
638 3242 705 3291 haud
724 3252 821 3306 gratam
840 3242 949 3288 futuram
964 3240 1044 3295 credo,
1064 3243 1122 3302 quia
1135 3242 1167 3289 ad
1180 3257 1226 3291 sua
1244 3246 1364 3308 principia
1383 3256 1470 3311 argute
1484 3257 1509 3296 et
1527 3251 1608 3298 amice

246 3317 378 3366 revocasti.
417 3314 530 3374 Quatuor
548 3320 645 3362 tantum
665 3314 721 3361 nori
738 3313 847 3361 loriales
866 3312 950 3359 larnuli
977 3311 1119 3359 eliminandi
1139 3321 1164 3360 et
1183 3317 1321 3363 excutiendi
1346 3318 1522 3381 relinquuntur.
1560 3319 1609 3369 Vix
1649 3323 1657 3333 '

246 3388 376 3438 obtinebit.
416 3382 458 3432 ¹24.
479 3384 520 3433 25.
542 3385 632 3448 Aprilis
651 3398 708 3433 mea
726 3386 750 3431 in
770 3384 841 3431 dorno
861 3398 904 3430 suo
924 3398 980 3430 cum
999 3383 1135 3444 perspicillo
1159 3389 1327 3445 pernoctavit,
1348 3403 1420 3436 noros
1439 3388 1483 3436 hos
1503 3391 1607 3439 circula.

246 3466 313 3508 tores
332 3456 463 3506 ostendere
492 3458 611 3518 cupiens,
637 3454 782 3503 nihilfecit.
819 3453 884 3502 Nam
903 3454 984 3516 magis
1008 3467 1082 3515 quam
1101 3452 1135 3500 20
1154 3456 1197 3501 riri
1226 3455 1360 3505 doctissimi
1389 3460 1507 3516 aderant,
1535 3475 1609 3510 nemo

245 3537 332 3580 tamen
351 3528 467 3591 planetas
486 3542 561 3575 noros
580 3527 689 3589 perfecte
708 3527 768 3574 vidit
787 3524 831 3573 &c
853 3525 887 3586 (d.
909 3525 972 3571 Bon.
993 3520 1036 3570 26.
1057 3523 1117 3585 hlaj.
1144 3522 1229 3584 1610).

337 3599 410 3660 Quae
429 3600 455 3647 in
474 3599 632 3662 sequentibus
660 3598 789 3645 renunciat
807 3596 914 3644 Horkius
934 3595 1050 3658 Keplero,
1079 3603 1175 3643 tantam
1202 3598 1224 3644 ei
1249 3605 1377 3647 moverunt
1403 3599 1607 3663 indignationem,

245 3679 274 3721 nt
293 3672 363 3720 illurn
382 3671 491 3735 graviter
510 3669 587 3718 literis
606 3669 747 3732 objurgaret
767 3675 792 3716 et
810 3668 880 3715 simul
900 3668 985 3715 literas
1004 3667 1115 3714 mitteret
1128 3667 1249 3722 Galilaeo,
1269 3669 1361 3717 Horlrio
1376 3672 1474 3719 minime
1492 3685 1607 3733 parcens.

245 3759 277 3792 ne
297 3743 394 3807 ipsein
415 3742 578 3804 suspicionem
606 3741 732 3789 societatis
761 3740 855 3787 reniret
880 3739 954 3785 libelli
974 3737 1006 3785 ad
1025 3739 1151 3786 infamiam
1171 3738 1277 3787 Galilaei
1297 3740 1386 3788 abillo
1407 3742 1482 3799 editi,
1509 3751 1534 3791 et
1553 3757 1608 3793 eam

244 3816 354 3864 maxime
373 3814 404 3863 eb
424 3827 525 3862 cansam
547 3809 753 3869 „Narratiouem“
774 3825 844 3858 suam
865 3808 1073 3866 ,Dissertationiu
1094 3810 1261 3873 subiungeret.

336 3884 408 3933 Haec
422 3884 496 3947 igitur
509 3882 616 3931 Horkius
631 3879 667 3941 (d.
683 3878 724 3927 at.
739 3880 812 3942 hlaji)
826 3880 935 3942 Keplero
954 3881 1107 3943 perscripsit:
1129 3880 1219 3943 Scripsi
1239 3882 1365 3930 durissime
1385 3890 1473 3933 contra
1484 3884 1609 3935 Nuncinm

246 3955 394 4012 sidereum
416 3955 458 4003 illa
471 3955 555 4002 emnia
568 3951 606 4013 (l)
618 3954 704 4001 nuncii
722 3952 794 4013 hujus
813 3959 892 4014 pater,
912 3967 951 3998 me
964 3952 1050 4009 inscio,
1070 3965 1124 3998 cum
1140 3953 1263 4000 innostra
1281 3953 1351 4000 domo
1366 3953 1495 4004 Bononiae
1508 3974 1609 4020 peruec-

245 4035 314 4078 tatus
333 4033 381 4081 est.
402 4025 511 4074 abstulit.
539 4023 605 4083 Quia
624 4031 708 4072 autem
726 4024 815 4072 multos
835 4023 928 4070 amicos
946 4021 987 4070 hic
1006 4022 1088 4072 habet.
1109 4028 1177 4070 muto
1198 4025 1306 4072 animum
1321 4031 1346 4072 et
1364 4027 1498 4075 secuudum
1511 4029 1608 4078 Disser-

245 4100 370 4150 tationem
388 4104 458 4145 tuam
472 4096 640 4145 doctissimam
659 4094 761 4142 formam
776 4095 850 4143 aliam
870 4108 968 4156 sequar,
987 4100 1012 4141 et
1025 4106 1098 4155 quam
1116 4095 1219 4154 primum
1233 4095 1283 4150 illa,
1303 4110 1367 4159 quae
1386 4105 1474 4146 contra
1485 4098 1608 4150 Nunnium

245 4171 311 4234 typis
330 4169 391 4217 dare
409 4167 516 4223 reluere,
536 4166 696 4228 descripsero,
716 4167 793 4228 primo
812 4166 855 4213 tibi
868 4165 901 4213 ad
920 4163 1078 4211 residendum
1090 4165 1196 4211 mittam.
1224 4165 1281 4215 Scio
1301 4167 1413 4230 deceptio
1427 4168 1491 4218 unde
1509 4173 1607 4228 veniat3

244 4239 313 4292 hanc
332 4249 370 4297 tn,
390 4237 436 4287 Vir
454 4238 603 4296 doctissime,
622 4238 648 4285 in
663 4236 843 4285 Dissertatione
862 4237 887 4283 iu
906 4235 991 4283 ultimo
1011 4240 1156 4296 argumento
1170 4250 1226 4300 pag.
1244 4236 1276 4283 dl
1291 4236 1401 4298 (ultima)
1418 4240 1541 4295 invenisti,
1561 4257 1608 4306 ege

245 4319 334 4364 mua
353 4325 410 4360 enm
429 4310 539 4373 ejusdem
558 4308 664 4358 Galilaei
689 4308 827 4371 perspicillo
847 4309 871 4355 in
891 4306 960 4355 coele
980 4320 1084 4353 errorem
1110 4307 1190 4353 iureui
1211 4318 1236 4355 et
1254 4309 1361 4369 probari.
1401 4308 1471 4357 Haec
1490 4313 1542 4366 nbi,
1562 4312 1608 4360 l'ir

245 4382 390 4434 ammian
403 4389 429 4430 et
443 4383 468 4430 in
481 4387 610 4429 aeternnm
627 4379 779 4432 honorando,
795 4378 924 4432 concredo,
946 4382 1015 4425 extra
1027 4376 1100 4423 limen
1114 4376 1181 4424 nihil.
1212 4378 1288 4426 l'ideo
1308 4394 1391 4427 omnes
1404 4378 1481 4427 Italos
1494 4382 1606 4431 Galilaea

245 4454 338 4506 heere.
375 4452 456 4502 Video
479 4451 536 4508 illa,
556 4465 619 4515 qnae
639 4460 725 4499 eontra
744 4451 836 4504 scribo,
857 4448 986 4512 blaginum
1005 4455 1033 4495 ut
1051 4448 1115 4508 typis
1134 4448 1253 4509 prodeant
1271 4450 1406 4512 impedire;
1433 4449 1503 4513 lupus
1523 4452 1606 4514 lupum

244 4539 295 4576 nen
314 4523 411 4574 mordet
428 4537 509 4587 neque
527 4523 596 4571 cauis
616 4535 704 4570 canem
730 4522 839 4577 allatret.
877 4524 910 4567 At
928 4519 991 4567 Itale
1017 4518 1051 4565 illi
1070 4517 1190 4566 Patavina
1216 4527 1321 4583 quatuor
1348 4535 1423 4568 ueros
1446 4522 1606 4583 planetaria

245 4595 344 4647 Plancio
364 4609 408 4645 sno
422 4594 460 4643 vel
479 4607 535 4642 cum
553 4593 641 4655 eapitis
655 4594 703 4640 mei
722 4591 829 4655 periculo
842 4607 892 4639 uon
910 4590 1006 4639 cedam.
1032 4588 1095 4637 Illud
1115 4590 1179 4636 enim
1198 4591 1370 4652 perspicillnm,
1390 4592 1454 4655 quod
1467 4592 1606 4649 fabricarit,

246 4675 273 4720 st
289 4669 317 4718 ln
334 4665 499 4730 snperlnribns
518 4670 543 4714 et
560 4664 713 4711 inferioribus
732 4663 803 4711 tatttt.
841 4662 888 4710 Hic
908 4661 990 4709 lumen
1008 4659 1222 4723 quadruplicatum
1241 4668 1316 4710 noctu
1335 4671 1472 4712 monstrare
1489 4679 1603 4726 possum3

245 4740 341 4806 qim
362 4736 478 4802 Virginis,
496 4735 621 4784 mediante
640 4734 686 4782 hoe
704 4733 850 4797 perspicillo,
871 4732 1021 4794 duplicatam
1040 4731 1064 4778 d.
1079 4729 1121 4778 25.
1135 4731 1194 4792 Apr.
1216 4740 1288 4780 nocte
1306 4740 1425 4796 sequente
1445 4737 1568 4797 conspexi.

335 4808 365 4860 lu
383 4806 530 4872 postserlpto
543 4802 709 4871 (germanico)
723 4805 799 4863 addit,
820 4804 987 4853 confecturum
1001 4816 1027 4849 se
1043 4801 1237 4863 „perspicillum‘¹
1259 4804 1335 4852 multo
1349 4805 1435 4854 melius
1448 4804 1603 4864 Galilaeauo,

247 4881 317 4944 relus
334 4893 381 4944 ope
399 4892 444 4942 per
463 4876 496 4925 tt
514 4878 620 4926 miliaria
640 4877 725 4932 „einer
742 4877 787 4923 mit
806 4876 886 4924 einem
906 4873 1000 4921 anderu
1019 4873 1072 4921 sich
1090 4871 1232 4922 uudereden
1251 4874 1371 4924 kttudte.“

335 4949 393 5002 noa
411 4954 543 5012 expectate
561 4946 663 5011 Kepleri
678 4946 771 5008 iudicio
790 4946 820 4995 de
840 4943 955 5007 opusculo
974 4958 1026 5003 aue,
1046 4942 1111 5006 quod
1128 4944 1269 5008 priusquam
1288 4947 1352 5010 typis
1370 4947 1531 4998 mandaretur
1547 4948 1604 4999 huie

246 5019 465 5074 haumlttendum
482 5025 615 5078 statuerat,
628 5017 735 5068 Herlius
754 5013 931 5067 attentanti
949 5013 1057 5064 libellum
1074 5026 1146 5063 suum
1164 5016 1309 5081 impressam
1327 5019 1394 5073 misit
1405 5019 1523 5085 Keplera
1541 5020 1605 5076 haee
