3692 5842
709 475 740 526 do
757 477 830 526 robus
847 476 949 540 Opticia.
1469 473 1511 542 89

152 658 260 733 partes
284 652 454 733 hujusmodi
476 652 603 727 mobilis,
629 654 682 715 sed
708 676 726 714 a
749 653 895 715 lateribus
923 660 1091 716 atterentur
1114 663 1144 715 et
1170 661 1264 716 toturn
1297 674 1403 733 corpus
1428 676 1511 717 com·
1550 649 1556 656 ’

117 801 133 828 ,
155 742 316 804 minuetur.
363 741 456 823 Atqui
480 742 506 804 si
530 742 596 823 quis
619 744 650 804 in
674 750 743 804 aire
767 751 881 817 nostro,
912 743 1048 823 quamuis
1074 744 1279 813 crassissimo,
1304 744 1332 804 in
1358 765 1416 806 uua
1439 746 1513 807 hora

154 830 283 893 milliare
317 831 455 894 conficiat
487 850 562 911 equo
593 838 716 904 vectus,
749 831 996 912 tranquillissimo
1028 831 1136 894 fruitur
1159 839 1243 907 aere,
1279 851 1365 913 quern
1399 840 1511 895 tranat.

155 919 244 990 Quod
270 920 295 981 si
321 926 408 981 tanta
425 920 466 982 sit
490 920 693 999 tranquillitas
709 919 790 982 cirea
813 939 920 999 corpus
936 922 1057 994 Terrae,
1083 922 1151 982 durn
1166 922 1196 983 id
1222 929 1324 983 tranat
1347 923 1511 997 aetherem,

154 1016 229 1089 puto
252 1008 444 1071 satisfactum
464 1027 532 1070 esse
553 1009 662 1070 debere
686 1009 829 1071 metuenti
845 1009 881 1069 de
906 1009 1060 1070 violentia.
1099 1010 1238 1071 Probabo
1261 1010 1362 1090 igitur,
1388 1010 1511 1073 infinitis

154 1098 371 1178 propemodum
393 1099 530 1178 partibus
561 1098 796 1178 tranquilliorem
825 1118 892 1160 esse
923 1099 1084 1178 trajectum
1108 1098 1238 1160 Telluris
1262 1118 1316 1179 per
1347 1100 1511 1162 aetherem.

154 1187 235 1248 Nam
260 1195 294 1247 ut
317 1205 413 1266 aquae
437 1187 573 1248 densitas
597 1188 635 1247 ad
660 1187 842 1248 densitatem
866 1189 956 1262 aeris,
982 1188 1025 1249 sio
1050 1188 1129 1249 airis
1150 1188 1188 1249 ad
1212 1188 1395 1251 aetheream.
1442 1188 1513 1251 Jam

156 1276 184 1337 iu
209 1273 331 1355 Opticis
353 1273 446 1355 (Gap.
461 1277 517 1349 IV,
540 1272 571 1337 6.
596 1294 681 1355 prop.
702 1273 756 1349 10)
780 1277 1003 1356 proportionem
1029 1295 1124 1355 aquae
1149 1278 1187 1337 ad
1212 1284 1312 1337 aerem
1336 1296 1372 1337 ex
1396 1277 1512 1339 refrae-

155 1364 270 1425 tiouum
293 1363 431 1427 doctrina
454 1365 541 1426 elicui
563 1366 777 1445 propemodum
802 1365 991 1427 ineffabilem.
1039 1364 1160 1436 Quanto
1185 1365 1276 1444 igitur
1304 1365 1442 1427 subtilior
1466 1373 1515 1428 est

156 1452 264 1514 aether
286 1460 375 1526 aere,
410 1462 496 1514 tauto
526 1454 612 1534 plura
645 1453 785 1516 milliaria
812 1473 867 1533 per
898 1454 1051 1515 aetherem
1082 1474 1170 1533 quam
1198 1473 1252 1535 per
1277 1461 1375 1515 adrem
1410 1453 1513 1516 confici

155 1548 300 1622 poterunt
321 1542 378 1604 sub
402 1542 506 1603 eadem
530 1542 760 1621 tranquillitate.
808 1546 852 1604 At
875 1563 942 1603 cum
966 1542 1095 1604 Telluris
1124 1543 1230 1622 globus
1258 1539 1343 1605 1200
1367 1543 1470 1604 semid.
1496 1564 1515 1603 a

156 1629 229 1692 Sole
244 1630 296 1713 sit
326 1630 486 1716 subvectus
510 1630 539 1692 in
574 1631 726 1692 aetherem
759 1631 883 1711 ideoque
917 1632 1048 1693 ambitus
1078 1633 1141 1711 ejus
1174 1633 1274 1712 spatio
1304 1631 1417 1693 dierum
1449 1628 1513 1695 365

153 1718 357 1781 conficiendos
381 1720 589 1799 complectitur
608 1716 694 1782 7543
719 1721 967 1795 semidiametros‚
994 1741 1050 1781 uno
1075 1722 1166 1796 igitur
1190 1723 1238 1784 die
1264 1721 1369 1799 globus
1385 1720 1515 1783 Telluris

155 1815 261 1869 tranat
284 1808 415 1887 spatium
440 1805 520 1886 207,
542 1808 646 1869 semid.
671 1804 841 1884 harum,'et
859 1811 889 1871 iu
912 1830 970 1871 una
991 1811 1065 1870 hora
1079 1804 1160 1892 fil„
1182 1811 1287 1872 semid.
1308 1811 1363 1870 hoc
1380 1819 1429 1871 est
1450 1805 1516 1872 740

155 1898 232 1958 11111.
264 1895 368 1959 Germ.
416 1896 449 1959 Si
480 1917 550 1977 ergo
584 1898 689 1959 aether
720 1918 778 1959 uon
811 1899 877 1979 plus
911 1918 998 1978 quam
1031 1896 1132 1960 nores
1170 1899 1287 1959 tenuior
1319 1907 1400 1959 esset
1434 1906 1513 1971 ae're,

155 1986 364 2066 tranquillitas
380 1987 486 2047 eadem
507 1993 642 2047 maneret
664 1988 741 2049 acsi
761 2006 854 2067 penes
876 2006 930 2047 nos
947 1988 975 2048 in
995 1986 1008 2048 1
1027 1987 1101 2047 hora
1123 1989 1317 2048 conficeretur
1338 1987 1352 2048 1
1376 1987 1514 2048 milliare.

153 2076 224 2137 Jam
250 2082 350 2137 autem
375 2076 495 2149 dictum,
520 2076 741 2156 proportionem
766 2095 833 2136 esse
856 2071 937 2156 pene
958 2075 1147 2148 ineffabilem,
1173 2076 1247 2137 haec
1267 2093 1337 2136 vero
1361 2074 1514 2155 proportio

158 2166 170 2227 1
200 2165 241 2225 ad
270 2162 336 2228 740
369 2165 468 2227 facilis
498 2165 713 2245 comprehensu
744 2174 799 2227 est.
846 2165 923 2226 Illud
958 2165 1056 2226 obiter
1089 2166 1183 2237 addo,
1217 2164 1348 2226 Saturno
1381 2164 1411 2225 io
1443 2163 1455 2226 1
1485 2165 1513 2225 h.

154 2252 299 2314 obvenire
323 2251 389 2315 300
412 2254 533 2315 circiter
556 2254 696 2316 milliaria
720 2256 809 2333 spatii
835 2254 970 2329 aetherii,
996 2250 1159 2329 rosilon,
1184 2253 1277 2315 Μ1111
1302 2247 1376 2327 600,
1401 2251 1515 2314 Veneri

154 2339 233 2415 800,
257 2342 406 2402 Mercurio
433 2339 527 2404 1000.
573 2341 652 2405 Hinc
675 2353 812 2423 apparet,
836 2362 954 2423 semper
977 2362 1043 2404 esse
1068 2342 1241 2418 tardiorem,
1267 2340 1314 2422 qui
1339 2349 1387 2402 est
1410 2340 1515 2404 aSole

155 2429 311 2503 remotior,
336 2448 394 2491 nou
419 2438 536 2493 tantum
561 2432 598 2492 ob
623 2431 785 2512 longiorem
810 2433 965 2494 circuitum
990 2433 1044 2493 sed
1069 2440 1100 2493 ct
1123 2432 1161 2493 ob
1192 2430 1409 2494 lentitudinem.
1456 2430 1514 2492 Hic

154 2539 185 2580 u.
211 2518 292 2580 idem¹
316 2527 443 2599 tempus,
469 2520 543 2582 hora
566 2540 681 2602 nempe,
707 2522 744 2582 ad
769 2522 870 2601 spatia
893 2523 1055 2583 confertur.
1095 2520 1157 2583 Sed
1177 2531 1209 2582 et
1227 2521 1282 2582 hoc
1304 2518 1402 2580 obiter
1425 2520 1514 2593 addo,

154 2615 270 2669 motum
294 2607 407 2669 Terrae
431 2610 560 2687 partium
594 2610 748 2692 aequatori
782 2611 984 2690 subjectarum
1009 2630 1098 2690 super
1127 2618 1229 2672 centro
1254 2608 1340 2689 quasi
1372 2606 1515 2687 immobili

154 2717 224 2760 esse
248 2698 279 2757 in
313 2716 372 2758 una
395 2697 423 2760 h.
454 2695 520 2761 240
554 2698 626 2760 mill.
672 2702 779 2779 Itaque
808 2700 970 2765 earundem
998 2700 1128 2777 partium
1157 2697 1339 2778 compositus
1362 2705 1461 2761 motus
1485 2696 1514 2758 in

154 2786 257 2848 media
280 2794 369 2848 nocte
390 2795 438 2848 est
459 2788 592 2867 fereper
612 2788 701 2861 mille,
727 2789 756 2849 in
778 2788 898 2849 nreridic
920 2808 975 2867 per
990 2785 1054 2851 600
1074 2788 1222 2862 milliaria,
1248 2793 1387 2867 respectu
1412 2785 1515 2847 habito

154 2875 250 2956 spatii
274 2875 414 2936 mundani
439 2877 570 2955 trajecti.
618 2874 868 2939 Consideratione
901 2877 992 2956 igitur
1024 2878 1145 2957 dignum
1171 2886 1234 2952 est,
1260 2897 1297 2937 au
1322 2876 1378 2936 hoe
1402 2872 1515 2954 aliquid

154 2964 257 3046 possit
280 2964 319 3024 ad
344 2963 542 3043 frigiditatem
567 2966 697 3026 noctium
721 2985 758 3026 ex
781 2966 979 3028 ventilatione
1004 2965 1107 3046 quasi,
1138 2985 1213 3046 quae
1239 2966 1274 3026 de
1308 2973 1395 3027 nocte
1426 2963 1515 3044 duplo

154 3065 206 3115 est
229 3053 336 3132 major,
362 3071 450 3131 quam
474 3054 510 3114 de
536 3055 592 3117 die.
641 3055 733 3114 Item:
769 3075 805 3116 an
830 3055 897 3116 ideo
931 3055 1109 3116 matutinum
1143 3062 1261 3134 tempus
1291 3062 1352 3114 tam
1385 3059 1515 3133 gratum,

155 3143 227 3225 quia
251 3149 357 3223 partes
372 3141 493 3216 Terrae,
519 3141 566 3203 ubi
592 3143 770 3204 matutinum
794 3152 912 3224 tempus
933 3150 989 3218 est,
1015 3151 1099 3206 recta
1122 3145 1257 3205 feruntur
1281 3142 1400 3204 obviam
1424 3160 1515 3203 aurae

154 3230 323 3294 aetheriae.
362 3230 449 3292 Luna
472 3249 562 3310 super
586 3241 688 3292 centro
709 3232 820 3293 Terrae
844 3233 928 3312 quasi
953 3232 1096 3294 immobili
1113 3233 1194 3304 (cum
1215 3232 1309 3293 distet
1332 3227 1374 3294 60
1394 3230 1515 3300 semid.)

154 3322 258 3401 spatio
283 3313 367 3401 291,Ι
396 3320 424 3379 d.
450 3320 582 3381 absolvit
606 3316 666 3383 391
696 3322 818 3397 semid.,
844 3322 946 3383 dietim
978 3322 1069 3402 igitur
1096 3316 1173 3403 13¹),
1205 3321 1310 3383 semid.
1335 3328 1367 3381 et
1390 3321 1418 3381 in
1442 3320 1517 3381 hora

153 3406 222 3474 476
247 3408 407 3470 milliaria:
431 3408 536 3489 ltaque
557 3409 644 3470 Luna
666 3410 756 3489 plens
779 3411 808 3471 in
833 3410 907 3471 hora
931 3412 1050 3472 conficit
1074 3412 1110 3471 de
1135 3411 1232 3490 spatio
1257 3410 1404 3471 mundano
1432 3403 1516 3469 1216

154 3499 309 3571 milliaria,
335 3499 421 3559 Luna
444 3515 522 3559 nora
546 3499 754 3560 tantummodo
779 3495 853 3561 264.
900 3500 934 3560 11
958 3500 1152 3562 Ptolemaicis
1177 3498 1392 3581 hypothesibus
1416 3496 1517 3557 omnia

153 3598 226 3650 snut
252 3586 482 3648 incredibiliora.
529 3587 609 3648 Nam
633 3597 665 3648 ut
690 3588 761 3650 nihil
796 3588 892 3649 dicam
927 3589 963 3649 de
993 3588 1106 3649 extima
1138 3589 1284 3667 sphaera,
1320 3586 1448 3665 quaein
1476 3583 1516 3655 l',

154 3680 213 3739 hoc
237 3685 287 3737 est
311 3676 339 3737 in
364 3676 468 3755 pulsus
494 3676 651 3738 intervallo
677 3684 729 3738 aut
753 3678 832 3739 nictu
857 3677 1008 3740 oculorum
1029 3677 1189 3756 geminato,
1216 3675 1339 3737 deberet
1363 3674 1401 3735 ad
1425 3672 1516 3734 mini-

154 3785 235 3828 mum
260 3762 372 3828 43000
396 3765 538 3826 milliaria
561 3768 770 3841 transvolare3
802 3774 854 3828 atr
877 3775 958 3828 certe
983 3767 1087 3828 Lunae
1117 3765 1249 3838 vicinus,
1284 3763 1309 3825 si
1333 3782 1398 3824 cum
1422 3762 1518 3823 Terra

154 3854 296 3937 quiescit,
322 3854 523 3915 circumeunte
549 3856 635 3917 Luna
659 3856 751 3917 sentit
776 3856 867 3935 igitur
891 3851 970 3918 fiores
995 3855 1092 3935 majus
1116 3855 1196 3917 orbis
1221 3852 1349 3915 Lunaris
1374 3851 1516 3933 spatium,

154 3964 246 4025 quam
262 3942 290 4004 in
312 3943 419 4005 diurna
443 3945 627 4006 revolutione
648 3945 759 4005 Terrae
780 3944 948 4006 tribuebam
972 3946 1001 4006 in
1028 3943 1100 4006 1.11.
1121 3966 1138 4006 1
1158 3959 1225 4005 sese
1246 3942 1391 4022 separari,
1411 3958 1516 4019 nempe

158 4030 268 4098 14000
291 4031 381 4104 mill,
406 4052 481 4114 qnae
507 4041 588 4094 certe
612 4053 670 4095 non
695 4042 744 4095 est
767 4054 831 4095 oum
860 4035 958 4113 priore
982 4034 1035 4094 1111
1065 4027 1276 4115 comparabilis
1301 4030 1516 4112 tranquillitas.

246 4120 430 4184 Commodus
454 4128 502 4183 est
517 4122 588 4183 mihi
613 4123 759 4184 transitus
784 4125 821 4185 ad
847 4123 1047 4203 objectionem
1072 4123 1172 4184 aliam.
1213 4120 1247 4183 Si
1262 4122 1357 4182 Terra
1381 4125 1518 4180 movetur

153 4212 230 4274 Sole
255 4217 374 4284 stante,
409 4230 534 4272 necesse
567 4220 615 4272 est
643 4213 802 4292 sphaeram
833 4214 958 4273 lixarum
989 4231 1056 4274 esse
1091 4212 1223 4272 infinitae
1253 4210 1390 4271 similem.
1437 4206 1516 4269 Nam

157 4298 245 4364 1200
269 4299 376 4362 semid.
412 4301 523 4361 Terrae
556 4301 701 4379 (spatium
733 4302 811 4363 inter
835 4300 937 4364 Solem
968 4310 1000 4362 et
1023 4302 1161 4372 Terram)
1190 4318 1247 4361 uon
1281 4296 1464 4358 subtendunt
1487 4292 1517 4353 in

152 4392 223 4453 lixis
255 4384 314 4469 ¹l,‘.
362 4390 469 4469 ltaque
502 4385 589 4452 3600
622 4389 1305 4452 111111111111111111111111111111111111
1331 4394 1361 4446 et
1385 4378 1518 4446 216000

152 4480 286 4542 nrinores
315 4473 351 4540 1θ
372 4485 404 4540 et
428 4474 605 4541 77760000
639 4481 768 4541 minores
801 4480 915 4541 ambitu
944 4481 1087 4553 fixarum,
1121 4488 1151 4539 et
1185 4472 1359 4540 11100000
1388 4473 1517 4534 minores

153 4568 383 4632 semidiametro
407 4569 532 4630 lixarum
557 4569 713 4648 sphaerae,
738 4569 782 4630 ita
802 4570 931 4649 sphaera
954 4567 1034 4630 Solis
1056 4567 1106 4629 vix
1127 4574 1210 4627 esset
1229 4564 1329 4626 decies
1348 4561 1518 4630 millesima,

153 4658 282 4724 Saturni
319 4654 448 4721 1000ma
486 4658 633 4736 sphaerae
671 4660 805 4721 lixarum.
858 4658 1059 4737 Respondeo:
1097 4655 1227 4735 objectio
1259 4673 1333 4713 vera
1365 4659 1431 4724 est,
1464 4648 1516 4708 sed

154 4748 249 4812 nihilo
282 4746 381 4826 magis
415 4746 537 4807 absurdi
570 4748 719 4822 continet,
746 4768 834 4828 qnam
857 4745 996 4809 immanis
1021 4746 1073 4806 illa
1104 4745 1132 4804 in
1157 4742 1332 4804 Ptolemaeo
1366 4736 1517 4799 celeritas.

154 4837 331 4909 Quantulus
356 4842 405 4896 est
427 4835 516 4896 homo
534 4838 579 4897 ad
603 4838 715 4897 Terrae
740 4838 876 4914 globum,
909 4835 957 4916 qui
981 4833 1108 4913 porrigit
1132 4833 1168 4891 ad
1200 4839 1334 4890 centrum
1358 4824 1423 4893 860
1447 4825 1516 4888 1111-

154 4925 269 4992 liaria?
293 4933 326 4987 et
348 4925 419 5006 quia
443 4925 472 4988 in
500 4924 511 4987 1
541 4926 613 4988 mill.
640 4924 821 4989 11115000
848 4945 973 5005 passus,
998 4942 1069 5000 ergo
1094 4938 1233 5001 passuum
1259 4928 1330 4980 sunt
1353 4912 1516 4991 4300000,
