3692 5842
825 481 908 547 (iaput
924 481 969 533 XI.
1515 478 1580 550 367

222 653 298 716 Nam
323 652 470 716 tredecim
502 653 616 719 ultimis
645 657 769 722 minutis
801 659 946 740 temporis
978 660 1113 723 decrevit
1142 660 1264 740 eclipsis
1287 677 1341 741 per
1368 653 1424 738 1²l,
1456 661 1582 742 digitos,

222 760 290 822 crgo
314 749 386 806 octo
418 740 541 808 minatis
573 745 687 826 digitus
719 749 869 812 decrescit
891 755 945 810 aut
967 751 1086 813 crescit
1132 750 1239 830 Itaque
1265 750 1291 812 si
1314 749 1429 830 digitus
1452 770 1528 814 unus
1553 752 1582 812 iu

222 832 314 913 primo
346 840 474 913 aspectu
506 834 633 914 deiecit,
667 837 785 901 duratio
808 840 843 903 fit
865 840 895 901 h.
921 836 952 902 2.
978 836 1042 902 361.
1089 837 1143 901 Sin
1167 838 1229 901 illic
1252 839 1359 914 minus,
1394 838 1442 901 hic
1466 859 1582 921 quoque

222 920 318 985 minus
342 922 411 985 erit.

310 1009 446 1092 Cumque
470 1013 584 1076 duobus
609 1014 727 1078 indiciis
750 1015 817 1078 finis
842 1018 980 1080 delectus
1004 1016 1096 1078 cadat
1119 1017 1148 1078 14
1173 1018 1276 1079 horam
1305 1014 1355 1078 12.
1379 1014 1444 1086 551,
1470 1017 1582 1079 ablatis

223 1101 315 1182 igitur
339 1102 369 1164 h.
396 1099 427 1165 2.
448 1099 512 1178 361,
536 1103 655 1165 initium
679 1106 769 1166 cadet
793 1106 822 1167 in
849 1104 905 1169 101
931 1103 982 1170 191
1006 1113 1059 1167 aut
1081 1107 1160 1185 plus.
1202 1107 1252 1167 Au
1277 1106 1325 1168 hic
1349 1125 1466 1185 quoque
1490 1106 1581 1167 testi-

222 1190 354 1254 monium
384 1190 561 1255 habebimus
592 1194 630 1254 ab
661 1194 894 1257 observatione?
928 1194 1103 1257 Videamus.
1154 1193 1282 1257 041414
1316 1195 1483 1275 quadrante
1514 1214 1581 1255 meo

223 1280 373 1343 distantia
396 1278 480 1343 Solis
502 1302 523 1343 a
544 1282 657 1343 vertice
689 1293 865 1363 argueretur
888 1281 958 1358 591,
988 1285 1101 1346 nullum
1125 1285 1222 1346 adhuc
1247 1292 1313 1346 erat
1340 1282 1501 1362 vestigium
1526 1284 1580 1344 de-

223 1371 331 1431 iectus.
381 1367 525 1433 Calculus
549 1372 650 1450 arguit
673 1372 817 1434 minutum
842 1383 983 1434 octavum
1007 1380 1077 1434 ante
1107 1374 1264 1435 decimam.
1312 1372 1386 1435 lnde
1410 1372 1465 1435 Sol
1488 1371 1582 1435 nubes

223 1458 318 1521 subiit
350 1466 384 1519 et
412 1478 485 1521 saue
520 1461 660 1540 quamdiu
694 1462 797 1534 latuit,
832 1464 918 1541 quasi
958 1458 989 1539 11,
1025 1462 1134 1536 144144;
1172 1462 1265 1524 44444
1299 1480 1454 1541 emergens
1486 1462 1581 1540 digito

224 1547 353 1609 delicere
386 1548 548 1610 videretur.
594 1551 741 1611 Huennae
773 1551 890 1611 Dauiac
921 1552 1092 1631 aquodam
1125 1551 1275 1632 'lychonis
1309 1552 1445 1612 studioso
1478 1551 1582 1613 eodem

224 1645 359 1715 tempore
382 1638 648 1717 contemplationis
671 1638 760 1717 hujus
778 1659 872 1701 causa
892 1640 919 1700 14
940 1641 1040 1701 insula
1062 1650 1202 1701 versante
1227 1640 1378 1715 proditum
1395 1649 1444 1700 est
1466 1639 1582 1702 initium

224 1726 252 1788 b.
280 1722 334 1788 10.
361 1722 701 1799 31,1141411.12.321.
739 1729 867 1790 Duratio
892 1729 920 1790 11.
947 1727 976 1792 2.
998 1725 1062 1792 291.
1108 1728 1204 1808 Digiti
1228 1722 1303 1810 9²),
1345 1729 1441 1808 Atqui
1464 1737 1582 1808 tempus

224 1813 344 1893 lougius
368 1833 437 1877 esse
461 1815 561 1878 decuit
585 1836 674 1896 quarn
698 1815 808 1880 Gratii.
857 1819 943 1880 Luna
967 1818 1044 1879 enirn
1068 1826 1102 1878 nt
1132 1818 1376 1898 septentrionalis
1400 1836 1455 1897 par
1478 1824 1525 1878 est
1548 1825 1583 1878 ut

225 1903 253 1965 iu
276 1902 333 1964 illa
356 1904 419 1982 poli
442 1904 623 1978 elevatione,
648 1924 723 1984 quae
743 1904 781 1970 9⁰
805 1926 901 1969 meam
926 1915 1060 1986 superat,
1085 1905 1116 1969 5¹
1136 1907 1164 1967 in
1185 1905 1266 1968 Solis
1286 1924 1394 1985 corpus
1418 1905 1582 1967 demersior

225 1992 402 2073 apparuerit
425 1993 564 2073 viamque
589 1995 752 2056 confecerit
770 2003 855 2056 tanto
881 1997 1046 2074 longiorem
1060 2014 1114 2074 per
1138 2014 1246 2075 corpus
1261 1994 1352 2056 Solis.
1388 1994 1467 2055 Vide
1491 1995 1583 2073 igitur

226 2080 370 2143 fallacias
393 2080 476 2143 visus
500 2101 592 2162 supra
608 2102 645 2143 ex
664 2084 763 2163 capite
779 2093 877 2147 sexto.
917 2086 1019 2166 Tycho
1035 2085 1110 2163 ipse,
1134 2093 1167 2146 ut
1181 2085 1220 2145 ad
1236 2084 1428 2145 Maestlinum
1452 2082 1583 2162 scripsit,

224 2170 345 2232 initium
374 2170 602 2249 Wandesburgi
631 2174 669 2233 ad
703 2173 909 2253 Hemburgum
940 2193 994 2252 per
1024 2175 1158 2236 armillas
1192 2172 1366 2234 observavit
1395 2171 1424 2235 h.
1458 2167 1488 2234 9.
1518 2167 1582 2243 521,

226 2258 304 2339 quod
329 2267 414 2321 esset
435 2259 581 2324 Huennae
605 2261 635 2322 b.
664 2258 712 2322 10.
736 2257 814 2343 411,1
843 2262 913 2341 quia
936 2262 1055 2323 Houdio
1084 2262 1316 2324 meridianorum
1345 2259 1514 2322 differentia
1537 2267 1587 2320 est

226 2343 333 2412 3181.
381 2348 516 2410 Medium
545 2349 637 2430 igitur
660 2350 805 2412 Huennae
829 2352 859 2413 lv.
888 2348 937 2413 11.
966 2346 1072 2431 17141,
1098 2349 1198 2412 Gratii
1222 2350 1251 2411 11.
1281 2349 1330 2412 11.
1356 2346 1409 2413 371
1433 2357 1487 2410 aut
1508 2348 1586 2428 plus.

226 2434 331 2509 Quare
366 2437 536 2501 differentia
567 2438 797 2502 meridianorum
831 2440 951 2500 circiter
974 2437 1037 2511 201,
1064 2458 1117 2501 seu
1141 2435 1199 2502 5⁰:
1233 2440 1380 2518 siquidem
1404 2437 1505 2500 omnia
1527 2437 1585 2498 rite

227 2533 408 2590 constarent
431 2545 507 2608 quas
532 2527 669 2589 adhibita
689 2537 766 2590 sunt.
803 2530 868 2591 Nec
885 2529 997 2590 Hondii
1022 2529 1125 2589 tabula
1149 2529 1242 2589 multo
1266 2528 1363 2601 aliter,
1389 2525 1586 2589 differentiam

226 2615 346 2679 scilicet
370 2616 601 2679 meridianorum
624 2617 706 2679 ultra
728 2615 767 2680 41
791 2619 874 2679 facit.
893 2613 951 2690 ¹⁰¹)

298 2705 407 2768 ¹Nunc
431 2714 462 2766 et
483 2705 639 2784 problema
665 2704 716 2769 17.
747 2707 802 2768 hoc
836 2709 973 2787 exemplo
1006 2706 1181 2779 declarabo,
1217 2712 1248 2766 et
1275 2722 1422 2784 quaenam
1444 2722 1483 2764 ex
1512 2701 1587 2764 meis

227 2793 387 2875 ellipsibus
411 2795 559 2873 prodeant
581 2794 791 2857 inclinationes
815 2798 985 2857 ostendam.
1031 2795 1163 2856 Primum
1195 2794 1349 2872 exquiram
1376 2791 1586 2873 proportiones

227 2884 443 2945 diametromm
476 2884 556 2945 iuter
579 2903 612 2945 se
641 2885 679 2946 ad
713 2885 888 2946 altitudines
913 2885 993 2947 Solis
1019 2882 1079 2946 37⁰
1102 2892 1132 2944 et
1156 2879 1226 2956 36⁰,
1256 2882 1360 2961 quales
1388 2882 1470 2943 fuere
1498 2880 1588 2959 paulo

228 2982 298 3033 ante
316 2980 348 3034 et
363 2982 433 3051 post
448 2973 535 3034 finem
550 2972 709 3053 eclipseos,
735 2993 791 3053 quo
808 2984 943 3053 tempore
963 2972 1086 3052 ellipsos
1107 2972 1233 3051 signavi.
1274 2970 1349 3033 Cum
1364 2990 1434 3032 arcu
1449 2964 1587 3043 521451,

227 3057 348 3134 53101,
374 3056 515 3137 531151,
539 3063 689 3141 prodeunt
711 3063 899 3143 tangentium
924 3062 1112 3125 differentiae
1139 3058 1233 3134 1197,
1258 3058 1352 3132 1212,
1377 3078 1449 3139 ergo
1474 3057 1591 3137 longior

229 3150 381 3213 diameter
404 3146 508 3226 2409,
542 3149 662 3215 brevior
693 3170 765 3214 vero
792 3171 847 3232 per
875 3172 963 3214 axem
997 3151 1064 3213 coni
1094 3151 1185 3212 ducta
1219 3148 1434 3228 (multiplicato
1467 3155 1591 3210 secante

225 3236 336 3305 53114
352 3248 528 3318 tangentem
547 3238 613 3314 15‘)
632 3238 727 3305 1450.
765 3241 897 3303 Rursum
920 3262 988 3303 cum
1012 3241 1139 3303 arcubus
1164 3234 1302 3312 531451,
1318 3233 1434 3313 54101,
1450 3232 1513 3300 541
1530 3235 1591 3307 151,

229 3328 423 3391 differentiae
448 3330 637 3409 tangentium
660 3331 808 3410 prodeunt
835 3327 929 3405 1255,
957 3328 1053 3404 1271,
1077 3348 1149 3409 ergo
1179 3328 1294 3408 longior
1323 3327 1470 3389 diameter
1493 3319 1590 3398 2520,

227 3416 351 3481 brevior
374 3436 430 3498 per
454 3437 542 3479 axem
566 3420 634 3480 coni
662 3415 755 3495 1486,
780 3420 933 3499 proportio
958 3439 1033 3499 quae
1062 3415 1101 3480 17
1126 3419 1165 3479 44
1192 3415 1242 3490 10,
1266 3416 1348 3495 prior
1370 3417 1460 3496 paulo
1484 3415 1590 3476 minor.

229 3506 390 3587 Propontio
413 3506 443 3568 in
467 3507 542 3570 meis
566 3507 796 3581 schematismis,
821 3509 874 3569 sod
898 3508 1065 3571 rudissimis
1086 3515 1118 3568 et
1136 3504 1345 3588 rapidissimis,
1371 3504 1473 3583 prodit
1497 3502 1592 3562 minor

226 3595 354 3676 ideoque
372 3595 493 3671 vitiosa,
509 3595 547 3658 ob
562 3616 671 3659 causas
686 3597 872 3678 problemate
887 3595 937 3660 17.
954 3599 1072 3660 dictas:
1090 3597 1205 3658 etbaec
1220 3600 1384 3668 causaest,
1400 3611 1452 3654 cur
1466 3592 1495 3653 iu
1511 3591 1589 3651 huuc

229 3685 350 3747 modum
371 3704 408 3746 ex
431 3683 773 3766 praeceptoprobl.17.
799 3686 1007 3766 corrigendam
1031 3686 1204 3765 suscipiam.
1242 3682 1399 3745 Diameter
1416 3681 1508 3761 igitur
1523 3680 1591 3742 lon-

226 3774 344 3854 gioria
369 3774 505 3837 secunda
527 3794 659 3837 mearum
683 3775 831 3855 ellipsium
856 3776 914 3837 fuit
937 3777 1004 3858 plus
1029 3795 1118 3856 quam
1142 3774 1263 3854 duplum
1288 3772 1386 3852 hujus,
1412 3769 1508 3832 literis
1532 3767 1588 3830 AB

230 3880 406 3943 expressae,
423 3881 515 3926 cornu
530 3864 656 3926 alterum
675 3864 704 3926 14
724 3865 782 3927 imo
806 3866 891 3945 apice
906 3865 945 3941 D,
970 3866 1099 3927 alterurn
1123 3864 1153 3928 in
1177 3865 1257 3927 linea
1272 3860 1330 3923 GL
1354 3856 1593 3942 perpendiculari

227 3952 265 4015 ad
287 3952 358 4017 AB.
405 3951 516 4015 Divisa
548 3973 619 4034 ergo
643 3954 701 4016 BA
729 3955 827 4015 medio
860 3955 924 4016 loco
949 3956 980 4018 in
1003 3955 1045 4027 E,
1079 3955 1229 4017 scribatur
1258 3971 1295 4012 ex
1317 3951 1344 4011 E
1369 3950 1496 4013 circulus
1519 3944 1591 4019 BG,

229 4059 316 4123 quem
348 4049 434 4104 secet
459 4040 517 4105 LG
540 4043 569 4104 iu
594 4040 633 4106 G.
680 4042 721 4105 Et
754 4043 907 4106 bisecetur
938 4063 1025 4106 arcus
1053 4042 1115 4107 DG
1144 4044 1221 4107 inter
1251 4060 1365 4103 cornua
1394 4039 1423 4101 iu
1453 4039 1499 4114 H,
1533 4035 1592 4098 erit

227 4128 286 4194 ΒΗ
309 4129 477 4208 inclinatio,
503 4151 579 4212 quae
598 4133 662 4212 jam
686 4133 787 4212 prodit
809 4127 893 4213 2211,
906 4129 928 4195 1.
1093 4154 1098 4172 ¹
1281 4166 1336 4231 sig.
1359 4160 1418 4211 122.

316 4217 435 4292 Quodsi
476 4221 554 4284 scire
593 4221 768 4296 desideras,
810 4222 875 4302 quia
912 4240 982 4284 vere
1016 4221 1107 4283 fuerit

227 4309 310 4373 loom
344 4309 471 4373 alterius
501 4329 609 4385 corun,
645 4319 748 4374 centro
775 4310 803 4373 Ε
834 4310 1029 4391 amplitudine
1053 4311 1106 4384 El,
1201 4338 1219 4379 e

227 4407 342 4481 quanta
365 4408 414 4463 est
437 4399 557 4461 brevior
580 4399 726 4463 diameter
749 4401 787 4463 ad
811 4401 984 4480 longiorem,
1010 4400 1106 4462 scribe
1165 4462 1167 4483 2
1207 4462 1216 4487 ,
1282 4424 1302 4439 ··

227 4488 379 4552 circellum
402 4488 448 4551 ΙΙ(
472 4498 503 4551 et
526 4497 670 4552 connecte
687 4489 725 4563 Ε,
742 4488 781 4559 G,
806 4508 882 4570 quae
906 4488 1025 4552 secabit
1046 4489 1106 4551 cir-

227 4579 336 4641 cellum
359 4578 389 4641 iu
414 4579 438 4653 1,
464 4598 555 4659 quare
579 4598 632 4658 per
651 4578 665 4639 I
687 4577 853 4659 parallelon
878 4579 936 4659 ipsi
950 4578 1008 4640 BA
1031 4597 1107 4658 agas
1139 4643 1154 4685 ι
1167 4535 1216 4665 Α
1237 4631 1247 4664 ,3
1361 4628 1366 4654 ,

230 4667 341 4730 lineam
365 4665 416 4744 Ol,
443 4687 519 4749 quae
543 4668 660 4731 secabit
682 4664 873 4731 lineam'GL
898 4669 927 4729 14
952 4665 987 4730 C.
1025 4667 1106 4746 Ergo

227 4754 327 4821 cruit
344 4776 438 4820 comn
462 4758 600 4833 altemm,
625 4757 739 4819 Dvero
762 4758 917 4839 reliquum.
957 4758 992 4818 In
1016 4756 1109 4818 tertia

227 4846 325 4928 ellipsi
348 4865 419 4910 mea
447 4866 541 4911 cornu
562 4848 660 4912 adhuc
682 4855 749 4911 erat
766 4847 852 4929 quasi
874 4847 955 4909 infra
973 4845 1002 4907 in
1022 4845 1107 4924 apice

227 4954 281 4999 seu
304 4935 419 4999 vertice
443 4937 595 5017 ellipseos,
619 4937 773 5000 inclinatio
794 4936 968 4999 mechanica
983 4930 1052 5009 201,
1078 4935 1107 4996 14

227 5018 471 5109 44411419141,
494 5026 527 5090 iu
545 5027 651 5108 quinta
674 5026 770 5089 adbuc
793 5027 898 5102 minor,
924 5025 994 5087 dum
1017 5043 1108 5086 cornu
