3692 5842
329 522 331 526 .
361 461 427 526 220
831 465 1021 530 susspensus
1038 465 1063 514 u
1082 462 1250 516 visitasses.

359 729 523 792 tricitatem
549 730 706 804 invenerit,
732 749 820 809 quam
844 731 932 791 hodie
956 731 1058 812 Tycho
1081 741 1114 792 et
1136 739 1207 792 ante
1230 729 1420 810 octingentos
1444 749 1540 792 annos
1559 727 1716 808 Aibateg-

358 818 445 880 nius:
483 819 677 880 Ptolemaeus
710 837 781 879 vero
814 819 842 880 in
878 839 908 880 re
940 828 1002 881 tam
1035 820 1138 882 subtili
1173 840 1245 882 suas
1283 817 1511 881 observationes
1545 815 1717 898 Hipparchi

358 906 664 969 demonstrationibus
689 908 779 986 (quas
802 908 891 987 plane
916 909 1053 982 retinuit)
1078 908 1177 970 studio
1201 907 1495 970 accommodaverit?
1541 905 1576 970 Si
1601 907 1640 968 de
1664 905 1716 968 illo

357 1003 486 1065 constet,
511 1003 610 1057 actum
635 1004 667 1057 et
690 996 727 1056 de
750 994 807 1056 hoc
832 1004 897 1057 est:
928 1006 1030 1059 tantus
1060 998 1138 1059 enim
1167 1007 1215 1059 est
1247 997 1324 1059 inter
1351 1004 1508 1076 utrumque
1534 996 1564 1058 in
1587 1013 1715 1056 enume-

357 1085 453 1146 randa
476 1085 662 1164 longitudine
686 1085 885 1164 quadrantum
909 1086 979 1147 anni
1003 1106 1177 1160 consensus,
1202 1094 1344 1167 quantum
1369 1082 1579 1146 instrumentis
1602 1083 1715 1163 depre-

356 1173 445 1234 hendi
470 1172 663 1235 Ptolemaicis
687 1173 735 1233 vel
761 1172 973 1254 Hipparchicis
998 1175 1181 1255 impossibiie
1214 1175 1302 1256 plane
1332 1173 1397 1234 tuit.
1443 1173 1542 1251 igitur
1572 1179 1608 1234 ut
1638 1171 1716 1234 hanc

357 1262 393 1322 de
419 1261 590 1340 Hipparcho
615 1261 814 1341 suspicionem
838 1282 984 1337 moveam,
1019 1284 1112 1325 causa
1135 1264 1209 1325 haec
1233 1271 1292 1325 est.
1339 1261 1451 1324 Notum
1475 1281 1512 1321 ex
1538 1260 1715 1322 Ptolemaeo

357 1361 389 1411 et
412 1351 520 1411 Proclo
540 1351 706 1425 Diadocho,
730 1350 935 1430 Hipparchum
959 1360 991 1413 et
1014 1352 1089 1414 alios
1105 1352 1271 1433 clepsydris
1295 1349 1395 1411 metiri
1419 1350 1528 1412 solitos
1547 1349 1715 1412 diametros

357 1437 553 1500 luminarium.
602 1438 727 1501 Oriente
751 1439 830 1500 enim
855 1460 969 1502 summo
994 1439 1076 1503 Solis
1100 1442 1233 1520 margine
1257 1440 1371 1501 fluebat
1393 1443 1472 1518 aqua
1494 1457 1510 1498 e
1535 1437 1715 1518 clepsydrae

357 1527 501 1589 toramine
526 1536 631 1608 aperto
656 1529 685 1589 in
709 1527 861 1590 vasculum
886 1538 1079 1609 separatum:
1107 1531 1172 1609 jam
1204 1537 1268 1590 toto
1292 1526 1363 1590 Sole
1396 1535 1537 1589 exstante
1562 1526 1714 1588 residuum

356 1636 452 1697 aquae
477 1617 693 1696 excerpebatur
716 1635 787 1677 vase
813 1617 881 1691 alio,
906 1637 960 1697 per
983 1619 1061 1679 diem
1085 1626 1262 1698 noctemque
1277 1616 1459 1691 continuam,
1484 1616 1581 1678 donec
1597 1634 1713 1678 rursum

356 1706 460 1766 eodem
489 1705 554 1766 loco
588 1705 670 1767 Solis
698 1724 800 1785 margo
834 1716 1006 1769 cerneretur
1034 1707 1113 1770 oriri.
1167 1706 1241 1769 Cum
1279 1707 1336 1769 hac
1372 1703 1556 1766 observandi
1595 1703 1714 1767 ratione

357 1793 467 1856 tuerint
490 1794 534 1855 usi
558 1793 586 1854 in
603 1794 786 1858 dimetienda
800 1792 881 1856 Solis
906 1796 1062 1870 diametro,
1088 1796 1157 1876 qnid
1181 1796 1278 1876 inagis
1301 1794 1436 1875 proclive
1459 1795 1498 1855 ad
1518 1792 1713 1864 credendum,

357 1901 445 1962 ‹yuam
470 1882 535 1957 hoc,
560 1902 626 1945 eum
651 1883 838 1965 aequinoctio
871 1885 949 1947 diem
973 1885 1178 1964 praefinivisse
1201 1883 1418 1964 Hipparchum,
1451 1902 1509 1964 quo
1534 1882 1584 1943 die
1604 1879 1660 1944 Sol
1684 1880 1713 1942 in

357 1970 510 2032 horizonte
536 1972 646 2034 visibili
670 1972 742 2033 bina
765 1993 780 2032 e
805 1974 953 2036 diametro
977 1974 1117 2052 opposita
1139 1974 1237 2053 signa,
1271 1974 1398 2034 atterum
1422 1971 1547 2033 oriendo
1580 1970 1711 2032 aitemm

355 2058 518 2121 occidendo
542 2060 725 2140 attingeret:
751 2080 845 2140 eaque
869 2062 958 2142 signa
981 2063 1073 2124 semel
1097 2063 1263 2124 constituta
1286 2081 1339 2142 per
1367 2060 1614 2122 observationem
1643 2067 1714 2140 post

356 2147 385 2209 in
408 2157 585 2228 perpetuum
609 2169 663 2229 pro
688 2150 776 2212 metis
800 2150 1053 2229 aequinoctiorum
1077 2151 1228 2226 habuisse,
1254 2151 1279 2212 si
1303 2151 1333 2212 in
1358 2150 1463 2211 eodem
1481 2149 1550 2210 loco
1564 2157 1712 2211 maneret.

308 2252 314 2266 ·
355 2236 389 2299 Si
413 2246 495 2298 recte
520 2237 567 2299 bic
591 2239 714 2318 conjeci,
739 2258 798 2300 non
822 2239 983 2302 difficulter
1013 2240 1181 2320 impetrabo
1205 2249 1315 2302 cetera.
1359 2238 1440 2300 Nam
1470 2238 1570 2317 quoad
1595 2235 1650 2300 Sol
1683 2235 1713 2298 in

355 2324 542 2388 meridionali
579 2328 694 2389 zodiaci
727 2327 913 2390 semicirculo
943 2336 1000 2403 est,
1035 2348 1091 2391 non
1122 2337 1234 2409 potest,
1269 2326 1346 2410 qnod
1372 2327 1439 2407 jam
1468 2333 1645 2406 spectatum
1675 2325 1713 2387 ab

354 2413 528 2495 Hipparcho
562 2415 699 2492 diximus,
737 2425 903 2495 praestare,
940 2425 974 2478 ut
1010 2418 1110 2479 oriens
1147 2417 1328 2480 eontrarium
1366 2415 1532 2477 horizontis
1569 2423 1713 2494 punctam

354 2502 488 2582 attingat
511 2523 527 2564 e
551 2505 698 2567 diametro
727 2506 754 2566 ei
784 2505 862 2584 quod
886 2506 1026 2568 occidens
1050 2506 1190 2585 attingit:
1216 2514 1372 2584 utrumque
1397 2504 1476 2566 enim
1499 2502 1713 2583 vergitsdhuc

355 2592 385 2655 iu
409 2591 581 2655 meridiem:
606 2594 697 2672 igitur
721 2593 748 2654 in
773 2592 938 2667 horizonte,
964 2594 992 2655 in
1018 2615 1075 2675 quo
1090 2594 1358 2675 praesupponimus
1378 2591 1623 2655 observationem
1638 2592 1712 2666 tieri,

355 2679 409 2743 Sol
433 2680 524 2744 altior
542 2682 625 2762 justo
650 2702 797 2761 apparens
822 2682 858 2743 ob
883 2682 1090 2756 retractiones,
1116 2703 1184 2745 vere
1204 2683 1290 2763 justo
1314 2682 1401 2744 citius
1426 2682 1581 2762 ingressus
1596 2701 1711 2762 aequa·

355 2777 459 2843 torem,
485 2778 627 2832 autumno
651 2773 747 2833 serius
766 2773 850 2850 justo
875 2773 904 2833 in
929 2792 995 2834 eum
1020 2773 1177 2834 devolutus
1202 2772 1362 2834 videbitur.
1405 2769 1586 2833 Productius
1612 2770 1713 2851 itaque

355 2857 505 2919 videbitur
529 2867 647 2939 tempus
672 2861 781 2922 aestivi
805 2860 994 2933 semicirculi,
1020 2862 1138 2940 prolato
1162 2871 1287 2941 utroque
1312 2858 1460 2922 termino:
1495 2859 1598 2938 major
1621 2857 1714 2939 igitur

354 2947 566 3009 eccentricitas
586 2948 680 3027 justa.
730 2951 837 3028 ltaque
862 2950 910 3029 qui
935 2968 1029 3029 aequo
1054 2950 1153 3012 animo
1182 2950 1303 3012 credere
1328 2948 1401 3021 vult,
1436 2949 1563 3010 eandem
1588 2968 1659 3010 esse
1682 2955 1713 3008 et

354 3035 425 3098 oliui
449 3044 479 3097 et
505 3036 593 3097 hodie
617 3035 699 3099 Solis
728 3038 996 3111 eccentrioitatem,
1027 3039 1119 3100 habet
1147 3038 1172 3099 is
1201 3039 1325 3099 evidens
1354 3046 1564 3117 argumentum
1595 3037 1710 3099 retrac-

353 3124 468 3186 tionum
493 3126 531 3186 ab
555 3126 727 3207 Hipparcho
751 3127 988 3190 observatarum.

442 3216 508 3275 lluc
533 3235 588 3277 non
614 3216 750 3296 equidem
773 3217 862 3296 plane
886 3218 1008 3279 ridicule
1033 3218 1147 3277 reterns
1171 3224 1203 3278 et
1226 3215 1308 3289 illud,
1343 3214 1423 3296 quod
1446 3214 1573 3276 Procius
1599 3212 1712 3295 Lycius

354 3304 384 3365 iu
408 3300 549 3382 Sphaera
572 3305 674 3377 tradit,
701 3304 748 3366 ubi
770 3304 955 3367 antarcticus
975 3326 995 3364 a
1008 3306 1083 3384 pede
1100 3305 1249 3366 anteriore
1266 3304 1364 3365 Ursae
1380 3303 1502 3383 majoris
1519 3303 1711 3371 describitur.

354 3391 410 3453 boc
434 3401 491 3463 est,
515 3393 563 3454 ubi
588 3393 678 3455 stella
702 3394 730 3454 in
754 3394 830 3473 pede
855 3394 905 3454 illo
930 3392 1061 3473 quotidie
1085 3394 1258 3474 contingere
1283 3392 1401 3453 videtur
1420 3391 1625 3465 horizontem
1650 3391 1710 3454 ibi·

355 3481 421 3543 dem
445 3481 595 3543 aestivum
619 3483 765 3561 tropicum
790 3482 828 3543 ab
852 3482 1006 3543 horizonte
1030 3481 1126 3543 secari
1152 3482 1180 3542 in
1204 3481 1224 3546 5
1249 3489 1281 3542 et
1304 3477 1335 3543 3.
1350 3478 1392 3552 ³¹)
1438 3480 1505 3542 Hae
1530 3480 1621 3542 binae
1645 3488 1711 3541 tra·

354 3570 483 3632 ditiones
508 3570 586 3632 inter
609 3590 642 3632 se
668 3590 724 3632 non
749 3570 947 3632 conveniunt:
972 3570 1101 3649 suspicio
1116 3569 1317 3648 plausibiliter
1337 3569 1366 3630 in
1386 3567 1589 3631 retractiones
1603 3569 1713 3649 conjici

354 3666 465 3738 potest,
495 3660 573 3738 qnod
597 3668 650 3721 aut
672 3678 726 3739 pes
751 3660 847 3721 Ursae
873 3668 997 3737 tangere
1022 3660 1159 3720 videatur
1188 3658 1383 3732 horizontem,
1424 3676 1510 3737 quem
1544 3669 1647 3720 mmen
1681 3676 1713 3721 re

355 3766 428 3808 vera
450 3747 541 3822 subit,
567 3758 620 3810 aut
643 3749 721 3828 quod
737 3746 790 3809 Sol
814 3746 901 3808 citius
921 3748 1006 3825 jurato
1022 3748 1131 3821 oriens,
1156 3748 1251 3808 serius
1262 3748 1345 3827 justo
1361 3745 1512 3816 occidens,
1536 3746 1714 3826 productius

355 3834 383 3895 in
406 3835 567 3915 clepsydra
590 3838 720 3917 spatium
745 3836 881 3898 diurnum
911 3843 999 3897 notat
1021 3855 1109 3916 quam
1134 3844 1195 3909 est,
1222 3836 1298 3896 unde
1322 3835 1419 3915 major
1438 3835 1524 3915 justo
1549 3834 1652 3915 portio
1675 3835 1713 3898 de

356 3923 470 4001 tropico
495 3932 599 3986 extare
624 3924 811 4003 altitudoque
835 3924 895 4003 poli
921 3925 1018 4002 major
1036 3925 1119 4004 justo
1143 3924 1305 4004 putabitur.
1336 3923 1416 3996 Scio,
1442 3944 1501 3986 non
1525 3924 1606 3986 adeo
1620 3943 1714 3988 accu-

354 4018 420 4073 rate
444 4013 575 4093 scriptas
599 4016 667 4076 illas
692 4013 870 4076 traditiones
895 4023 926 4074 et
950 4014 1081 4074 crassius
1105 4014 1181 4074 sumi
1205 4032 1304 4093 posse.
1352 4011 1415 4074 Sed
1439 4033 1506 4074 cum
1531 4013 1582 4076 hio
1605 4013 1715 4076 modus

355 4099 544 4163 altitudinem
568 4105 628 4182 poli
653 4101 816 4164 annotandi
841 4102 1000 4164 admodum
1025 4102 1066 4163 sit
1090 4102 1197 4175 tacitis,
1232 4120 1353 4163 mouere
1378 4102 1485 4164 doctos
1509 4103 1603 4178 volui,
1636 4103 1714 4184 quod

354 4201 387 4250 et
410 4190 513 4270 Tycho
548 4193 597 4253 tol.
622 4188 674 4255 95.
698 4192 1001 4271 Progymnasmatum
1025 4190 1112 4262 tecit,
1150 4191 1391 4265 considerarent,
1424 4190 1608 4272 quibusnam
1641 4192 1717 4255 locis

354 4278 512 4341 Terramm
536 4281 728 4342 Ptolemaeus
752 4278 940 4340 altitudinem
964 4279 1025 4359 poli
1049 4299 1086 4339 ex
1110 4280 1166 4340 hac
1190 4278 1383 4357 longissimae
1417 4280 1477 4343 diei
1500 4279 1716 4344 observatione

355 4368 556 4430 constituerit.
604 4370 718 4429 Forsan
744 4367 821 4428 enim
846 4367 914 4429 irinc
939 4378 996 4438 ost,
1020 4368 1098 4447 quod
1121 4375 1191 4428 iente
1222 4367 1283 4431 100
1307 4387 1402 4430 annos
1426 4369 1580 4431 Antonius
1605 4370 1717 4442 Maria,

356 4455 516 4533 Copornici
532 4455 771 4535 praeceptor,³“)
796 4456 992 4531 existimavit,
1019 4456 1196 4518 altitudines
1218 4456 1278 4536 poli
1304 4457 1332 4517 iu
1349 4457 1485 4520 omuibus
1504 4458 1616 4522 ltaliae
1639 4459 1717 4523 locis

356 4544 543 4606 decrevisse:
569 4563 674 4624 nempe
699 4545 725 4604 si
749 4563 872 4623 quaerum
898 4546 1029 4606 locorum
1047 4545 1239 4605 Ptolemaeus
1263 4545 1335 4606 oliru
1359 4557 1441 4607 recte
1467 4547 1623 4610 notaverit
1640 4549 1717 4611 lati·

356 4632 484 4706 tudines,
509 4651 562 4693 eae
578 4632 794 4712 posterioribus
811 4634 994 4711 temporibus
1015 4654 1052 4694 ex
1073 4633 1284 4695 aestimatione
1305 4634 1499 4712 longissimae
1515 4635 1576 4700 diei
1591 4647 1717 4720 propter

356 4720 552 4782 retractiones
577 4722 696 4782 modum
726 4721 908 4782 excedentes
939 4721 1028 4783 niuno
1060 4722 1171 4783 tuerint
1202 4731 1331 4783 auctae:
1371 4725 1420 4786 vel
1444 4744 1460 4786 e
1485 4725 1651 4800 contrario,
1683 4737 1717 4790 ut

356 4807 550 4869 Ptolemaeus
574 4828 627 4870 eas
652 4810 881 4886 investigaverit
914 4830 951 4870 ex
975 4810 1186 4871 observatione
1214 4811 1412 4874 brevissimae
1436 4813 1507 4887 diei,
1539 4835 1618 4896 quae
1649 4835 1716 4880 eum

357 4895 454 4972 major
474 4898 558 4976 justo
584 4898 623 4959 sit
647 4900 684 4960 ob
709 4898 917 4972 retractiones,
944 4897 1137 4978 phantasiam
1162 4900 1236 4961 tacit
1258 4901 1406 4980 portionis
1430 4902 1557 4981 majoris
1579 4905 1717 4968 exuatis

357 5000 449 5061 supra
473 4985 656 5048 horizontem
681 4997 712 5048 et
735 4986 939 5068 depressionis
963 4988 1122 5068 sphaerae.
1169 4988 1288 5051 Monuit
1315 4989 1390 5052 haec
1419 4991 1528 5056 eadem
1557 4991 1716 5060 Gitberm
