3692 5842
239 463 306 531 273
734 466 909 516 neonem„
927 462 990 516 em
1007 465 1107 530 opaea

242 644 387 725 sequitur.
426 646 507 722 Ergo
527 642 657 703 latitudo
673 662 726 704 seu
741 652 934 719 augmentum
950 642 1077 704 lucentis
1091 661 1183 704 cornu
1198 644 1260 704 lere
1274 643 1403 722 quidem,
1427 651 1603 705 nontamen

243 735 412 795 omnimode
432 732 596 810 respondet
614 732 763 809 digressui
779 731 884 793 Lunae
900 753 918 792 a
932 731 1015 794 Sole.
1034 730 1238 793 -Reinholdus
1255 732 1457 795 differentiam
1477 733 1507 794 iu
1528 750 1604 812 qua·

245 823 386 896 draturis,
402 822 453 884 ubi
472 820 604 882 maxima
619 831 675 893 est,
697 821 831 881 ostendit
850 840 918 882 esse
936 821 1081 900 graduum
1094 822 1185 882 trium
1204 821 1332 883 semisse
1345 821 1415 902 plns
1429 822 1478 883 vel
1495 821 1602 882 minus.

333 909 421 980 Quod
445 911 472 970 si
496 929 600 969 omues
633 910 820 971 subtilitates
855 910 930 970 libet
962 911 1148 983 consectari,
1181 909 1261 970 aliud
1293 910 1387 972 etiam
1420 912 1512 971 deest
1539 908 1605 970 huic

244 1000 348 1073 modo,
382 1017 488 1078 nempe
517 1018 584 1059 curn
607 996 664 1059 FG
697 999 823 1060 circulus
857 997 1084 1059 illuminationis
1107 1017 1166 1060 non
1198 1017 1290 1077 saepe
1313 1000 1355 1060 sit
1387 1000 1526 1080 aequalis
1550 998 1606 1059 KL

246 1087 506 1160 circumvisionis,
523 1088 577 1146 sed
596 1087 887 1165 plerumquemiuor,
913 1106 984 1165 ergo
1005 1086 1081 1147 hauc
1105 1105 1221 1166 quoqne
1242 1087 1280 1147 ob
1302 1107 1425 1150 cansam
1449 1088 1605 1168 proportio

245 1178 323 1237 inter
348 1183 537 1254 augmentum
556 1175 652 1253 partis
677 1176 804 1236 lucentis
820 1185 851 1236 et
870 1176 1035 1236 discessum
1052 1175 1155 1236 Lunae
1170 1195 1189 1235 a
1203 1173 1275 1236 Sole
1298 1177 1433 1238 nonnihil
1454 1176 1605 1238 turbatur.

300 1286 302 1289 ·
333 1266 402 1325 Etsi
427 1283 496 1324 vero
522 1264 594 1324 nihil
618 1262 790 1324 turbaretur
812 1264 966 1343 proportio
989 1282 1085 1343 neque
1105 1264 1144 1324 ah
1164 1263 1221 1324 hae
1243 1283 1339 1345 neque
1363 1266 1403 1327 ab
1424 1267 1479 1328 illa
1502 1284 1605 1337 causa,

245 1373 303 1414 uon
328 1364 429 1415 tamen
455 1354 521 1413 ideo
545 1352 627 1413 visus
646 1353 725 1413 citra
747 1372 877 1413 errorem
898 1353 940 1414 sit
964 1352 1091 1426 iuturus,
1115 1352 1142 1413 si
1161 1372 1199 1413 ea
1222 1353 1420 1416 dodrantibus
1443 1354 1607 1417 semunciis

245 1442 415 1503 latitudiuis
439 1459 530 1502 cornu
555 1441 683 1501 lucentis
707 1441 772 1502 dies
797 1442 909 1502 aetatis
933 1441 1038 1502 Lunae
1062 1460 1115 1502 seu
1138 1441 1355 1519 digressionem
1378 1464 1398 1504 a
1421 1443 1497 1507 Sole
1521 1461 1607 1504 scru-

246 1531 352 1610 pulose
374 1530 448 1592 velit
469 1529 621 1608 colligere.
659 1530 757 1609 Digiti
776 1531 855 1590 euim
869 1531 928 1591 etsi
950 1532 1031 1591 iutra
1053 1530 1197 1591 terminos
1221 1530 1345 1592 visionis
1363 1552 1433 1594 sese
1457 1531 1609 1611 recipiant

245 1619 428 1699 aequaliter,
462 1636 519 1697 quo
547 1618 702 1696 propiores
734 1628 836 1680 tamen
861 1631 931 1680 suut
954 1618 1065 1680 circulo
1089 1618 1221 1693 visionis,
1246 1619 1478 1700 hoc'appareut
1507 1639 1607 1698 augu-

246 1709 367 1781 stiores,
392 1725 450 1787 quo
472 1707 568 1784 magis
591 1707 832 1787 appropinquant
846 1716 950 1768 centro
969 1708 1045 1768 disci
1060 1708 1198 1779 Lunaris,
1219 1708 1276 1769 hoc
1295 1709 1420 1771 latiores
1445 1718 1606 1790 apparent.

248 1795 343 1876 Cujus
367 1797 410 1858 rei
434 1795 653 1856 demonstratio
676 1797 890 1874 propemodum
914 1798 1019 1857 eadem
1039 1805 1087 1857 est
1103 1815 1170 1857 cum
1195 1797 1257 1868 ilia,
1283 1817 1360 1877 quae
1384 1801 1532 1869 ostendit,
1556 1816 1608 1858 cur

244 1886 409 1947 subteusae
440 1884 568 1945 arcubus
596 1884 699 1946 circuli
724 1905 782 1945 non
810 1885 885 1945 fiant
911 1886 1166 1965 proportionales,
1196 1887 1251 1947 sed
1274 1905 1332 1965 quo
1362 1888 1496 1950 minores
1519 1905 1608 1947 arcus

247 1975 303 2035 hoc
327 1974 389 2035 sint
412 1974 473 2035 illis
505 1973 668 2034 subtensae
700 1975 906 2052 aequaliores:
942 1985 1063 2036 etcum
1087 1975 1115 2033 in
1139 1975 1284 2054 principio
1317 1978 1495 2054 quadrantis
1519 1971 1607 2038 2909

246 2063 412 2142 particulae
438 2062 576 2123 diametri
601 2063 746 2123 minutum
770 2082 859 2123 unum
882 2064 1007 2132 addant,
1031 2063 1061 2123 iu
1085 2064 1141 2124 fine
1166 2064 1293 2124 totidem
1315 2066 1472 2142 particulis
1497 2063 1607 2142 integri

249 2149 308 2214 13ο
330 2151 384 2214 51¹
409 2151 622 2230 respondeant.
669 2152 785 2231 h'empe
815 2161 910 2212 totum
934 2153 1039 2213 Lunae
1068 2151 1254 2230 aspectabile
1278 2153 1549 2233 hemisphaerium,
1573 2161 1606 2213 ut

246 2260 339 2321 supra
353 2259 390 2301 ex
405 2241 456 2302 lib.
474 2239 531 2301 tv.
552 2259 597 2318 pr.
618 2236 671 2301 64.
690 2239 862 2301 Vitellianis
878 2241 1059 2308 dixeramus,
1084 2250 1211 2319 apparet
1225 2241 1367 2319 planum;
1391 2244 1519 2322 proinde
1535 2241 1605 2322 qui·

248 2331 322 2392 libet
346 2330 412 2407 ejus
436 2328 640 2390 semicirculus
658 2347 714 2406 per
733 2329 833 2407 polum
858 2328 1068 2409 hemisphaerii
1092 2329 1219 2391 visibilis
1240 2331 1348 2391 duetus
1371 2343 1503 2411 apparet
1526 2332 1606 2393 linea

245 2427 339 2491 recta,
365 2419 442 2478 uude
467 2419 501 2477 lit
525 2427 557 2477 nt
580 2426 685 2495 partes
709 2417 810 2478 circuli
839 2418 977 2495 partibus
1000 2428 1102 2479 rectae
1131 2420 1349 2497 respondeant,
1371 2430 1404 2479 et
1428 2421 1608 2500 aequalibus

247 2507 332 2567 unius
356 2516 459 2568 rectae
483 2506 657 2585 inaequales
681 2525 786 2575 arcus,
819 2506 943 2567 latiores
968 2508 1017 2587 qui
1040 2508 1118 2568 visui
1142 2507 1257 2568 directe
1280 2507 1476 2585 objiciuntur,
1512 2509 1608 2570 exiles

247 2596 295 2676 qui
321 2596 349 2656 iu
374 2594 503 2657 declivia
527 2594 608 2673 globi
634 2615 737 2656 rersus
761 2595 885 2656 visionis
909 2597 1066 2656 terminum
1091 2614 1158 2656 sese
1182 2596 1360 2659 subducunt.

335 2685 420 2745 Haec
448 2685 524 2745 adeo
557 2703 651 2744 causa
680 2692 742 2754 est,
778 2704 829 2744 cur
860 2685 957 2761 prima
990 2683 1143 2745 nascentis
1166 2684 1271 2746 Lunae
1302 2686 1490 2747 incrementa
1519 2685 1608 2747 valde

248 2774 334 2835 tarde
368 2783 536 2851 appareant
561 2783 591 2832 et
622 2773 728 2833 ultima
760 2773 971 2833 evanescentis
1004 2775 1213 2845 decrementa,
1247 2784 1281 2834 at
1304 2774 1353 2834 ubi
1378 2775 1467 2836 Luna
1499 2775 1607 2836 dicho·

248 2875 355 2936 tomos‚
381 2882 418 2923 ex
443 2862 579 2939 diligenti
605 2873 729 2940 aspectu
754 2862 896 2922 sectionis
920 2863 1007 2923 faciei
1034 2863 1138 2923 Lunae
1166 2862 1248 2924 iutra
1270 2881 1384 2944 pancas
1409 2865 1500 2924 horas
1521 2863 1607 2941 judi-

248 2952 325 3012 cium
349 2952 385 3012 de
410 2970 482 3011 vera
506 2951 690 3027 quadratura
715 2951 792 3011 lerre
816 2951 926 3029 possis.

336 3043 426 3100 rinno
453 3035 535 3100 1602
569 3040 616 3099 die
647 3040 693 3100 ll.
725 3036 778 3100 21.
804 3039 981 3100 Decembris
1005 3038 1132 3116 vesperi,
1158 3057 1223 3100 cum
1255 3059 1312 3100 non
1342 3041 1545 3120 respexissem
1570 3040 1609 3101 ad

248 3130 351 3189 huram
377 3130 578 3206 quadraturae
603 3129 727 3201 Lunae,
757 3128 916 3188 ridebatur
945 3128 1015 3188 mihi
1039 3127 1128 3187 Luna
1158 3129 1254 3189 adhuc
1278 3149 1355 3190 cara
1385 3130 1460 3191 hora
1484 3129 1610 3191 dimidia

248 3233 337 3277 sexta
360 3228 429 3296 post
454 3217 616 3278 meridiem.
654 3219 750 3297 Atqui
771 3217 835 3293 jam
859 3218 896 3277 ad
922 3218 1080 3278 terminum
1099 3224 1334 3298 τηςὸιχοτομιας
1357 3229 1494 3281 venerat.
1530 3220 1607 3281 h’am

247 3308 300 3367 Sul
325 3306 470 3367 haerebat
495 3306 521 3366 in
547 3303 608 3368 29⁰
631 3305 685 3369 30‘
710 3314 748 3378 χ’,
774 3306 861 3365 Luna
889 3306 962 3365 iride
992 3306 1106 3365 vestita
1134 3315 1279 3385 angusta,
1310 3318 1343 3367 ut
1365 3307 1443 3369 hanc
1473 3309 1554 3368 iuter
1577 3319 1609 3369 et

246 3396 411 3474 marginem
446 3396 548 3455 Lunae
582 3403 687 3473 posset
719 3394 868 3454 diameter
900 3395 1004 3455 Lunae
1038 3396 1201 3469 interesse,
1238 3398 1422 3458 transiverat
1454 3398 1608 3458 stellulam

247 3486 399 3564 quandam
424 3486 451 3545 in
486 3485 717 3546 constellatione
741 3483 847 3556 Piscis,
859 3480 892 3554 ‘)
927 3484 970 3544 sic
995 3494 1027 3544 ut
1058 3484 1130 3545 haec
1156 3485 1184 3545 iu
1220 3485 1293 3546 iride
1319 3486 1423 3546 Lunae
1456 3486 1608 3547 haereret.

335 3635 361 3683 ‘l
385 3633 455 3683 Dum
470 3630 585 3699 inquiro,
602 3643 737 3698 ‹qnaerram
754 3627 822 3679 hacc
838 3628 922 3681 stella
938 3627 1029 3690 fuerit,
1049 3629 1153 3681 nullam
1167 3629 1220 3681 hoc
1234 3629 1295 3681 loco
1309 3629 1426 3698 reperio,
1443 3629 1610 3698 praesertim

246 3723 342 3765 taritac
357 3711 562 3780 magnitudinis,
580 3719 609 3761 ut
625 3709 713 3775 ,iuxta
727 3708 832 3761 laruam
852 3707 989 3761 dividuam
1011 3708 1084 3761 cerni
1106 3709 1202 3776 possit.
1238 3710 1281 3762 De
1305 3709 1499 3762 observatione
1517 3721 1610 3763 tamea

246 3794 394 3845 etiamnum
416 3791 566 3843 certissime
589 3801 709 3841 constat.
752 3792 830 3840 Anne
853 3789 940 3858 igitur
961 3789 1012 3841 hoc
1034 3805 1132 3841 norum
1154 3790 1265 3858 aliquod
1287 3790 1522 3858 phaenomeuon‘!

337 3878 408 3925 llanc
436 3878 582 3939 hypothesin
612 3889 734 3925 excussus
768 3874 836 3922 addit
864 3875 987 3936 Keplems
1012 3878 1036 3922 in
1065 3876 1218 3939 appendice:
1240 3869 1320 3921 lianc
1339 3870 1400 3921 nori
1423 3869 1610 3937 phaenomeui

248 3951 429 4020 ¹suspicionem
453 3969 505 4001 nun
529 3965 630 4003 tenrerc
652 3958 700 4001 aut
725 3948 783 3999 sine
806 3950 942 4016 exemplis
964 3965 1067 4000 mereo.
1111 3949 1228 4001 l'idetur
1247 3948 1319 4001 euim
1341 3967 1393 4001 non
1415 3952 1486 4001 adeo
1509 3966 1610 4010 rarum,

247 4045 277 4085 ut
308 4044 429 4083 cometas
452 4031 490 4080 sie
522 4032 618 4082 stt-llas
650 4046 756 4098 quoqne
789 4030 952 4098 peregrinas
973 4029 1066 4083 rideri.
1109 4029 1184 4081 hlisit
1216 4029 1328 4081 llarid
1356 4030 1543 4082 Fabricius
1576 4031 1611 4082 sd

247 4113 385 4165 llraheum
407 4112 615 4162 obscurationes
638 4111 769 4179 (quasdam
792 4109 818 4160 in
840 4109 928 4160 i‘risia
949 4109 1075 4169 habitas,
1102 4111 1239 4161 dimensus
1260 4109 1389 4161 hlereurii
1411 4110 1574 4163 distantiam
1593 4125 1612 4161 a

246 4195 322 4245 clara
343 4193 462 4260 quadam
485 4191 512 4242 in
528 4193 605 4252 t'eto,
628 4205 699 4260 quae
720 4207 771 4239 nec
792 4206 810 4240 a
825 4189 950 4241 Fabricio
972 4189 1061 4257 potuit
1085 4189 1198 4241 inveniri
1220 4188 1339 4257 amplius
1360 4207 1411 4242 uec
1432 4205 1450 4241 a
1472 4205 1611 4259 quoquam

247 4274 312 4325 alio.
346 4272 391 4324 Sic
412 4272 477 4325 olim
497 4272 513 4323 J
521 4279 622 4322 ustus
645 4268 819 4337 Bvrgius,
843 4269 1012 4338 landgravii
1028 4281 1269 4337 automatopaeus,
1290 4286 1352 4322 eum
1366 4270 1482 4339 globum
1502 4271 1611 4322 coeles·

248 4365 303 4405 tem
325 4352 463 4420 sculperet
494 4351 585 4403 stellis
613 4349 674 4401 lixis
701 4348 835 4416 insignem
862 4366 977 4417 cumque
1000 4365 1060 4401 cum
1086 4349 1163 4400 coelo
1184 4349 1244 4417 ipso
1270 4350 1425 4410 conterret,
1447 4349 1475 4402 iu
1495 4348 1612 4402 Antinoi

249 4434 337 4484 sidere
360 4432 480 4501 aliquam
502 4429 604 4499 reperit
627 4446 644 4481 a
665 4428 825 4481 Ptolemaeo
856 4429 1045 4496 praeteritam.
1088 4429 1130 4480 De
1151 4445 1285 4491 cavero,
1313 4446 1383 4499 quae
1410 4429 1491 4482 hodie
1520 4430 1612 4500 fulget

249 4513 275 4563 in
297 4525 410 4579 pectore
430 4512 519 4579 Cygni
549 4521 708 4562 constanter
734 4507 870 4569 allinnat,
893 4527 946 4560 nou
968 4509 1053 4560 risam
1075 4527 1108 4560 co
1137 4520 1259 4577 tempore
1281 4527 1334 4579 quo
1356 4511 1415 4579 ipse
1437 4526 1498 4563 cum
1520 4509 1612 4564 laud·

248 4590 391 4661 grarianis
420 4590 596 4658 descriptioni
627 4588 709 4656 htrjus
741 4588 837 4639 sideris
869 4588 1047 4642 incumberet.
1091 4590 1163 4640 Sanc
1192 4589 1231 4641 uti
1258 4606 1319 4641 eam
1349 4608 1438 4660 neque
1460 4588 1612 4660 Tychouisi

250 4681 383 4723 notarunt
405 4670 573 4733 (sexcenties
596 4668 699 4721 iterata
720 4668 856 4720 mentione
879 4669 995 4738 simplici
1010 4668 1070 4735 ejus
1087 4683 1158 4738 quae
1174 4668 1200 4720 in
1222 4676 1334 4737 pectore
1349 4670 1440 4740 Cygni
1455 4669 1612 4739 antiquitus

250 4760 292 4801 cst
314 4750 390 4810 risa,
418 4749 495 4818 qussi
517 4759 592 4801 esset
618 4747 758 4808 solitaria,
780 4764 839 4800 cum
862 4748 932 4801 haee
953 4765 1024 4802 nora
1046 4749 1081 4800 sit
1103 4748 1142 4800 illi
1169 4749 1296 4816 proxima
1317 4757 1348 4802 et
1367 4750 1429 4803 locu
1450 4758 1481 4803 et
1501 4748 1612 4822 magni·

253 4828 374 4886 tudinel,
407 4845 494 4897 neque
517 4829 692 4881 Ptolemaeus·
713 4839 741 4880 et
764 4828 857 4880 tieber
885 4829 911 4879 in
940 4828 1123 4897 descriptione
1152 4828 1215 4880 riae
1241 4831 1352 4881 lacteae
1381 4829 1612 4889 amantissima

252 4923 312 4959 curn
333 4908 402 4959 haec
424 4921 517 4961 tamen
538 4925 609 4961 nora
630 4909 665 4960 ad
686 4907 748 4974 ejus
768 4908 920 4976 marginem
943 4910 1002 4961 loco
1024 4908 1175 4960 collocetur
1195 4907 1408 4963 evidentissimo.

341 4982 412 5034 llaec
432 4983 562 5046 lieplema.
592 4985 670 5034 Stella
690 4984 795 5033 h'abrieii
813 4994 851 5033 eat
864 4998 904 5040 ea,
923 4999 998 5049 qaam
1015 4985 1089 5035 hodie
1106 4995 1198 5036 vocant
1215 4988 1349 5036 nanneni
1369 4988 1450 5044 ,nica
1461 4986 1545 5037 Μ’.
1572 4986 1612 5038 ila

252 5052 300 5104 het
320 5061 395 5118 etque
414 5053 465 5104 aha
483 5057 508 5104 ia
527 5057 613 5120 Cygno
632 5057 687 5105 vide
705 5054 793 5104 librum
811 5053 913 5119 Keplsri
932 5057 963 5106 de
982 5055 1061 5107 salta
1078 5054 1157 5105 Nora.
