3692 5842
254 485 321 555 335
754 445 946 537 ιιιὶιιιιιιιι
964 484 1087 538 ιιιιιιιιι

341 666 537 737 Disputatione
567 671 618 718 tua
647 673 764 734 accepta
792 665 902 719 mirifice
923 664 989 719 mihi
1016 666 1143 737 gaudeo,
1164 664 1312 737 'fubingae
1338 671 1477 728 ιιοιιιω,
1503 670 1606 738 pareafi

253 755 310 812 tuo,
332 746 481 803 Maestlino
503 745 634 798 communi
655 753 749 800 nostro
770 745 954 816 praeceptori,
976 746 1112 816 gratulor,
1134 745 1249 799 subinde
1273 744 1405 799 existere
1427 746 1546 817 aliquos,
1565 750 1605 820 qai

253 830 324 883 haec
344 830 444 882 decora
465 832 575 880 nostrae
596 826 674 898 genti
696 843 835 889 asserere,
856 826 991 894 majorum
1018 825 1144 897 vestigiis
1164 824 1291 879 insistere
1313 834 1452 897 pergant
1494 827 1605 883 Circa}

250 908 326 980 ppioe
346 908 485 963 rationes:
506 905 571 960 Itali
586 906 723 961 somniant
744 915 854 976 praeter
868 923 951 961 unum
967 906 1187 960 Commendinum
1208 914 1238 960 et
1249 905 1294 961 Jo.
1309 905 1401 976 Bapt
1417 907 1604 968 Benedicturm

252 990 364 1044 Clarius
385 988 457 1042 enim
478 988 630 1041 Germanus
652 994 703 1042 est.
736 987 844 1057 Belgae
865 1004 931 1040 vero
952 995 1117 1048 mereantur,
1140 986 1255 1057 antiqua
1273 1003 1347 1039 noro
1376 997 1481 1042 ornatu
1509 989 1604 1048 faceat

250 1086 340 1140 parva
360 1068 453 1123 seneli
473 1084 538 1121 voce
567 1067 722 1129 extollunt,
749 1067 864 1137 denique
886 1066 989 1121 chartis
1018 1066 1216 1138 geographicis
1237 1068 1367 1129 clarent,
1391 1067 1422 1122 in
1444 1071 1605 1124 uaesana

247 1167 348 1219 parum
369 1149 457 1202 solidi.
499 1149 596 1218 ltaque
616 1153 763 1217 perspecto
784 1146 896 1217 ingenio
917 1154 966 1200 tuo
989 1144 1064 1213 (narn
1084 1148 1162 1200 iidem
1184 1146 1370 1217 praefationis
1400 1155 1469 1203 tuae
1492 1165 1603 1206 secatus

250 1231 354 1284 Thesea
377 1238 405 1282 te
426 1229 498 1282 inter
519 1237 548 1281 et
568 1229 747 1281 Maestlinum
767 1245 804 1280 ex
826 1244 914 1297 aequo
936 1225 1054 1296 partior)
1077 1227 1156 1297 cupio
1178 1234 1229 1280 tua
1253 1226 1458 1284 familiaritate
1477 1232 1531 1285 uti.
1570 1237 1603 1284 sc

250 1311 273 1364 si
295 1310 360 1363 mihi
374 1309 443 1362 satis
465 1314 627 1379 perspectus
642 1315 685 1361 est
700 1308 833 1376 juvenum
849 1309 939 1370 ardor,
962 1325 1014 1361 non
1029 1307 1088 1361 alia
1101 1307 1151 1360 tibi
1172 1314 1240 1359 vota
1252 1324 1315 1360 esse
1330 1315 1404 1377 puto
1417 1331 1424 1362 ε
1447 1312 1481 1364 de
1496 1325 1604 1380 parente

249 1391 352 1462 agitur.
393 1391 435 1443 Ad
457 1391 530 1443 hnnc
550 1388 636 1458 igitur
656 1389 753 1457 scripsi
774 1388 918 1457 prolixius.

328 1472 406 1525 Nunc
428 1471 462 1523 ad
484 1471 603 1530 Theses,
625 1484 675 1538 pro
697 1469 794 1538 quibus
815 1468 893 1522 initio
919 1467 1028 1539 gratias
1050 1483 1105 1539 ago
1134 1466 1308 1538 vicissimque
1330 1468 1384 1522 tibi
1407 1477 1440 1523 et
1461 1469 1604 1526 nusum

248 1551 422 1622 exemplaria
441 1550 521 1604 mitto
542 1549 648 1603 Stellae
670 1565 758 1603 novae
779 1557 809 1603 et
829 1548 940 1602 Natalis
962 1547 1073 1603 Christi.

338 1632 416 1694 Quae
438 1634 470 1684 de
492 1630 577 1685 stella
597 1628 702 1699 scripsi
724 1628 931 1721 particulariter
953 1629 1003 1681 abs
1025 1635 1053 1681 te
1074 1629 1132 1700 legi
1154 1636 1183 1682 et
1197 1629 1302 1700 aliquid
1324 1631 1444 1701 opponi,
1466 1633 1516 1687 rel
1535 1643 1600 1686 certe

248 1712 367 1778 cqnferri
394 1718 496 1781 expeto
522 1726 572 1780 per
601 1710 727 1779 singulas
757 1709 885 1781 paginas.
926 1709 970 1762 De
990 1708 1087 1762 Natali
1108 1709 1210 1763 Christi
1238 1726 1341 1780 parens
1376 1718 1446 1765 tuus
1478 1713 1602 1767 reseriw

248 1794 311 1864 quid
340 1792 485 1852 videatur;
516 1791 680 1844 Maestlinus
702 1791 735 1843 de
765 1799 882 1859 utroque
902 1789 926 1840 si
955 1788 1074 1844 vacabit
1114 1790 1296 1859 Exemplaria
1326 1809 1397 1845 vero
1420 1793 1600 1847 Frankofnne

249 1882 314 1926 sunt
334 1874 525 1942 exspectanda
545 1889 563 1925 a
585 1870 699 1924 Claudio
720 1871 848 1932 Maraeu,
871 1886 934 1922 nam
958 1878 1067 1938 postam
1091 1887 1146 1923 non
1176 1888 1286 1939 possum
1318 1888 1457 1937 onerare,
1490 1875 1601 1945 pagine

247 1970 279 2006 su
333 1952 379 2007 33.

280 1961 312 2007 Μ
334 2033 440 2087 Deinde
470 2031 578 2103 gratias
600 2047 655 2101 ago
685 2029 829 2083 mentionis
860 2029 1042 2088 honorificae:
1070 2029 1124 2083 etsi
1151 2047 1204 2083 non
1231 2031 1285 2084 fnit
1307 2048 1356 2085 cur
1387 2048 1492 2087 nomen
1513 2049 1599 2093 menn.

246 2114 354 2185 quoties
385 2119 482 2166 contra
512 2111 612 2181 aliquid
640 2112 775 2181 disputas,
797 2110 991 2179 supprimeres.
1033 2109 1130 2164 Mirum
1160 2119 1292 2182 quantam
1321 2128 1358 2166 ea
1379 2130 1428 2165 res
1457 2113 1526 2167 mibi
1546 2131 1599 2166 oon·

246 2195 380 2248 fusionem
401 2193 494 2262 pariat
514 2192 541 2244 in
555 2192 706 2263 Scaligero.
734 2190 776 2242 De
790 2189 927 2243 Mercurio
948 2191 999 2242 suh
1013 2189 1077 2242 Sole
1092 2208 1145 2245 non
1165 2193 1318 2260 persuades
1333 2190 1385 2248 dre.
1406 2198 1469 2258 (rid.
1492 2197 1597 2254 semi

332 2275 411 2329 Nunc
433 2280 462 2326 et
482 2288 618 2341 opponam
640 2271 751 2342 aliqua,
782 2289 836 2324 non
866 2269 1038 2340 argumentis
1059 2273 1106 2323 sed
1128 2271 1270 2336 thesibus,
1303 2283 1334 2326 ut
1355 2274 1471 2327 habeas
1498 2287 1599 2346 gustum

246 2354 415 2410 renascentia
437 2353 632 2406 astronomiae.

334 2436 460 2490 Contra
481 2432 610 2486 Thesin
630 2433 665 2487 ll.
712 2437 823 2498 (,Motns
851 2454 977 2502 corporum
1005 2438 1147 2488 coelestiam
1181 2438 1307 2503 regulares
1335 2447 1364 2488 et
1394 2442 1519 2505 aequm
1544 2457 1597 2494 ene.

245 2514 338 2579 physici
358 2529 388 2563 ex
407 2525 490 2562 eornm
510 2518 599 2560 natura
617 2518 643 2559 et
661 2511 811 2574 perfectione
830 2507 984 2569 erincnnt.“)

331 2588 423 2642 Motus
445 2602 587 2656 corporum
608 2586 767 2638 coelestium
789 2584 935 2653 regulares
956 2600 1018 2635 esse
1040 2599 1152 2636 necesse
1173 2591 1230 2645 est,
1258 2600 1324 2637 nam
1353 2587 1504 2656 ceteroqui
1525 2605 1597 2657 prae·

243 2669 299 2744 (ΙίιίΙ
316 2686 369 2721 non
392 2674 517 2737 possent;
541 2666 729 2719 restitutiones
751 2664 836 2717 etiam
856 2663 983 2736 integrae
1004 2664 1040 2716 ad
1056 2665 1152 2718 eadem
1172 2664 1223 2715 sub
1245 2664 1309 2716 fixis
1324 2666 1391 2718 loca
1411 2668 1460 2719 rel
1487 2669 1523 2720 ad
1533 2669 1597 2738 juga

244 2767 295 2803 sua
315 2748 446 2818 aequales
469 2747 583 2801 invicem
604 2763 678 2809 esse,
699 2754 731 2798 ut
751 2745 901 2798 astronomi
928 2752 1079 2813 posuerunt
1099 2750 1230 2814 tanquam
1251 2746 1417 2814 probabile,
1441 2764 1482 2800 ex
1504 2763 1598 2802 natnm

244 2838 273 2883 et
294 2829 461 2899 perfectione
492 2844 584 2880 eorum
614 2832 854 2897 argumentantes,
886 2824 928 2878 ita
952 2841 983 2877 re
1013 2823 1075 2894 ipsa
1104 2825 1186 2877 etiam
1214 2824 1256 2877 his
1286 2826 1481 2894 positionibus
1518 2829 1596 2882 innisi

244 2909 364 2981 quotidie
394 2908 583 2978 experiuntur.
625 2911 663 2959 at
688 2907 716 2960 in
745 2922 801 2960 uua
829 2904 1005 2959 restitutione
1037 2920 1087 2974 per
1117 2911 1210 2974 partes
1241 2903 1347 2958 itineris
1377 2924 1408 2960 re
1441 2925 1514 2962 rera
1542 2921 1597 2962 sunt

243 2990 464 3059 inaequales,
488 2988 580 3040 ordine
602 2995 695 3040 tamen
717 2994 791 3039 certo
806 2993 836 3038 et
849 2984 983 3055 regulari,
1007 2993 1124 3055 suntque
1140 3002 1192 3037 non
1207 2984 1290 3052 plura
1304 3003 1390 3054 quarn
1404 2987 1475 3041 bina
1497 3006 1598 3057 semper

243 3078 347 3141 puncta
367 3069 521 3137 aequaliter
536 3084 553 3118 a
563 3067 634 3137 jugo
655 3067 783 3135 utrinque
796 3072 918 3126 remota,
941 3065 1081 3133 inquibus
1103 3073 1191 3117 motus
1206 3064 1290 3117 motui
1313 3078 1467 3136 aequatur.
1507 3071 1596 3139 ltaque

241 3151 358 3203 virtutes
380 3150 514 3200 coelorum
536 3165 588 3199 nnn
610 3165 700 3199 omnes
723 3147 760 3211 (in
777 3164 831 3198 una
852 3141 950 3210 stella)
973 3152 1038 3197 sunt
1058 3145 1282 3213 simplicissimae,
1306 3150 1354 3199 sed
1371 3166 1539 3217 corporeae,
1553 3152 1595 3202 boe

241 3238 286 3283 est
306 3231 424 3282 effluxus
445 3225 628 3281 immateriati.
641 3246 678 3280 ex
693 3244 814 3295 corpore,
837 3227 907 3294 quod
922 3232 1023 3277 motum
1045 3225 1135 3286 infert,
1158 3226 1203 3294 qui
1224 3235 1255 3277 ut
1269 3227 1393 3280 effluxus
1416 3247 1455 3282 ex
1472 3245 1594 3301 magnete

241 3312 268 3363 in
290 3309 407 3380 longiori
427 3309 561 3360 distantia
582 3314 763 3361 attenuantur
785 3315 814 3357 et
834 3306 965 3358 diminuto
987 3323 1100 3373 corpore
1122 3300 1158 3371 (si
1180 3307 1237 3357 fieri
1263 3305 1377 3375 posset)
1400 3311 1586 3364 diminuuntur

240 3392 332 3461 lpsum
352 3407 417 3442 vero
439 3389 538 3442 mobile
559 3389 664 3441 coelum
687 3387 847 3457 imaginatio
869 3395 913 3437 est
934 3387 1115 3455 physicorum.
1140 3387 1204 3455 quia
1222 3387 1291 3438 nulli
1315 3397 1382 3441 sunt
1404 3392 1489 3443 solidi
1512 3393 1585 3443 orbes

239 3471 346 3526 Stellae
366 3487 431 3523 vero
454 3486 519 3522 vera
540 3468 651 3522 mobilia
672 3487 720 3521 seu
742 3467 833 3536 potius
856 3466 990 3527 volatilia,
1013 3466 1065 3518 etsi
1081 3468 1191 3518 eaedem
1213 3478 1388 3536 permanent,
1412 3471 1468 3523 etsi
1492 3473 1585 3524 conred

240 3558 342 3623 potest,
365 3568 425 3604 esse
447 3550 569 3603 omnibus
591 3549 708 3602 numeris
730 3548 937 3600 absolutissima
958 3563 1087 3614 corpora,
1115 3554 1144 3598 et
1165 3549 1254 3617 quoad
1280 3557 1342 3601 tota
1370 3568 1493 3619 corpora
1515 3551 1591 3605 omnis

240 3632 429 3704 generationis
451 3639 479 3683 et
501 3630 680 3698 corruptionis
703 3638 786 3698 atque
808 3628 926 3681 omnium
947 3626 1136 3679 alterabilium
1158 3628 1325 3696 qualitatum
1339 3631 1485 3700 expertia,
1510 3647 1591 3686 tamen

241 3732 295 3767 non
316 3729 425 3781 semper
452 3715 546 3764 eodem
574 3714 651 3763 modo
672 3729 701 3763 se
724 3711 829 3762 habent
853 3724 954 3760 causae
985 3707 1116 3760 virtutum
1145 3708 1305 3765 metricium.
1348 3710 1421 3765 Nam
1445 3715 1482 3764 ad
1506 3730 1590 3766 eamn

242 3796 368 3846 effectum
389 3792 526 3845 concurrit
546 3791 680 3844 distantia
700 3789 832 3843 moventis
849 3805 866 3841 a
881 3788 990 3847 mobili;
1013 3786 1099 3857 igitur
1113 3787 1139 3839 in
1155 3789 1272 3859 longiori
1294 3790 1433 3844 distantia
1456 3807 1592 3847 morentur

242 3874 367 3927 debilius.
397 3874 468 3926 Hinc
482 3872 566 3925 etiarn
581 3880 669 3925 motus
691 3872 827 3924 coelorum
841 3887 929 3938 neque
945 3867 1084 3921 circularis
1099 3863 1160 3934 (sed
1176 3869 1202 3921 in
1223 3887 1327 3939 genere
1350 3880 1465 3925 tantum
1480 3886 1591 3943 gyrata‘

242 3963 272 4007 et
292 3955 320 4007 in
340 3954 431 4023 specie
462 3953 553 4022 potius
585 3947 788 4021 ellipticus)
819 3949 1031 4019 deprehenditur
1052 3966 1088 4001 ex
1118 3949 1269 4001 manifestis
1300 3952 1547 4006 observationibus
1566 3967 1590 4003 es

242 4034 528 4089 demonstrationibus.
570 4033 664 4102 Neque
686 4033 794 4085 circulis
823 4030 938 4084 revincti
960 4036 1025 4081 sunt
1051 4030 1199 4096 planetae.
1232 4031 1330 4100 quibus
1358 4032 1589 4106 circumaguntur.

243 4134 330 4187 neque
352 4115 392 4167 vis
415 4115 514 4167 motrix
537 4116 651 4167 affectat
671 4114 808 4175 circulum,
823 4141 862 4149 —-
884 4109 935 4163 uisi
957 4125 1020 4172 una,
1043 4126 1113 4177 quae
1135 4119 1247 4179 praeest
1269 4112 1396 4165 absidum
1419 4120 1450 4166 et
1467 4118 1590 4168 nodorum

243 4194 427 4251 translationi.
470 4200 561 4264 Atque
583 4194 653 4247 baec
674 4195 736 4263 ipsa
756 4211 809 4247 non
831 4191 939 4263 cogitat
959 4192 992 4243 de
1014 4190 1183 4254 circulorum,
1206 4192 1254 4244 sed
1274 4194 1399 4261 corporis
1421 4197 1589 4250 stellarisin

244 4296 296 4349 quo
318 4278 390 4330 inest
411 4277 587 4329 conversione
609 4275 841 4345 aequabilissima.
883 4273 952 4326 Nam
974 4273 1043 4339 quod
1073 4278 1160 4324 motus
1183 4271 1226 4324 hic
1247 4272 1274 4325 in
1295 4291 1325 4326 se
1348 4274 1441 4343 ipsum
1463 4280 1548 4332 redit.
1568 4277 1588 4325 it

242 4359 310 4413 facit
330 4366 360 4410 et
389 4356 536 4425 ellipticus,
568 4373 620 4426 quo
651 4356 758 4409 nomine
789 4354 909 4408 infinitus
936 4360 979 4404 est
1007 4354 1216 4421 quodammodo,
1248 4354 1461 4408 continuatione
1494 4359 1586 4408 scilicet

241 4439 420 4510 periodorum.
463 4441 501 4490 nt
522 4437 662 4506 principio,
694 4437 780 4490 medic
801 4445 830 4488 et
851 4435 903 4487 fine
925 4432 1054 4486 distincta
1075 4443 1119 4485 est
1146 4433 1288 4502 quaelibet
1316 4436 1471 4502 periodus;
1503 4439 1587 4505 itaqu·

242 4522 416 4579 incremento,
439 4520 611 4570 decremento
632 4525 661 4569 et
683 4518 771 4588 rigori
793 4515 914 4569 obnoxia
935 4521 986 4565 est
1016 4513 1103 4573 Quum
1125 4515 1159 4565 ob
1182 4531 1237 4567 rem
1259 4515 1345 4567 virtus
1370 4533 1486 4570 movens
1503 4521 1587 4585 alique

241 4601 283 4654 sui
298 4610 377 4669 parte
397 4597 531 4666 (extensa
552 4599 622 4651 enim
638 4606 681 4650 est
695 4592 835 4662 localiter)
852 4598 976 4663 languet,
992 4602 1022 4644 et
1036 4594 1082 4645 ubi
1094 4595 1144 4646 hoc
1159 4596 1242 4648 semel
1257 4605 1309 4650 est
1332 4597 1370 4648 ibi
1387 4617 1416 4649 es
1406 4605 1475 4650 set
1449 4616 1475 4667 p·
1478 4611 1577 4668 rpem<

241 4682 294 4736 Sed
309 4682 393 4734 stella
408 4680 610 4749 conspiratione
626 4679 792 4731 diuersarum
808 4678 938 4729 ιίιιιιιιιιιι
961 4691 1070 4741 promor
1074 4683 1136 4726 etur
1150 4692 1166 4726 a
1181 4685 1261 4744 parte
1284 4676 1397 4729 virtutis
1420 4678 1553 4750 languidis
1554 4695 1585 4728 re

241 4769 271 4815 et
285 4760 435 4816 imbecilli
427 4777 454 4812 m
470 4760 617 4821 fortiorem,
640 4776 674 4811 ex
691 4756 857 4830 ἆιῖυιιαμιᾳ
851 4776 876 4809 ιιι
892 4758 1014 4827 δυναμιν
1033 4754 1164 4823 majorem
1186 4763 1214 4807 et
1235 4765 1346 4818 contra,
1372 4758 1412 4811 sic
1427 4773 1457 4811 ut
1483 4763 1549 4829 quot
1565 4775 1584 4809 ,ι

240 4860 295 4897 uno
309 4850 410 4913 puncto
432 4841 522 4894 deficit
539 4840 565 4893 id
585 4840 611 4892 in
633 4840 759 4908 opposito
784 4839 939 4897 reficiatur;
966 4842 1049 4904 atque
1071 4837 1109 4889 sic
1132 4836 1267 4889 verissime
1292 4837 1473 4910 inaequalem
1493 4855 1584 4894 moras.

242 4930 374 4978 causatur
387 4922 458 4975 haec
472 4920 619 4974 distantiae
639 4920 784 4974 diversitas
800 4920 871 4972 inter
885 4933 995 4971 movens
1011 4923 1039 4969 et
1053 4916 1160 4971 mobile.
1179 4949 1212 4958 -

293 5041 296 5050 .
327 5001 374 5054 ffls
394 4999 495 5064 Kepleri
513 5000 591 5049 verbis
610 4998 864 5061 interponendarum
884 4995 1012 5044 Maestlinl
1030 5005 1177 5060 argumenta
1195 4996 1227 5044 ad
1245 4994 1336 5045 Thesin
1352 4996 1386 5046 ll.
1408 5009 1435 5049 et
1447 4999 1534 5049 Thetis
1546 4996 1582 5048 lli.

449 5077 500 5124 ιιι
518 5071 641 5120 coeloram
658 5072 805 5120 notrices
823 5068 1014 5133 simplicissimas
1032 5075 1057 5116 et
1068 5069 1223 5132 incorporeas
1241 5081 1297 5117 ease
1309 5067 1421 5120 docent:
1442 5075 1523 5136 ipsu
1534 5085 1582 5120 rere
