3692 5842
332 463 397 530 236
826 461 999 511 11111111
1017 459 1080 512 em
1097 458 1197 527 opaea

333 640 443 702 montis
466 636 620 707 umbram;
645 636 810 698 subtendet
832 637 924 715 igitur
946 638 1053 699 umbra
1074 638 1186 699 montis
1209 637 1261 699 vix
1282 634 1338 701 4⁴⁴.
1383 634 1487 708 Quare
1511 636 1553 701 15
1577 637 1694 700 millia-

332 730 407 790 rium
441 726 570 788 altitudo
603 725 721 785 demum
749 725 778 786 l‘
810 726 935 787 umbrae
968 727 1071 800 addit,
1108 745 1230 805 quornm
1263 726 1302 788 ad
1331 722 1375 790 90
1407 736 1479 788 sunt
1505 728 1536 788 in
1569 727 1696 788 umbrae

332 816 516 878 dimetiente.
555 812 657 882 Quare
681 814 707 873 si
732 814 801 893 quid
825 815 989 894 irregulare
1009 816 1039 876 in
1063 815 1244 893 partialibus
1263 816 1369 878 Lunae
1391 815 1561 877 defectibus
1583 834 1696 878 occur-

332 907 381 980 rit,
405 905 436 965 id
459 903 497 964 ab
521 902 587 981 ipso
611 901 715 963 Lunae
735 922 858 981 corpore
884 923 1008 965 necesse
1033 912 1081 964 est
1104 904 1249 982 originem
1272 905 1403 967 trahere.

419 995 510 1055 Anno
536 986 631 1053 1599.
656 999 744 1052 nocte
769 992 847 1052 inter
870 989 900 1054 9.
926 1003 958 1053 et
984 992 1032 1055 10.
1048 992 1205 1055 Februarii
1227 994 1307 1074 stylo
1322 1011 1409 1066 novo,
1434 1011 1501 1055 cum
1519 1002 1695 1055 11111111-

333 1086 391 1145 lum
414 1080 652 1162 pulcherrimum,
678 1080 838 1159 deliquium
852 1081 957 1142 Lunae
981 1101 1045 1143 sum
1069 1082 1299 1160 contemplatus.
1327 1082 1370 1144 Et
1391 1082 1529 1163 quamvis
1551 1084 1695 1144 carebam

331 1169 557 1234 instrumentis:
591 1187 650 1230 non
679 1177 780 1230 tamen
809 1170 856 1231 vel
881 1189 1017 1249 eaquae
1041 1171 1128 1232 nudis
1158 1171 1253 1232 oculis
1282 1181 1443 1233 cernuntur
1465 1180 1614 1234 annotare
1638 1190 1697 1231 ne-

332 1263 422 1342 glexi.
448 1262 538 1320 Mane
561 1266 633 1336 post
655 1257 758 1318 horam
782 1259 903 1318 tertiam
927 1259 1009 1320 urbis
1033 1259 1076 1320 sic
1094 1260 1182 1322 Luna
1205 1279 1238 1321 se
1262 1261 1346 1322 cordi
1366 1260 1480 1322 Leonis
1500 1260 1695 1333 obvertebat,

332 1352 417 1413 utin
443 1351 522 1410 latus
546 1346 634 1407 faciei
658 1347 787 1407 medium
810 1348 1066 1426 perpendicularis
1089 1368 1127 1410 ex
1150 1349 1239 1411 corde
1263 1368 1371 1411 casura
1393 1349 1631 1412 existimaretur.

420 1440 497 1500 Erat
520 1437 547 1497 in
573 1436 655 1496 illam
678 1436 799 1514 plagam
828 1436 972 1498 inclinata
1005 1438 1098 1499 facies
1126 1438 1232 1499 Lunae
1268 1439 1331 1501 fere
1357 1447 1392 1500 nt
1419 1439 1548 1501 hominis
1576 1439 1697 1518 effigies

333 1529 417 1608 cnjus
447 1529 556 1588 dextra
583 1523 665 1585 auris
694 1525 780 1586 latet.
827 1526 863 1585 ld
896 1527 975 1587 refer
1005 1528 1044 1588 ad
1076 1546 1127 1601 ea,
1157 1546 1234 1606 qnae
1261 1546 1354 1607 supra
1385 1528 1459 1591 Nro.
1484 1526 1516 1590 2.
1548 1528 1588 1590 de
1618 1528 1698 1589 facie

332 1619 437 1680 Lunae
469 1615 541 1677 dixi.
588 1614 667 1678 Nam
702 1614 759 1674 hoc
791 1613 820 1674 in
854 1616 932 1675 omni
956 1616 1118 1695 plenilunio
1147 1617 1195 1688 lit,
1228 1626 1312 1678 certo
1340 1626 1532 1697 argumento,
1565 1618 1697 1677 eandem

333 1708 437 1769 Lunae
462 1704 569 1765 faciem
592 1722 711 1782 semper
734 1703 772 1763 ad
797 1704 921 1765 Terram
945 1705 1106 1784 respicere.
1156 1706 1325 1768 Videbatur
1348 1716 1450 1768 autern
1478 1706 1611 1769 hiulcum
1636 1708 1696 1768 ali-

333 1795 403 1877 quid
432 1814 524 1874 supra
556 1792 672 1853 oculum
706 1792 856 1866 dextrum,
888 1793 938 1872 qui
966 1794 1052 1855 nobis
1082 1795 1244 1873 eregione
1277 1804 1399 1857 nostrae
1429 1795 1574 1857 sinistrae
1608 1805 1696 1866 erat;

334 1884 419 1964 quasi
444 1892 577 1944 extremo
601 1880 712 1942 circulo
737 1880 849 1959 aliquid
872 1883 910 1941 ad
935 1883 1150 1944 rotunditatem
1174 1884 1304 1947 deesset.

423 1972 499 2035 Cum
522 1984 666 2031 sonarent
690 1978 752 2029 tres
777 1971 959 2048 quadrantes
984 1973 1013 2034 in
1033 1981 1186 2051 quartam,
1217 1975 1353 2035 defectus
1377 1972 1612 2035 existimabatur
1634 1974 1695 2035 ini·

332 2064 424 2126 tium:
450 2059 645 2122 dubitabatur
667 2067 779 2129 tamen,
804 2060 958 2121 diminutio
982 2062 1084 2123 circuli
1105 2071 1188 2123 esset
1211 2082 1249 2122 an
1266 2062 1341 2123 rima
1362 2064 1489 2141 primum
1502 2063 1695 2131 obumbrata,

333 2154 412 2215 sicut
434 2151 535 2213 solent
556 2148 653 2208 valles
676 2148 805 2227 primum
828 2148 951 2210 umbrae
974 2151 1105 2211 involvi:
1130 2151 1217 2231 idque
1240 2151 1297 2211 fuit
1319 2153 1408 2231 paulo
1434 2153 1513 2213 infra
1536 2161 1691 2232 punctum,

333 2242 410 2323 qnod
436 2239 539 2301 stabat
562 2258 578 2298 e
602 2237 723 2315 regione
748 2237 857 2298 cordis.

422 2331 505 2391 Hora
527 2324 558 2388 4.
583 2333 710 2386 sonante
736 2326 801 2404 jam
824 2326 904 2387 bona
926 2344 997 2405 pars
1022 2326 1191 2388 deficiebat.
1228 2327 1271 2388 Et
1293 2348 1330 2389 ne
1353 2327 1475 2390 nimium
1499 2348 1547 2390 me
1572 2330 1694 2391 falleret

333 2418 530 2495 horologium,
563 2434 639 2494 quae
663 2415 763 2475 solent
786 2435 878 2494 saepe
901 2415 966 2476 sine
990 2434 1062 2476 cura
1086 2416 1259 2494 gubernari,
1294 2418 1500 2496 conjecturam
1524 2419 1695 2480 altitudinis

332 2507 419 2569 Jovis
443 2506 560 2568 institui
583 2523 620 2564 ex
649 2504 875 2582 comparatione
903 2523 988 2565 meae
1016 2526 1034 2565 a
1068 2505 1201 2565 fenestra
1229 2506 1393 2568 distantiae
1424 2508 1463 2568 ad
1491 2508 1694 2569 elevationem

334 2598 415 2659 limbi
439 2598 590 2657 fenestrae
614 2611 704 2671 super
733 2612 828 2653 meum
859 2594 986 2654 oculum.
1033 2594 1141 2673 ltaque
1173 2596 1338 2672 putabatur
1365 2596 1496 2657 altitudo
1518 2596 1611 2658 Jovia
1634 2598 1693 2657 cir-

334 2688 409 2749 citer
432 2681 480 2747 6⁰.
527 2685 559 2745 Is
583 2683 749 2762 quadrante
773 2690 843 2761 post
867 2690 1004 2760 quartam
1034 2684 1098 2761 jam
1127 2692 1199 2761 post
1231 2692 1361 2745 montem
1395 2684 1529 2754 abierat,
1564 2686 1693 2748 nondum

334 2786 435 2837 tamen
460 2771 654 2836 horizontalis
678 2789 746 2831 esse
770 2772 879 2849 potuit.
928 2772 1010 2831 Tunc
1033 2771 1162 2832 nondum
1186 2773 1338 2834 dimidium
1362 2776 1391 2835 iu
1416 2773 1524 2835 umbra
1546 2788 1625 2836 erat.

421 2865 506 2925 Haec
531 2860 647 2931 addidi,
671 2879 707 2920 ne
732 2861 779 2920 vel
804 2860 1085 2921 observatiunculae
1109 2863 1253 2941 temporis
1277 2863 1507 2924 circumstantia
1530 2865 1693 2927 carendum

335 2963 427 3027 esset,
452 2952 501 3012 vel
525 2949 716 3029 expressione
739 2950 884 3028 temporis
910 2950 1004 3009 lector
1027 2950 1162 3011 curiosus
1185 2969 1286 3013 errore
1305 2952 1461 3031 horologii,
1485 2952 1511 3012 si
1537 2954 1606 3033 quis
1630 2954 1693 3024 fuit,

335 3045 531 3123 conjiceretur
563 3041 592 3100 in
626 3037 830 3099 difficultates.
878 3036 965 3107 Quae
990 3038 1051 3098 alia
1079 3040 1116 3098 de
1144 3038 1201 3100 hac
1232 3040 1337 3118 eclipsi
1361 3042 1526 3115 annotavi,
1557 3042 1695 3104 dicentur

335 3134 414 3195 infra
437 3152 503 3211 cap.
532 3129 599 3190 Vll.
624 3149 653 3190 n.
679 3123 709 3187 3.

425 3225 513 3283 11111
542 3216 634 3283 1598.
659 3216 709 3277 dic
736 3213 784 3275 11.
808 3212 860 3276 21.
886 3214 1040 3275 Februarii
1065 3235 1152 3276 mane
1175 3236 1242 3278 cum
1266 3216 1353 3279 Luna
1383 3219 1475 3296 paulo
1504 3228 1577 3281 ante
1606 3220 1692 3301 quin·

336 3323 399 3375 tam
424 3309 518 3373 urbici
541 3306 687 3386 horologii
711 3304 834 3366 dimidia
858 3303 1004 3363 diametro
1029 3304 1169 3365 deficiens
1198 3314 1300 3366 erecta
1328 3308 1468 3369 stetisset
1495 3309 1534 3370 ad
1563 3328 1693 3389 perpen-

335 3403 480 3474 dicnlum,
506 3407 537 3459 ot
560 3418 598 3458 ex
621 3415 655 3456 eo
680 3402 831 3454 momento
855 3392 1000 3470 paulatim
1023 3393 1143 3472 pronior
1171 3395 1437 3474 septentrionalem
1470 3398 1596 3459 umbrae
1620 3398 1693 3459 Ter·

335 3511 426 3555 renae
450 3495 565 3569 partem
589 3490 781 3565 peragraret,
807 3481 933 3559 denique
957 3482 1046 3559 paulo
1070 3492 1140 3542 ante
1164 3491 1284 3545 sentam
1308 3484 1405 3546 adhuc
1429 3487 1606 3549 decrescere
1630 3486 1695 3547 visa

335 3582 390 3643 sub
415 3581 508 3641 nubes
533 3595 566 3636 se
590 3574 770 3635 subduceret
793 3569 969 3631 tenuissimo
993 3589 1059 3631 cunr
1084 3572 1213 3633 lumine:
1247 3573 1314 3633 visa
1337 3582 1385 3635 111
1410 3583 1474 3636 1111
1499 3594 1535 3636 11
1560 3586 1694 3656 tempore

335 3670 480 3743 (maxime
503 3686 574 3726 voro
598 3659 828 3742 superveniente
862 3677 971 3719 aurora
994 3667 1025 3719 et
1048 3659 1142 3720 diluto
1175 3661 1284 3722 lumine
1307 3663 1403 3740 partis
1426 3664 1593 3738 residuae),
1627 3664 1694 3745 qni·

334 3760 460 3821 bnsdaur
498 3756 581 3816 striis
614 3750 721 3813 lucidis
751 3749 780 3808 iu
812 3747 946 3808 umbram
971 3767 1037 3808 sese
1069 3750 1304 3824 insinuantibus,
1338 3753 1423 3830 quasi
1457 3752 1612 3833 discerpta
1644 3762 1696 3813 aut

336 3848 473 3915 laniata,
507 3844 614 3923 quique
647 3858 735 3901 arcus
769 3855 838 3898 esse
871 3837 976 3897 debuit
1008 3839 1178 3899 umbrosam
1202 3858 1221 3898 a
1245 3839 1345 3900 lucida
1375 3849 1463 3919 parte
1494 3843 1694 3921 distinguens,

337 3935 451 3997 asseris
475 3933 621 3994 confracti
646 3927 766 3992 limbum
798 3927 1039 4004 repraesentavit
1067 3926 1283 4006 inaequalitate
1315 3947 1380 3989 sua.
1429 3927 1528 3992 Credo
1558 3931 1696 4010 equidem

336 4023 490 4104 adjuvisse
515 4021 729 4100 crepusculum.
777 4015 855 4074 Nam
880 4014 918 4074 ab
953 4015 1056 4074 eadem
1089 4017 1317 4093 septentrionali
1345 4019 1468 4080 umbrae
1497 4028 1587 4100 parte
1611 4019 1697 4080 Luna

336 4115 446 4175 allecta
468 4131 546 4172 auno
574 4106 667 4171 1601.
693 4102 861 4175 Decembri,
888 4111 920 4163 et
943 4104 998 4163 boc
1026 4099 1119 4166 1603.
1149 4105 1231 4165 Μ111
1255 4108 1318 4167 tale
1342 4108 1412 4187 qnid
1436 4127 1493 4169 non
1518 4118 1568 4169 est
1589 4126 1693 4187 passa

336 4202 414 4285 quod
437 4202 466 4262 in
490 4199 668 4279 profundam
692 4200 812 4254 noctenr
836 4192 968 4271 deliquia
991 4192 1173 4254 devenerint.

425 4289 514 4351 Adde
537 4289 593 4361 bis,
620 4287 699 4365 quod
725 4282 810 4342 Luna
833 4280 887 4341 sub
912 4281 1008 4358 ipsum
1033 4283 1123 4341 etiam
1147 4282 1351 4361 plenilunium,
1377 4283 1404 4344 si
1427 4283 1590 4364 diligenter
1614 4287 1696 4347 illam

336 4380 489 4453 intuearis,
515 4400 533 4438 a
557 4376 743 4438 rotunditate
768 4369 952 4431 sensibiliter
976 4371 1101 4431 deficere
1125 4371 1252 4432 videtur.

425 4470 508 4529 llaec
534 4466 634 4527 omnia
658 4461 731 4524 mihi
753 4458 901 4537 praebent
931 4467 1138 4536 argumentum
1167 4460 1231 4538 ejus
1255 4460 1333 4539 quod
1358 4460 1439 4521 dixi:
1468 4470 1551 4522 recte
1577 4462 1694 4524 Lunam

337 4558 536 4620 aPlutarclro
561 4556 623 4615 tale
647 4568 755 4630 corpus
779 4547 847 4621 dici,
872 4549 960 4627 quale
985 4549 1078 4609 Terra
1110 4558 1173 4621 est,
1204 4548 1361 4627 inaequale
1390 4557 1635 4631 montosnmque,
1666 4560 1697 4611 et

336 4648 467 4726 majores
491 4644 609 4725 quidem
634 4651 751 4703 montes
775 4636 803 4696 in
827 4637 1019 4715 proportione
1040 4637 1078 4697 ad
1101 4656 1185 4698 suum
1210 4637 1340 4716 globum,
1365 4657 1453 4718 quam
1476 4650 1549 4701 sunt
1572 4641 1696 4702 Terreni

337 4735 367 4797 in
391 4756 446 4797 sua
468 4732 672 4814 proportione.
719 4730 767 4790 Ac
791 4732 824 4785 nt
846 4743 912 4785 cum
937 4725 1098 4787 Plutarcho
1122 4726 1213 4787 etiarn
1232 4727 1384 4804 jocamur:
1420 4728 1490 4806 quia
1517 4747 1613 4807 penes
1642 4748 1697 4790 nos

337 4843 391 4884 1111
416 4823 508 4898 venit,
532 4829 566 4883 ut
587 4820 726 4881 homines
751 4821 782 4877 et
805 4813 948 4873 animalia
971 4824 1135 4892 sequantur
1153 4815 1304 4893 ingenium
1319 4816 1430 4877 Terrae
1454 4835 1508 4876 seu
1522 4818 1697 4897 provinciae

338 4930 427 4985 suae,
451 4918 539 4973 erunt
562 4910 652 4989 igitur
676 4908 705 4968 iu
721 4908 808 4966 Luna
840 4911 996 4962 creaturae
1022 4904 1159 4965 viventes
1182 4904 1276 4965 multo
1300 4904 1407 4983 majori
1435 4923 1596 4984 corporum
1619 4908 1696 4968 mole

337 5006 698 5077 temperamentorumque
727 4989 836 5056 duritie
866 5006 957 5067 quam
988 5000 1112 5054 nostra:
1147 5010 1221 5055 sane
1253 4992 1323 5073 quia
1355 5001 1387 5055 et
1418 4993 1498 5056 diem
1527 4995 1696 5076 quindecim
