3692 5842
359 469 426 542 ooo
873 470 1210 538 mmmmm·

358 648 433 716 778.
457 656 614 733 ponerent¹
639 649 823 732 eundemque
848 669 958 712 annum
975 648 1200 732 Lycosthenem
1221 648 1254 714 iu
1271 645 1366 714 1278.
1391 650 1657 724 mutum
1679 651 1730 714 de-

361 751 481 823 ceptum
503 739 727 821 permutatione
750 739 969 803 characterum.

446 828 536 903 Quod
568 848 640 892 uero
672 829 881 912 Lycosthenes
912 841 945 892 et
968 848 1041 892 cmn
1070 827 1122 890 illo
1151 847 1211 909 ego
1236 826 1374 890 amuda
1403 827 1481 891 rica
1513 847 1633 892 auum
1657 827 1728 894 mu

356 921 462 1003 ponit,
493 939 561 982 cum
590 919 684 982 ceteri
713 920 927 982 Francicarum
959 938 1059 983 rerum
1089 916 1253 999 scriptores
1281 927 1399 999 ponam
1428 937 1552 982 annm
1586 915 1671 992 ebt.
1701 919 1729 982 id

358 1010 508 1074 dimensio
531 1028 588 1072 nou
615 1019 673 1082 est,
695 1008 751 1070 sed
765 1009 981 1090 pulcherrimus
1003 1027 1178 1074 cousensus.
1213 1006 1279 1070 Rea
1299 1015 1402 1069 tamen
1421 1021 1506 1089 eget
1527 1007 1729 1090 explicatione

358 1111 390 1162 et
412 1100 550 1162 doctrina
573 1109 749 1179 temporum.
787 1099 866 1161 Nam
886 1099 916 1160 in
935 1117 972 1162 eo
994 1098 1086 1162 cardo
1109 1107 1258 1174 versatur,
1281 1105 1318 1159 ut
1329 1105 1438 1160 auctor
1464 1097 1565 1178 hujus
1590 1097 1728 1160 histor'ne

356 1209 467 1252 annum
490 1189 539 1250 vel
562 1209 581 1250 a
603 1188 756 1250 Paschate
790 1188 916 1269 incipiat
943 1188 994 1250 rel
1015 1207 1036 1249 a
1057 1184 1112 1250 25.
1135 1187 1255 1261 Martii,
1287 1205 1356 1250 cunr
1380 1186 1606 1270 cymium
1630 1189 1725 1250 nore

360 1297 428 1340 cum
451 1278 535 1340 illum
558 1297 578 1339 a
601 1275 668 1340 Cal.
693 1277 830 1340 Januarii
853 1277 1065 1359 praecedentis
1092 1276 1228 1357 incipiat.
1263 1273 1317 1338 Sic
1340 1275 1421 1339 mim
1445 1277 1537 1354 idem
1559 1277 1725 1342 dielel

357 1364 426 1429 Cal.
449 1367 549 1448 April.
582 1366 621 1428 ab
643 1366 814 1431 Annalibus
846 1368 976 1429 refertur
1005 1368 1035 1428 in
1066 1366 1155 1428 finem
1186 1366 1257 1428 anui
1287 1359 1374 1440 8⁰7,
1407 1386 1430 1428 a
1462 1365 1673 1450 Lycum
1700 1383 1727 1430 et

357 1474 404 1518 me
427 1457 459 1521 in
482 1456 598 1520 initium
626 1455 697 1518 anni
719 1451 794 1520 808.
823 1454 968 1538 Sequitur
989 1455 1080 1535 igitur
1102 1455 1193 1535 hujus
1214 1454 1260 1518 rei
1281 1454 1549 1520 demonstrandae
1575 1475 1675 1520 causa

514 1741 700 1842 Digressio
726 1743 772 1816 de
798 1737 948 1843 Epochn
972 1765 1148 1860 annorum
1175 1739 1314 1817 Christi
1340 1739 1564 1839 vulgarium.

446 1904 567 1968 Δηηηηι
589 1923 610 1963 a
637 1903 784 1982 scriptore
818 1903 970 1966 annalium
993 1922 1014 1964 a
1039 1901 1191 1964 Pascbate
1223 1899 1375 1974 inchoari,
1406 1900 1625 1981 suspicionem
1654 1923 1723 1966 cou-

358 2012 496 2074 ceperam
529 1991 558 2054 in
587 1990 725 2073 Optieis:
761 2011 815 2054 nec
848 1993 939 2073 paulo
978 1991 1167 2054 evidentiora
1196 2001 1376 2070 argumenta
1406 1990 1540 2056 exhibet
1573 1989 1721 2074 Joaepbur

359 2082 499 2162 Scaliger
528 2082 659 2144 editione
693 2082 826 2144 secunda
855 2081 922 2144 libri
947 2081 984 2144 de
1006 2080 1225 2143 Emendatioue
1248 2079 1429 2158 Temporum
1453 2097 1530 2161 pag.
1556 2077 1648 2154 506,
1675 2083 1719 2144 ubi

359 2171 474 2236 relicu'a
497 2170 551 2247 iis,
585 2190 661 2252 quae
684 2183 789 2233 auctor
811 2170 874 2233 suis
897 2170 1065 2232 rationibus
1093 2170 1216 2232 taudem
1245 2168 1414 2243 concludit,
1447 2183 1484 2232 et
1516 2171 1717 2234 consideratis

359 2261 433 2323 solis
457 2260 535 2334 illis,
560 2260 687 2341 quaeis
711 2280 748 2322 ex
772 2260 965 2342 antiquitatis
986 2259 1131 2322 memoria
1156 2258 1288 2338 allegat,
1320 2257 1378 2319 boe
1401 2258 1512 2322 videor
1535 2279 1602 2322 ηοη
1626 2263 1718 2342 inepte

359 2350 521 2431 colligere:
555 2369 663 2411 annum
691 2349 931 2413 ecclesiasticum
960 2350 1112 2431 inceptum
1136 2347 1230 2410 luisse
1256 2366 1277 2408 a
1297 2345 1467 2422 Panchate,
1499 2351 1633 2432 ejusque
1659 2363 1716 2414 ter·

358 2440 480 2515 micum,
503 2439 611 2520 quippe
627 2439 696 2501 lesti
712 2439 841 2511 mobilis,
866 2449 995 2501 exeunte
1009 2457 1088 2501 anno
1109 2436 1235 2519 politico
1257 2437 1476 2500 muunciatum
1495 2439 1598 2502 luisse
1616 2441 1717 2522 populo

359 2529 397 2591 de
421 2537 576 2607 suggesto.
624 2528 728 2609 ltaque
752 2530 782 2592 in
805 2529 979 2591 testimonio
1001 2528 1105 2590 Bedae
1129 2527 1191 2589 illio
1213 2525 1358 2604 allegato,
1383 2537 1517 2590 exeunte
1540 2548 1627 2592 anno
1649 2527 1715 2592 701.

361 2618 476 2683 Christi
498 2618 622 2696 politico
645 2619 807 2681 secundum
830 2618 986 2699 vulgatam
1000 2636 1112 2690 aeram,
1136 2616 1163 2678 si
1184 2612 1227 2678 33
1251 2615 1367 2677 solidos
1384 2633 1424 2676 ex
1438 2618 1605 2680 sententia
1622 2619 1716 2680 Bedae

360 2707 497 2783 auferas,
529 2717 627 2769 restat
656 2703 731 2774 668.
755 2728 877 2770 currens
900 2729 921 2769 a
942 2707 1095 2770 Paschate
1126 2705 1345 2785 praecedente,
1374 2706 1456 2786 quod
1480 2717 1515 2769 et
1543 2707 1654 2772 habuit
1675 2708 1716 2770 iu-

358 2796 483 2878 scriptio
507 2793 683 2872 Cereomm,
716 2815 804 2878 quam
835 2797 1062 2878 descripserunt
1087 2795 1190 2857 Bedae
1222 2802 1364 2856 auctores
1393 2793 1425 2855 iu
1454 2795 1569 2858 Natali
1593 2797 1717 2860 Domini

359 2885 448 2958 Quod
471 2904 543 2947 vero
567 2885 652 2947 Beda
685 2907 794 2949 annum
817 2883 892 2951 701.
926 2895 1086 2948 exeuntem
1115 2884 1268 2964 componit
1294 2901 1361 2946 curn
1384 2883 1563 2948 indictione
1597 2903 1717 2968 quarta·

360 2975 491 3046 decima,
519 2975 549 3036 in
574 2995 610 3036 eo
634 2995 745 3037 morem
771 2977 908 3056 sequitur
938 2976 1085 3039 ecclesiae
1109 2983 1142 3036 et
1164 2972 1363 3036 lndictioucm
1389 2992 1472 3036 anno
1504 2975 1637 3055 politico
1658 2989 1717 3038 ter-

362 3065 508 3127 minatio
532 3065 582 3126 Pr.
608 3062 674 3127 Cal.
697 3063 869 3129 Januarias.

448 3151 614 3234 Sequentia
637 3156 812 3217 testimonia
827 3175 865 3215 ex
879 3153 1062 3234 Fredegario
1081 3163 1113 3214 et
1130 3151 1274 3215 Αἰιηοίηο
1297 3159 1421 3213 utuntur
1451 3152 1546 3216 titulo
1573 3174 1616 3230 „a
1640 3175 1717 3236 paa-

341 3244 462 3307 ¹aione
485 3242 664 3319 Domini,·'
690 3264 755 3305 cum
779 3245 893 3306 numeri
916 3244 1069 3325 pendeant
1091 3240 1295 3305 aNativitate
1317 3241 1367 3303 rel
1389 3242 1623 3318 iucarnatione,
1646 3244 1716 3325 quod

361 3334 387 3396 si
412 3352 471 3396 ηοη
494 3343 544 3394 est
575 3333 678 3414 lapsus
710 3334 829 3412 linguae
857 3335 905 3395 rel
933 3331 1060 3407 calami,
1093 3350 1150 3411 ego
1178 3331 1360 3410 interpretor
1392 3329 1454 3405 sic,
1489 3342 1524 3393 ut
1550 3334 1659 3396 dicant
1679 3335 1716 3396 illi

360 3433 501 3486 auctores
525 3442 558 3484 se
582 3442 737 3485 numerare
768 3445 808 3496 ,a
831 3424 887 3485 die
912 3422 1136 3495 Passionis*
1161 3420 1297 3500 quamvis
1320 3417 1413 3480 etiam
1436 3420 1478 3482 ab
1503 3441 1588 3485 anno
1618 3424 1716 3488 lucar·

361 3513 505 3575 nationis.
542 3511 612 3574 Etsi
635 3533 713 3575 auno
738 3510 811 3575 735.
835 3532 893 3574 nun
913 3512 987 3573 vll.
1003 3509 1072 3574 Cal.
1096 3509 1149 3571 sed
1174 3507 1413 3571 l'1.(.'al.Jan.
1438 3519 1473 3570 et
1495 3531 1582 3573 anno
1608 3515 1715 3575 demun

360 3599 434 3666 736.
460 3603 533 3664 vll.
556 3600 627 3662 Jan.
658 3604 808 3664 dominica
831 3603 894 3663 dies
929 3600 1043 3662 incidit.
1091 3600 1168 3661 Erat
1191 3599 1269 3659 enim
1297 3616 1375 3658 auno
1400 3595 1478 3661 735.
1504 3600 1643 3664 Indictio
1666 3604 1714 3664 lll.

359 3694 465 3773 ltaque
489 3691 626 3772 Scaliger
651 3693 678 3752 in
703 3691 890 3754 conciliando
913 3691 966 3752 illo
989 3708 1089 3751 errore
1121 3689 1194 3750 lusit
1223 3683 1354 3769 opeiam.
1403 3687 1453 3750 Sit
1481 3691 1579 3770 eulpa
1613 3693 1713 3754 mendi

360 3783 439 3862 quod
471 3781 535 3861 ipse
568 3782 707 3860 agnoscit
745 3781 899 3860 Scaliger,
936 3791 989 3841 aut
1029 3779 1145 3840 initium
1187 3778 1352 3839 dominicae
1382 3777 1424 3839 sit
1456 3797 1612 3859 vespera,
1642 3799 1715 3844 more

360 3870 472 3931 veteris
495 3870 664 3933 Ecclesiae.
710 3869 792 3932 Tunc
816 3871 869 3931 illa
892 3889 966 3931 sane
989 3880 1039 3930 est
1066 3868 1217 3949 quadrans
1244 3867 1365 3929 ultimus
1388 3887 1427 3929 ex
1452 3867 1528 3931 ΥΠ.
1557 3867 1629 3933 Cal.
1651 3869 1714 3931 Jan

360 3958 490 4022 Romani
514 3959 543 4019 in
567 3959 666 4022 media
689 3973 775 4021 nocte
799 3959 990 4021 terminandi.

449 4046 579 4111 Ceterae
602 4049 792 4112 conciliorum
807 4049 1007 4128 allegationes
1021 4045 1140 4108 omnino
1159 4045 1298 4107 ridentur
1311 4045 1399 4106 nobis
1422 4047 1610 4112 confirmare
1632 4063 1716 4130 caput

360 4138 430 4200 anni
453 4136 484 4199 in
510 4137 672 4200 Paschate.
719 4136 781 4201 Sed
812 4138 941 4201 solidum
973 4145 1181 4216 argumentum
1211 4135 1334 4197 exhibet
1366 4134 1455 4197 nobis
1489 4139 1716 4202 vetustissimus

360 4247 425 4290 mos
449 4227 595 4288 ecclesiae
621 4224 808 4295 Gallicanae,
833 4246 890 4307 quo
913 4247 967 4309 pro
993 4227 1138 4306 scriptore
1163 4222 1255 4286 Gallu
1279 4224 1505 4298 concludamus,
1531 4241 1632 4308 caput
1653 4229 1716 4290 anui

360 4317 452 4378 luisse
476 4316 533 4396 ipsi
557 4317 676 4379 Pascha
699 4318 745 4378 rel
777 4327 858 4378 certe
882 4316 935 4380 25.
959 4317 1074 4377 Martii.
1121 4314 1294 4375 Tenuerunt
1325 4313 1405 4376 enim
1430 4312 1609 4379 Christiani
1641 4319 1716 4380 occi·

360 4407 460 4467 dentis
484 4415 516 4467 et
545 4406 623 4467 inter
655 4406 832 4487 praecipuos
857 4405 960 4469 Galli:
993 4405 1148 4468 Christum
1171 4403 1260 4465 l'lll.
1286 4401 1354 4465 Cal.
1378 4403 1479 4485 April.
1516 4409 1716 4470 resurrexisse

362 4515 440 4557 anno
453 4495 575 4557 Juliano
592 4491 643 4570 76,
668 4516 743 4575 quae
768 4497 920 4559 sententia
943 4515 1000 4557 non
1021 4504 1071 4555 est
1083 4494 1160 4555 adeo
1183 4492 1324 4566 absurda,
1349 4493 1419 4573 quin
1438 4511 1511 4556 eam
1529 4496 1716 4577 Epiphanius¹

360 4585 520 4662 diligenter
544 4585 710 4645 attendenti
739 4587 920 4664 persuadere
944 4585 1051 4664 possit.
1098 4582 1168 4644 Etsi
1196 4582 1274 4643 enirn
1296 4602 1333 4642 ex
1357 4602 1394 4643 en
1415 4583 1578 4662 sequitur,
1605 4587 1716 4649 Pascha

360 4675 543 4737 celebratum
563 4693 581 4733 a
598 4672 723 4735 Judacis
738 4675 794 4737 IX.
811 4673 877 4736 Cal.
894 4675 1008 4754 Aprilis
1027 4682 1097 4735 ante
1119 4670 1338 4752 aequinoctium
1362 4672 1530 4751 politicum,
1556 4696 1578 4737 a
1601 4675 1715 4740 Christo

360 4783 430 4826 vero
454 4781 562 4841 agnum
587 4775 751 4825 comestum
775 4765 831 4826 xl.
858 4762 924 4826 Cal.
949 4764 1047 4842 April.
1070 4773 1218 4834 excunte3
1246 4761 1417 4822 crucifixum
1437 4760 1480 4824 X
1506 4760 1581 4826 Cal.
1606 4767 1715 4845 ,lpriln

361 4872 417 4912 uno
441 4862 531 4931 atque
556 4853 652 4913 altero
678 4852 725 4914 die
750 4865 819 4914 ante
845 4853 1058 4933 plenilunium3
1082 4872 1158 4931 quae
1178 4849 1311 4913 absurda
1333 4849 1492 4914 ridentur:
1520 4863 1629 4917 tamen
1650 4856 1713 4916 baec

360 4940 491 5002 absurda
512 4939 698 5020 Epiphanius
732 4943 830 5004 reddit
861 4941 1037 5004 verisimilia
1069 4954 1191 5003 ostenso
1222 4940 1307 5021 cyclo
1337 4958 1483 5002 annorum
1509 4939 1572 5016 st,
1597 4943 1712 5006 Judaeis

361 5037 493 5111 &mpure
512 5026 626 5092 Christi
650 5031 774 5103 usitato,
798 5032 848 5114 qui
871 5033 973 5115 cyclus
997 5050 1056 5092 ηοη
1074 5040 1192 5093 tantum
1215 5030 1507 5111 quartamdecimam
1529 5035 1711 5115 anticipata
