3692 5842
1120 371 1133 408 ι

239 475 306 543 580
726 477 756 527 In
772 476 861 530 librum
878 478 910 530 tls
929 476 1010 532 Stella
1025 476 1099 529 itera

240 673 341 720 eornm
366 652 562 716 difficultates
581 654 731 734 Keplerus
755 655 876 736 egregie
900 655 1024 735 expedit
1045 661 1079 716 et
1099 673 1194 735 saepe
1216 654 1338 718 facetiis
1359 653 1464 720 vincit.
1513 652 1601 718 Serio

239 753 339 806 autem
364 762 428 803 rem
450 751 598 815 tractans,
623 744 807 806 sententiam
829 745 953 807 tirmiter
975 750 1062 806 tenet
1084 745 1122 806 de
1145 744 1246 806 anima
1268 743 1435 808 sublunari.
1481 744 1599 808 Tribuit

239 832 369 896 Telluris
393 831 483 911 globo
513 832 662 911 geminam
694 834 886 909 facultatem,
919 834 1049 895 alteram
1078 834 1252 896 attrahendi
1285 852 1384 913 aquas
1412 833 1599 896 marinasin

242 922 377 985 occultas
401 922 605 983 concoctionis
628 924 726 995 sedes,
752 923 880 984 alteram
896 922 1065 1002 expellendi
1089 941 1218 1002 vapores
1239 931 1405 984 concoctos
1426 941 1483 1004 per
1505 941 1599 1003 queu-

241 1013 310 1073 dam
335 1008 420 1088 quasi
444 1010 593 1073 sudorem.
640 1011 727 1071 Hanc
759 1012 937 1073 facultatem
960 1011 1145 1091 expulsivam
1178 1011 1329 1074 stimulari
1357 1011 1399 1073 ab
1426 1012 1600 1091 aspectibus

240 1103 429 1180 planetarum
452 1099 633 1161 harmonicis
656 1099 857 1161 certissimum
884 1120 964 1162 esse.
1010 1100 1054 1162 Ut
1075 1101 1187 1175 Terra,
1220 1100 1334 1180 inquit,
1361 1100 1410 1162 ita
1441 1100 1532 1162 bomo
1562 1101 1600 1160 ad

242 1187 428 1251 harmoniam
453 1187 551 1249 animo
575 1189 800 1268 concipiendam
823 1208 918 1270 aeque
943 1197 1033 1269 atque
1056 1188 1117 1253 ista
1139 1197 1258 1269 pateus,
1281 1189 1469 1251 harmonicis
1492 1208 1598 1268 aspec-

242 1280 324 1340 tibus
348 1276 482 1353 erigitnr.
530 1278 638 1357 Itaque
661 1296 739 1338 nova
763 1296 879 1357 quoqne
902 1278 994 1339 stella
1015 1277 1099 1339 illum
1121 1285 1305 1340 commotum
1328 1285 1513 1340 eterectunr
1535 1296 1599 1338 esse

241 1365 405 1427 uerisimile
432 1365 572 1444 judicat,
606 1384 785 1445 quamquam
817 1385 892 1445 quae
916 1375 1002 1428 certa
1031 1367 1124 1429 luerit
1155 1366 1266 1428 stellae
1296 1366 1364 1441 tia,
1396 1375 1490 1428 caute
1521 1367 1597 1427 silet.

242 1452 429 1517 verisimilia
452 1454 556 1527 multa,
581 1455 656 1515 certi
681 1455 754 1515 nihil
778 1455 877 1517 datur.
924 1454 1041 1517 Contra
1067 1457 1180 1535 iocans
1210 1454 1312 1516 addit:
1349 1473 1505 1535 „quaeras
1534 1455 1598 1534 qnid

241 1543 429 1623 portenderit
457 1561 565 1604 novum
601 1543 707 1604 sidus?
739 1544 875 1606 nimirum
906 1545 1017 1606 multas
1049 1545 1210 1606 multorum
1241 1542 1427 1623 scriptiones
1457 1545 1498 1606 de
1528 1563 1598 1604 noro

241 1633 350 1704 sidere,
376 1632 488 1692 multas
511 1632 767 1712 typographorum
787 1633 1032 1713 occupationes.“
1069 1634 1157 1694 Hanc
1179 1630 1351 1712 opinionem
1367 1632 1436 1712 ja·
1458 1643 1553 1694 antea
1572 1633 1597 1692 in

243 1721 345 1783 libello
361 1718 544 1781 Germanica
567 1722 670 1800 lingua
692 1722 862 1800 conscripto
883 1718 1002 1795 (1605)
1025 1722 1180 1799 protessus
1204 1731 1286 1796 erat,
1308 1729 1342 1782 et
1367 1740 1407 1782 ne
1430 1721 1597 1784 vaticinium

240 1829 330 1872 suum
362 1809 399 1869 de
436 1828 469 1869 se
507 1818 647 1871 euentum
677 1810 806 1884 habeat,
840 1812 957 1872 nonnisi
985 1808 1052 1874 200
1075 1810 1261 1889 exemplaria
1291 1810 1376 1891 typis
1410 1811 1598 1891 exprimenda

243 1906 420 1972 curaverat3
449 1917 626 1979 quamquam
648 1900 804 1979 Ambergi‚
829 1900 883 1973 ait,
907 1900 1081 1980 opusculum
1105 1918 1190 1962 suurn
1206 1898 1308 1960 furtim
1322 1917 1393 1959 esse
1407 1900 1596 1978 exscriptum

248 1989 375 2066 ,Itaque
408 1988 539 2066 gratiam
571 1987 646 2067 ipsis
681 1987 797 2060 habeo,
830 1989 899 2068 quia
931 1988 1106 2050 vaticinium
1138 2007 1236 2049 meum
1268 1987 1513 2067 adimpleverunt
1541 2007 1597 2048 mea

241 2076 337 2157 ipsius
362 2076 472 2155 opella,
496 2076 574 2137 citra
598 2095 694 2138 meam
719 2079 873 2157 operam.“
920 2083 1018 2149 (ειπερ.
1037 2084 1093 2134 vot.
1111 2084 1132 2134 u
1152 2100 1177 2149 p.
1195 2082 1270 2146 tat.)

331 2165 378 2225 De
402 2165 492 2226 rebus
515 2164 643 2243 publicis
666 2167 754 2245 plura
777 2175 810 2227 et
833 2167 934 2245 lepida
954 2168 1100 2240 afferens,
1132 2165 1249 2226 coelum
1279 2165 1380 2244 ipsum
1410 2164 1450 2224 da
1482 2164 1596 2224 mutatis

242 2273 320 2335 quae
345 2262 504 2315 narrantur
533 2253 624 2315 rebus
648 2254 749 2333 injus
773 2255 876 2316 rotari
898 2264 1004 2329 retat3
1035 2274 1065 2316 v.
1088 2273 1116 2316 c.
1150 2253 1228 2328 „etsi
1262 2263 1295 2316 et
1323 2261 1400 2332 opto
1430 2263 1465 2313 ct
1487 2253 1595 2313 omnmo

240 2343 390 2417 existimo,
411 2344 478 2421 jam
498 2361 583 2405 ruere
599 2340 818 2404 Otbomanicae
844 2344 977 2406 familiae
999 2342 1177 2423 potentiam,
1202 2342 1359 2404 naturales
1375 2351 1481 2403 tamen
1496 2359 1596 2401 causat

241 2452 279 2494 ex
303 2432 422 2511 trigono
446 2431 534 2511 igneo
559 2431 657 2492 nullas
681 2432 768 2492 tideo
793 2430 886 2511 (Cap.
902 2429 973 2506 29).
1012 2432 1058 2494 De
1081 2450 1162 2493 noua
1185 2432 1277 2493 stella
1300 2430 1377 2492 dicit
1397 2429 1495 2508 (Cap.
1509 2426 1594 2500 ddlz‘

242 2540 299 2601 ego
328 2520 478 2583 interdum
511 2520 665 2594 existimo,
700 2523 727 2583 si
749 2520 815 2581 Deo
844 2522 1027 2601 placuisset,
1061 2530 1166 2600 aperte
1194 2520 1366 2582 hominibus
1400 2519 1483 2600 qnod
1514 2521 1596 2579 setta

242 2609 422 2690 significare,
447 2610 543 2671 literis
567 2610 651 2671 coelo
675 2609 810 2670 exaratis
834 2612 1015 2689 scripturum
1038 2611 1148 2684 luisse3
1186 2610 1300 2671 frustra
1332 2608 1438 2688 itaque
1471 2607 1597 2669 homines

243 2698 444 2778 conjectando
468 2698 588 2759 divinae
612 2699 767 2776 potentiae
791 2698 897 2761 obniti.
944 2699 1079 2760 Deinde:
1110 2698 1227 2778 posito,
1260 2698 1340 2778 quod
1362 2707 1450 2759 certo
1481 2696 1597 2758 consdio

242 2807 297 2850 seu
319 2787 378 2849 Dei
401 2806 454 2849 sen
478 2797 636 2852 creaturae
665 2786 823 2849 rationalis
852 2788 977 2849 incensa
1000 2787 1091 2849 luerit
1109 2787 1184 2848 haec
1199 2787 1301 2860 stella,
1325 2784 1352 2847 si
1376 2804 1418 2847 ex
1439 2804 1489 2846 me
1511 2803 1594 2865 quu-

240 2885 340 2949 ratur,
376 2895 462 2957 quem
497 2877 535 2937 ad
569 2877 657 2937 linem
679 2875 736 2936 hoc
769 2876 883 2937 factum
913 2885 1034 2957 putem,
1068 2884 1165 2938 totum
1194 2876 1324 2936 Telluris
1357 2874 1485 2954 globum
1519 2872 1596 2934 niuis

241 2966 350 3027 exilem
374 2973 466 3044 puto,
500 2974 534 3027 nt
567 2984 624 3026 non
659 2984 749 3026 unum
777 2965 806 3025 iu
842 2985 909 3027 eum
943 2966 1003 3026 rim
1034 2984 1119 3026 snam
1150 2982 1229 3025 nora
1251 2963 1345 3026 stella
1366 2963 1543 3026 exseruisse
1563 2962 1596 3023 sit

240 3054 387 3135 putanda.
440 3052 552 3115 Cetera
590 3073 706 3134 qnoque
742 3072 869 3133 corpora
909 3054 1056 3116 coelestia
1086 3053 1192 3115 incolis
1226 3052 1414 3132 frequentari
1445 3051 1597 3114 verisimile

241 3153 300 3215 est,
326 3162 381 3202 nec
406 3142 566 3204 absurdum
590 3145 659 3216 erit,
685 3162 779 3221 aeque
804 3144 879 3222 ipsis
903 3163 939 3204 ac
963 3144 1049 3204 nobis
1071 3144 1101 3204 in
1116 3144 1211 3203 Terra
1233 3141 1428 3202 versantibus
1453 3161 1493 3202 cx
1516 3141 1595 3200 altis·

244 3234 321 3293 sima
346 3233 470 3293 fixarum
493 3233 624 3311 sphaera
647 3232 733 3310 signa
758 3232 851 3305 mitti,
878 3232 976 3311 magis
999 3233 1101 3294 forsan
1126 3233 1258 3310 ipsorum
1282 3230 1483 3310 appropriata
1506 3227 1597 3308 captui

245 3341 333 3402 quam
358 3329 471 3381 nostro.
519 3322 655 3400 Denique
679 3319 826 3399 prioribus
850 3321 924 3381 haec
949 3322 1073 3400 Kepleri
1096 3320 1190 3381 rerba
1212 3319 1406 3399 adjungenda
1431 3336 1597 3380 censemus:

246 3410 353 3488 ,Rogo
379 3410 516 3483 lectores,
542 3421 575 3471 ut
599 3409 671 3471 milri
695 3429 732 3469 ne
756 3409 829 3469 citio
853 3421 994 3481 certant,
1024 3410 1050 3471 si
1075 3410 1229 3471 breviores
1252 3427 1341 3488 qnam
1365 3407 1426 3488 ipsi
1452 3410 1531 3469 torte
1552 3425 1599 3466 es·

247 3508 423 3579 spectarunt
446 3500 599 3561 discursus
624 3498 811 3576 theologicos
835 3507 866 3558 et
890 3499 1031 3577 politicos
1065 3499 1185 3572 inserui,
1218 3497 1472 3578 perpendantqne
1503 3496 1599 3558 condi·

247 3590 360 3649 tionem
394 3607 508 3661 meam,
546 3588 595 3668 qui
633 3609 651 3648 a
684 3584 850 3648 Caesare
894 3589 1108 3649 conductus
1150 3606 1246 3661 sum,
1290 3605 1364 3648 non
1403 3596 1450 3648 ut
1492 3601 1600 3648 essen

243 3677 423 3757 publicus
453 3687 584 3750 vates,
616 3676 681 3737 sed
713 3685 749 3737 ut
778 3677 1054 3738 astronomiam
1088 3696 1154 3757 pro
1184 3675 1331 3737 viribus
1362 3676 1600 3754 perficerem.

247 3765 348 3834 Quam
371 3784 428 3844 ego
452 3765 758 3845 circumscriptionem
782 3766 903 3827 maximi
928 3765 1062 3827 beneficii
1087 3767 1153 3827 loco
1177 3764 1292 3836 haheo,
1321 3783 1391 3826 cum
1415 3775 1521 3828 certus
1544 3765 1600 3832 sin,

247 3854 273 3913 si
289 3855 360 3914 milri
375 3854 465 3916 animi
490 3875 580 3916 sensa
604 3852 739 3916 licuisset
762 3855 844 3936 typis
868 3874 1043 3934 expromere
1067 3855 1172 3926 libere,
1196 3863 1229 3914 et
1241 3863 1329 3914 extra
1353 3854 1471 3915 limites
1491 3855 1601 3933 proles-

247 3941 343 4003 sionis
374 3962 459 4003 meae
492 3954 616 4024 propter
638 3944 848 4022 cognationem
877 3963 977 4005 rerum
1000 3946 1028 4004 in
1045 3943 1181 4024 politiam
1196 3953 1228 4006 et
1243 3942 1394 4003 ecclesiae
1419 3953 1536 4004 statum
1555 3959 1603 4002 es·

247 4049 376 4106 currere,
401 4032 499 4093 nullas
522 4032 610 4093 bodie
633 4043 736 4111 partes
761 4052 828 4094 esse
852 4042 1033 4113 pugnantes,
1057 4052 1133 4112 quas
1156 4031 1320 4112 scriptione
1339 4050 1411 4093 mea
1430 4049 1491 4093 non
1508 4029 1604 4092 fuerin

245 4121 430 4181 offensurus:
455 4120 574 4181 scilicet
598 4122 708 4182 lliacos
732 4123 812 4183 intra
835 4141 935 4183 muros
958 4133 1101 4200 peccatur
1124 4131 1155 4182 et
1178 4121 1298 4183 estra.“

335 4208 420 4270 llaec
444 4208 567 4287 liepleri
591 4209 684 4270 rerba
706 4211 801 4289 primo
826 4220 1038 4290 aspectarent
1062 4210 1296 4272 aestimantibus
1324 4226 1501 4287 repugnare
1525 4206 1605 4267 ride·

248 4297 358 4357 buntur
388 4298 442 4371 iis,
477 4296 584 4378 quibus
613 4298 775 4376 Keplemm
808 4301 847 4361 ab
877 4301 1061 4378 Imperatore
1093 4301 1183 4362 rebus
1213 4297 1409 4375 astrologicis
1444 4296 1607 4360 adhibitum

245 4405 313 4445 esse
338 4385 478 4447 diximus.
525 4386 639 4447 l'erum
671 4388 719 4465 qui
743 4389 939 4466 Imperatoris
971 4388 1122 4467 ingenium
1152 4398 1184 4449 et
1213 4408 1247 4449 re
1276 4387 1429 4465 lactisque
1459 4388 1605 4465 cognitum

245 4485 277 4535 et
306 4475 408 4535 multis
443 4475 565 4554 liepleri
596 4475 692 4556 ipsius
724 4478 905 4538 testimoniis
939 4478 1180 4557 cognoscendum
1212 4474 1422 4558 spectaverit,
1456 4475 1606 4537 nobiscnn

245 4563 426 4623 consentiet
473 4564 605 4644 Keplero
629 4565 706 4626 enim
730 4585 909 4646 quamquam
934 4587 971 4627 ea
994 4568 1124 4627 maxime
1146 4565 1302 4646 provincia
1324 4564 1446 4625 tradita
1469 4573 1557 4634 erat,
1578 4573 1607 4622 nt

246 4669 294 4712 res
317 4670 337 4710 a
360 4651 502 4732 Tychone
533 4653 669 4733 inceptas
693 4673 758 4716 cum
782 4656 860 4716 alias
893 4665 956 4717 turn
985 4655 1106 4718 tabulas
1139 4656 1269 4718 maxime
1297 4653 1478 4735 perliceret,
1510 4665 1605 4714 mmet

243 4747 366 4817 praeter
398 4739 467 4800 illas
500 4760 555 4801 eae
589 4762 705 4824 qnoque
738 4756 842 4824 partes
873 4745 993 4806 delatae
1022 4755 1128 4818 erant,
1163 4753 1197 4805 ut
1227 4746 1257 4805 in
1291 4742 1490 4822 astrologicis
1524 4741 1606 4803 rebar

245 4836 368 4904 praesto
392 4836 475 4890 esset
491 4829 677 4908 Imperatori,
702 4851 789 4911 quern
813 4834 916 4908 multa,
942 4853 1018 4913 quae
1043 4833 1192 4895 liberioris
1210 4833 1316 4912 judicii
1332 4832 1424 4893 homo
1444 4841 1605 4912 respueret.

246 4914 439 4993 proposuisse
463 4918 605 4980 credibile
633 4931 692 4981 est.
739 4919 841 4991 Quare
866 4923 1014 5003 lieplerus
1046 4935 1079 4984 ut
1110 4942 1143 4983 re
1166 4922 1384 4984 molestissima
1420 4921 1603 4986 liberaretur.

246 5018 337 5082 quum
358 5012 480 5084 posset,
514 5007 577 5070 alia
603 5027 679 5089 quae
710 5010 769 5071 sibi
792 5023 895 5073 essent
924 5012 1063 5074 iacienda
1094 5012 1270 5073 excusabat
1318 5011 1394 5073 Inde
1429 5010 1504 5082 illa,
1535 5023 1603 5088 quac
