3692 5842
370 471 434 539 7³²
852 472 893 522 ns
912 470 1249 538 ssuasovsssrpsuuru

370 653 509 725 solvens,
542 649 797 729 circumnavigata
818 650 960 730 Europa,
991 650 1021 711 in
1044 649 1165 712 Italiam
1196 652 1295 726 venit,
1329 650 1473 714 cleritate
1503 671 1650 715 cursores
1678 672 1726 734 per

369 742 590 804 mediterranea
612 738 663 799 via
684 737 865 801 brevissima
886 746 993 801 euntes
1016 747 1221 816 antevertens,
1244 749 1277 803 et
1292 741 1442 803 frumento
1465 740 1555 804 illato
1572 742 1726 805 cariuten

369 848 506 892 annonae
521 827 713 890 sublevavit?
750 826 832 899 Quid
848 828 942 889 habet
960 827 1057 892 simile
1071 828 1194 908 propior
1215 829 1382 910 antiquitas
1398 829 1569 893 hodiernae
1589 831 1727 894 scientiae

368 919 413 981 rei
436 917 599 980 militaris?
637 916 718 987 Quid
742 915 840 977 dicam
864 917 902 977 de
924 917 1080 980 hodiernis
1096 916 1212 979 artibus
1227 918 1411 982 mechanicis
1425 919 1630 982 multitudine
1647 921 1727 984 inm·

369 1008 574 1082 merabilibus,
591 1005 758 1069 subtilitate
775 1005 1148 1086 incomprehensibilibus?
1171 1008 1220 1070 An
1236 1028 1296 1070 uon
1311 1027 1417 1070 omnes
1431 1009 1607 1090 scriptores
1617 1018 1728 1072 veteres

336 1097 339 1107 '
370 1105 557 1180 quotcunque
581 1103 704 1158 exstant
726 1101 791 1156 arte
814 1095 1034 1176 typographica
1056 1095 1087 1156 iu
1116 1095 1212 1157 lucem
1235 1097 1325 1159 hodie
1347 1096 1563 1160 vindicamus?
1601 1101 1655 1162 An
1676 1121 1727 1162 noc

368 1187 458 1250 hodie
481 1186 546 1267 ipsc
571 1184 677 1249 Cicero
701 1205 720 1245 a
743 1185 856 1246 nostris
880 1191 929 1245 tot
957 1184 1071 1245 criticis
1093 1203 1211 1248 rursum
1239 1186 1331 1249 discit
1350 1186 1465 1249 Latine
1490 1185 1602 1267 loqui?
1629 1187 1728 1269 Scrip-

368 1284 468 1339 torum
490 1294 560 1337 vero
583 1274 615 1335 in
638 1274 774 1335 omuibus
798 1273 994 1335 facultatibus
1017 1273 1241 1355 maximepost
1262 1294 1372 1338 annum
1395 1271 1493 1340 1563.
1517 1276 1624 1356 major
1646 1287 1729 1358 quot·

369 1365 457 1427 annis
480 1363 636 1426 excuditur
659 1381 808 1437 numerus,
833 1382 922 1444 quam
944 1363 1027 1424 mille
1046 1362 1196 1425 anteactis
1215 1364 1315 1427 fuerat
1332 1364 1558 1428 universorum.
1599 1366 1663 1428 Per
1679 1366 1729 1428 hos

369 1473 448 1516 nova
470 1453 560 1515 hodie
585 1452 668 1513 facta
691 1459 739 1512 est
761 1450 933 1531 theologia,
965 1471 1044 1514 nova
1070 1451 1325 1533 jurisprudentia,
1348 1462 1502 1517 novarnnt
1525 1463 1563 1516 et
1586 1453 1728 1518 Paracel·

360 1541 466 1605 'sistae
484 1542 672 1615 medicinam,
697 1548 729 1601 et
745 1539 945 1620 Copemirani
961 1540 1185 1604 astronomiam.
1225 1542 1342 1623 Opinor
1359 1544 1500 1626 equidem
1515 1563 1602 1608 nune
1618 1544 1728 1606 dem

369 1633 481 1706 vivere,
506 1631 565 1693 imo
589 1640 620 1691 et
643 1631 741 1692 fu'rere
757 1630 914 1692 mundum:
940 1649 1036 1711 neque
1054 1631 1242 1693 frustraneos
1259 1632 1354 1696 fuisse
1368 1632 1440 1695 illos
1457 1632 1728 1696 selectissimaru

369 1719 610 1801 conjunctionum
634 1719 781 1781 stimulos.
1269 1757 1273 1762 -

456 1810 514 1873 His
543 1809 644 1890 itaque
671 1809 829 1889 perpensis
859 1808 971 1872 stultos
998 1807 1195 1889 pronunciavi
1223 1808 1409 1889 astrologos,
1442 1809 1469 1871 si
1492 1819 1621 1890 putent,
1642 1811 1725 1874 nobis

368 1918 423 1981 per
446 1899 502 1960 hos
526 1899 643 1960 futuros
662 1896 727 1960 200
750 1917 845 1959 annos
868 1898 955 1978 plura
978 1897 1181 1977 exspectanda
1203 1906 1236 1959 et
1257 1899 1381 1977 majora,
1405 1917 1497 1980 quam
1519 1901 1648 1962 exactis
1670 1896 1728 1964 lbi)

369 1989 575 2069 contigerunt,
598 1987 628 2047 vi
651 1987 769 2069 quidem
792 1987 924 2050 naturali
947 1987 1058 2066 trigoni
1080 1987 1160 2067 ignei
1183 1987 1221 2049 ab
1246 2008 1323 2050 anno
1350 1985 1443 2051 tuos.
1470 2008 1588 2051 novum
1612 1989 1724 2052 mitium

370 2077 521 2142 sumentis¹
549 2084 580 2138 et
612 2077 747 2139 solitarie
779 2076 973 2139 consideratii
1018 2076 1087 2138 Nisi
1119 2077 1195 2138 forte
1228 2077 1417 2151 existimant,
1449 2097 1567 2139 novum
1599 2077 1726 2159 aliquem

368 2169 470 2231 orbem
493 2167 643 2228 detectum
666 2173 719 2227 aut
741 2174 837 2227 artem
860 2166 982 2227 volandi
1004 2174 1155 2245 repertum
1177 2166 1231 2240 iri,
1262 2187 1320 2247 qna
1347 2166 1378 2227 in
1401 2167 1523 2228 Lunam
1549 2186 1658 2229 earnm
1678 2181 1725 2228 aut

369 2258 400 2319 in
424 2256 517 2318 alium
537 2254 640 2317 mundi
664 2255 800 2334 globum;
833 2255 941 2335 quibus
973 2255 1074 2317 hercle
1099 2255 1164 2333 jam
1192 2255 1250 2316 iste
1274 2254 1405 2318 Telluris
1434 2255 1549 2336 globus
1583 2266 1726 2336 angustus

370 2355 426 2408 est.
475 2345 708 2426 comparatione
736 2351 903 2424 temporum
934 2341 1050 2406 Christi
1082 2353 1114 2405 et
1144 2342 1247 2407 Garuli
1269 2344 1392 2424 Magni,
1424 2344 1536 2425 quibus
1570 2345 1724 2408 Fabricius

369 2436 479 2511 utitur,
504 2454 553 2498 res
576 2441 722 2516 patescet.
768 2435 859 2495 Anno
878 2428 936 2496 do.
960 2433 1083 2496 Juliano
1107 2430 1126 2497 5
1150 2434 1238 2495 annis
1261 2442 1330 2496 ante
1354 2452 1458 2495 aeram
1482 2433 1724 2497 Christianorum

370 2525 429 2588 fuit
451 2525 621 2605 conjunctio
643 2543 754 2603 magna
776 2523 806 2584 in
828 2521 969 2585 Piscibus
976 2542 984 2598 ;
1009 2541 1085 2604 quae
1109 2522 1153 2584 sic
1176 2523 1275 2604 potuit
1297 2542 1350 2603 pro
1365 2521 1462 2584 -initio
1486 2521 1598 2585 haberi
1622 2523 1721 2604 trigoni

369 2615 464 2695 ignei,
494 2623 529 2675 ut
560 2614 614 2675 illa
645 2633 722 2675 anno
758 2609 851 2675 1583.
884 2612 992 2693 potuit.
1046 2611 1206 2693 Imperimn
1235 2612 1326 2691 igitur
1353 2611 1567 2674 Romanorum
1601 2613 1720 2694 amplius

369 2700 413 2767 40
436 2702 523 2765 annis
546 2711 637 2763 antea
659 2702 831 2763 devolutum
855 2709 922 2762 erat
944 2721 963 2761 a
985 2701 1095 2781 populo
1118 2702 1158 2763 ad
1180 2701 1326 2764 familiam
1350 2700 1529 2764 Caesarum.
1579 2702 1647 2764 Nec
1664 2703 1719 2781 jan

368 2794 440 2856 novi
463 2791 532 2873 quid
555 2790 681 2867 accidit;
711 2810 781 2852 nam
810 2790 923 2851 mansit
953 2790 1109 2870 imperium
1134 2790 1166 2852 in
1195 2791 1252 2852 hec
1282 2789 1397 2852 familia
1419 2790 1520 2852 adhuc
1555 2788 1601 2853 70
1633 2792 1718 2858 anuis

369 2882 482 2945 mansit
504 2882 583 2960 apud
598 2882 768 2959 Augustum
792 2880 888 2942 adhuc
913 2877 953 2943 19
979 2880 1082 2954 annis;
1107 2880 1186 2961 apud
1209 2880 1286 2941 alias
1300 2879 1456 2941 Romanas
1481 2879 1621 2942 familias
1644 2880 1718 2961 prin·

370 2972 468 3053 cipum
491 2969 668 3031 diutissime.
716 2969 768 3031 Sic
798 2989 864 3042 cnm
892 2968 1023 3031 redisset
1051 2969 1139 3049 ignea
1168 2968 1336 3050 triplicitas·
1358 2968 1441 3032 circa
1474 2988 1593 3032 annum
1616 2968 1719 3034 Christi

370 3057 449 3133 809,
474 3058 547 3119 nihil
570 3057 650 3132 novi,
674 3058 731 3118 nisi
755 3059 833 3138 quod
858 3058 987 3121 Carolus
1010 3060 1140 3138 Magnus
1163 3057 1318 3140 imperium
1342 3056 1521 3132 occidentis,
1547 3079 1632 3122 anno
1655 3058 1716 3121 tut.

371 3149 400 3211 in
423 3156 539 3229 patrem
553 3146 691 3226 Pipinum
715 3156 745 3207 et
760 3148 930 3209 Romanum
953 3167 1030 3208 anno
1052 3145 1125 3211 801.
1141 3147 1171 3209 in
1191 3168 1224 3210 se
1245 3148 1435 3221 translatum,
1459 3149 1636 3226 praeclaris
1657 3167 1716 3210 suc·

370 3237 506 3300 cessibus
530 3235 686 3298 stabilivit.
734 3236 814 3309 Quin
837 3236 952 3317 potius,
976 3236 1078 3298 missis
1101 3237 1270 3299 nominibus
1295 3236 1568 3298 constellationum
1591 3238 1718 3318 trigono·

370 3346 492 3409 rumque
524 3325 561 3387 ab
594 3326 662 3405 igne
685 3344 799 3406 aquave
830 3327 999 3399 ductorum,
1029 3346 1078 3387 res
1111 3326 1194 3406 ipsas
1221 3326 1302 3406 jussi
1328 3325 1439 3387 intueri
1471 3334 1507 3387 ut
1537 3327 1632 3388 hodic
1661 3341 1718 3387 suut

371 3423 572 3498 comparatae.
611 3415 767 3486 Quaedam
791 3415 869 3475 enirn
893 3416 931 3475 ad
952 3415 1104 3494 fastigium
1128 3416 1319 3487 contendunt,
1344 3414 1495 3495 quaedam
1516 3416 1558 3476 ad
1576 3415 1717 3477 interitum

369 3514 508 3587 vergunt,
531 3505 715 3587 quarundam
737 3504 856 3566 duratio
880 3504 1020 3566 diuturna
1043 3504 1159 3584 sperari
1182 3513 1293 3584 potest
1332 3506 1437 3583 ltaque
1460 3503 1622 3568 stimulum
1641 3506 1717 3567 istum

372 3595 592 3676 conjunctionis
615 3594 646 3656 in
668 3594 835 3673 Sagittario
864 3594 894 3655 in
923 3594 962 3655 iis
989 3594 1180 3673 potissimum
1206 3594 1392 3656 turbaturum
1422 3602 1456 3654 et
1488 3593 1716 3675 inquietaturum

369 3686 516 3759 homines,
541 3702 616 3766 quae
638 3683 751 3745 habent
774 3684 829 3745 sub
851 3683 999 3746 manibus.
1046 3683 1132 3755 Quae
1156 3701 1227 3745 vero
1250 3684 1287 3743 de
1311 3701 1387 3743 novo
1411 3683 1505 3762 plane
1529 3684 1595 3746 sint
1617 3684 1717 3746 oritura

371 3776 529 3838 occasione
553 3774 695 3835 coelestis
718 3774 807 3853 hujus
831 3773 1098 3848 exstimulationis,
1123 3792 1159 3835 ea
1181 3772 1297 3851 majora
1319 3790 1386 3833 esse
1410 3791 1471 3833 non
1495 3791 1609 3853 posse,
1633 3792 1717 3853 quan·

370 3866 466 3946 tisper
488 3864 555 3925 sola
577 3862 687 3942 trigoni
710 3862 790 3941 ignei
813 3861 982 3923 dominetur
1005 3863 1145 3937 efficacia,
1170 3882 1315 3943 quamque
1337 3862 1428 3942 paulo
1448 3870 1523 3923 ante
1547 3861 1714 3926 acciderint.

459 3954 506 4016 Ac
530 3952 587 4013 etsi
610 3960 767 4032 postquam
786 3972 865 4013 nova
888 3951 979 4012 stella
1004 3953 1135 4014 accessit
1151 3951 1216 4031 jam
1238 3970 1329 4032 porro
1351 3952 1471 4030 majora
1491 3951 1600 4033 aliqua
1616 3949 1717 4035 sperari

369 4051 509 4125 possunt,
534 4050 635 4102 tamen
658 4041 728 4122 quia
751 4040 842 4102 stella
865 4040 918 4101 illa
943 4042 1084 4104 fortassis
1107 4042 1257 4122 aliquibus
1271 4048 1397 4102 naturae
1414 4040 1443 4099 vi
1459 4042 1625 4104 exstitisse
1642 4041 1715 4102 vide

371 4133 464 4207 bitur,
495 4138 529 4193 ut
559 4150 650 4210 snpra
672 4130 702 4192 in
727 4148 873 4209 suspenso
898 4130 1088 4210 reliquimus,
1119 4131 1226 4212 quihus
1249 4130 1317 4192 ideo
1340 4129 1415 4191 nihil
1438 4141 1567 4209 praeter
1592 4147 1715 4212 eaquae

371 4241 435 4302 cap.
455 4221 575 4284 XXVI.
595 4220 677 4282 dicta
698 4220 876 4300 portendere
900 4221 1059 4282 statuitur:
1084 4220 1168 4282 lubet
1190 4221 1219 4281 in
1235 4239 1335 4282 eorum
1358 4219 1491 4297 gratiam
1515 4220 1568 4283 hic
1587 4219 1716 4302 generale

370 4312 427 4373 hoc
449 4309 676 4391 pronunciatum
700 4310 736 4370 de
760 4311 866 4371 effectu
890 4310 1021 4370 naturali
1044 4310 1156 4389 trigoni
1179 4310 1258 4389 ignei
1289 4309 1438 4388 (adeoque
1462 4317 1496 4370 et
1520 4311 1650 4381 stellae)
1671 4327 1716 4368 cu·

369 4401 483 4481 plicare
506 4399 608 4460 latius.
655 4399 835 4477 Pugnabunt
858 4399 995 4482 nimimm
1018 4400 1119 4476 Reges
1141 4400 1282 4478 Europae
1306 4399 1342 4460 dc
1366 4397 1519 4477 imperiis,
1552 4400 1605 4462 hic
1628 4400 1657 4461 ri
1677 4415 1716 4458 res

371 4499 476 4569 agetur
499 4489 561 4549 illic
584 4488 701 4550 insidiis
725 4508 778 4568 pro
797 4488 926 4550 diversis
947 4488 1100 4550 nationum
1120 4489 1265 4561 motibus3
1290 4487 1319 4548 in
1339 4486 1507 4549 Germania
1526 4499 1622 4571 atque
1638 4488 1716 4550 etiam

371 4579 443 4640 alibi
466 4578 563 4656 magis
586 4580 741 4658 magisque
771 4578 1028 4639 exacerbabuntur
1056 4578 1162 4639 animi:
1196 4596 1253 4658 quo
1282 4575 1379 4654 magis
1409 4578 1646 4652 convalescent,
1675 4575 1715 4656 qai

371 4669 581 4748 antiquitatem
595 4668 765 4741 defendunt,
788 4668 844 4728 hoc
857 4667 980 4746 propius
994 4667 1126 4740 coibunt,
1143 4666 1193 4747 qui
1208 4666 1388 4738 libertatem,
1405 4675 1437 4728 et
1452 4687 1512 4747 quo
1531 4668 1715 4749 prosperiore

370 4758 401 4822 hi
423 4766 544 4820 utentur
568 4758 696 4832 fortuna,
717 4758 773 4819 hoc
795 4757 932 4818 acerbius
948 4755 1074 4818 invicem
1089 4756 1265 4818 mordebunt
1285 4765 1561 4837 consumenturque
1582 4759 1713 4820 invicem:

370 4848 491 4928 fierique
515 4855 585 4907 tunc
599 4855 711 4925 potest,
732 4855 765 4908 ut
779 4867 874 4908 nuvae
891 4847 1049 4921 factiones,
1072 4864 1167 4907 novae
1190 4843 1345 4925 opiniones
1361 4843 1586 4924 emergantw)
1619 4851 1714 4919 Quan-

371 4955 460 5016 quam
483 4936 704 4999 contentionum
729 4937 859 4998 studinm
883 4936 961 5015 apud
984 4935 1136 5015 politicos,
1160 4944 1195 4996 ut
1217 4934 1430 5013 supradictum,
1459 4935 1490 4996 in
1521 4937 1712 4998 declinatione

372 5034 434 5089 est:
458 5027 590 5089 existent
613 5025 703 5106 igitur
725 5027 956 5107 compositores,
979 5024 1029 5107 qui
1053 5024 1111 5107 ipsi
1133 5044 1193 5087 non
1216 5024 1314 5085 minus
1337 5022 1494 5088 turbarum
1518 5026 1711 5088 concitabunt
