3692 5842
789 479 821 530 ιο
840 478 919 530 seua
936 480 963 528 n
982 477 1077 546 craso·
1544 481 1610 552 763

251 677 356 724 noram
380 680 434 723 uec
458 659 586 723 memini.
632 658 684 720 Ita
706 656 754 720 hic
778 677 797 718 a
818 656 944 738 propria
966 658 1119 733 memoria,
1143 666 1177 721 ut
1200 657 1276 733 diri,
1303 659 1469 723 destituor:
1494 682 1549 726 nec
1572 683 1610 726 ex

252 767 291 814 sa
312 751 380 813 sola
402 749 622 822 affirmaverim,
648 766 757 809 novam
781 748 859 808 hano
883 765 951 808 esse
975 747 1106 810 stellam.

281 887 285 898 .
342 838 428 912 Quae
448 839 485 900 de
500 858 546 900 me
565 837 637 905 dixi,
662 837 699 898 de
714 836 850 898 omnibus
875 836 938 897 lere
958 836 1181 916 professoribus
1205 836 1423 906 mathematum
1445 840 1609 913 hodiernis,

253 928 304 1011 qni
334 928 448 1010 passim
479 934 549 989 sunt
579 945 635 1007 per
665 925 838 987 academias
868 924 1012 1006 Europae
1045 926 1218 996 distributi,
1256 925 1355 989 dicere
1385 948 1527 1010 possum:
1561 930 1611 1013 qni

252 1017 459 1099 quaestionem
489 1031 596 1079 omnes
628 1022 751 1077 movent
779 1014 816 1077 dc
848 1032 927 1076 novo
958 1015 1186 1095 phaenomeno,
1224 1015 1407 1080 sententiam
1438 1038 1524 1082 suam
1555 1028 1611 1084 ιιι

251 1116 393 1189 premunt
422 1114 477 1168 aut
505 1104 686 1168 senescire
717 1104 862 1167 fatentur.
908 1104 1092 1167 Maestlinus
1123 1106 1242 1184 quidem
1272 1105 1428 1169 confessus
1458 1108 1611 1190 ambigere

250 1216 296 1273 se,
320 1196 447 1259 inclinat
469 1204 570 1257 tamen
594 1212 640 1270 eo,
664 1201 698 1260 ιι
721 1212 779 1274 qno
804 1191 915 1255 diutius
938 1213 1026 1256 suam
1057 1194 1217 1256 examinet
1238 1195 1411 1258 memoriam
1433 1196 1490 1260 hoc
1512 1198 1611 1279 magis

249 1294 349 1370 putot,
372 1285 429 1349 sibi
453 1285 546 1348 etiam
567 1242 640 1346 elini
656 1284 764 1345 visam.
802 1281 848 1343 At
870 1283 978 1345 statim
1002 1282 1124 1363 subjicit
1148 1292 1334 1364 argumenta,
1360 1285 1466 1366 quibus
1486 1296 1612 1352 utuntur

253 1377 304 1460 qui
332 1370 516 1457 disputando
544 1373 680 1436 nituntur
712 1371 866 1451 antiquam
901 1373 1021 1448 lacere3
1055 1373 1174 1435 seilicet
1206 1373 1284 1454 qnod
1317 1374 1405 1436 duret
1434 1382 1482 1438 tot
1514 1394 1610 1440 annos

250 1465 390 1548 qnodque
413 1464 607 1528 Ptolemaeos
637 1462 750 1523 multae
782 1462 859 1523 iiras
892 1459 1037 1524 omiserit.
1084 1462 1144 1525 Hic
1166 1481 1239 1544 ergo
1271 1463 1341 1525 dnm
1365 1464 1404 1526 ad
1432 1475 1611 1546 arguments

251 1554 398 1648 confugit,
421 1552 495 1616 nrlril
519 1570 553 1613 se
577 1550 688 1614 habere
713 1551 834 1624 fatetur,
861 1551 942 1630 quod
960 1570 975 1612 ι
990 1551 1137 1614 memoria
1159 1572 1215 1614 sua
1237 1560 1344 1616 contra
1365 1572 1421 1616 nos
1441 1554 1609 1635 depromat.

318 1639 423 1712 Quid
446 1642 545 1703 dicam
568 1641 606 1702 de
628 1638 780 1723 Tyohonis
803 1639 914 1701 Brahei
939 1641 1204 1715 contuberniam
1228 1659 1285 1722 quo
1308 1662 1362 1726 per
1384 1642 1492 1723 viginti
1515 1664 1610 1709 annos

249 1728 370 1814 plurimi
395 1727 536 1793 vixerunt
559 1729 762 1816 astronomiae
789 1728 934 1804 studiosi,
958 1738 1049 1809 atque
1072 1729 1094 1792 ii
1117 1729 1147 1791 in
1171 1732 1425 1811 contemplatione
1455 1734 1611 1798 stellarum

251 1820 458 1902 frigidissimis
481 1819 620 1882 noctibus
649 1805 726 1880 adeo
755 1818 896 1894 exerciti,
930 1826 964 1881 ιι
987 1820 1133 1899 quosdam
1155 1819 1213 1882 hac
1243 1821 1433 1899 potissimum
1456 1823 1494 1885 de
1517 1843 1611 1886 causa

240 1911 343 1974 'etiarn
367 1908 432 1971 vita
455 1909 630 1971 deseruerit.
675 1908 803 1971 Adeone
835 1906 928 1987 igitur
951 1925 995 1968 ex·
1017 1908 1231 1988 superstitibus
1262 1910 1409 1977 nemiuem
1439 1931 1528 1989 esse,
1558 1913 1609 1995 qni

251 2000 364 2062 isuram
387 1999 455 2061 novi
488 1998 705 2078 phaenomeni,
739 1996 765 2059 si
789 2015 827 2057 ιι
850 1997 932 2062 falsa
954 2004 1020 2070 est,
1046 2017 1083 2059 ex
1105 1996 1229 2078 propria
1258 2000 1405 2063 memoria
1436 2002 1610 2066 convellat?
1668 1987 1671 1996 ¹

250 2089 361 2170 Itaque
389 2088 578 2169 perpendens
605 2087 668 2149 ista
690 2088 843 2169 Bayerus,
876 2083 1056 2161 Omnium,
1081 2087 1145 2161 ait,
1175 2086 1300 2160 tacito
1333 2107 1515 2154 consensu
1544 2109 1610 2208 pro

251 2178 356 2243 Nova
378 2185 818 2257 receptam·
1419 2209 1426 2224 ·
1700 2186 1703 2190 ’

341 2267 532 2347 Argumenta
553 2263 635 2340 ve'ro,
659 2265 765 2346 quibus
789 2264 826 2339 ei,
851 2283 941 2358 qoem
963 2263 1086 2345 propria
1108 2263 1223 2328 deserit
1245 2265 1399 2342 memoria,
1423 2268 1498 2331 tides
1520 2268 1610 2334 novi-

251 2356 329 2420 tatis
351 2357 414 2420 fieri
437 2363 549 2436 potest,
573 2355 648 2417 baec
671 2363 762 2416 sunt·
786 2345 919 2417 Primum
943 2353 1057 2417 omissa
1079 2361 1128 2415 est
1150 2354 1226 2416 hacc
1249 2353 1340 2417 stella
1363 2356 1401 2417 ab
1424 2357 1610 2439 Hipparcho,

251 2449 303 2531 qui
324 2474 408 2514 ausus
439 2474 497 2512 rem
527 2456 613 2511 etiam
633 2456 694 2509 Deo
724 2454 889 2526 improbam,
919 2469 1102 2509 annumerare
1131 2454 1251 2525 posteris
1281 2455 1379 2511 stellas
1404 2473 1438 2512 ao
1462 2457 1553 2515 sidera
1573 2462 1610 2516 ad

250 2555 375 2594 normam
395 2540 569 2610 expandere,
597 2534 710 2609 organis
732 2536 916 2607 excogitatis,
937 2553 989 2607 per
1009 2551 1081 2606 qnae
1107 2533 1280 2607 singularum
1299 2536 1363 2591 loca
1387 2544 1474 2610 atqua
1500 2540 1609 2613 magni·

253 2629 364 2685 tudines
384 2629 520 2701 signaret,
541 2634 575 2683 ιιι
589 2627 672 2683 facile
692 2627 808 2682 dis'oerni
822 2633 919 2698 posset
932 2644 970 2681 ex
984 2643 1027 2689 eo,
1047 2641 1103 2680 non
1115 2627 1194 2680 modo
1210 2642 1246 2680 an
1261 2625 1370 2681 obirent
1385 2620 1484 2706 (nota-
1496 2637 1608 2701 quasso

253 2708 410 2772 consilium
433 2707 615 2789 Hipparchi)
631 2722 854 2782 nascerenturre,
876 2718 925 2771 sed
939 2732 976 2770 an
990 2714 1097 2770 omnino
1112 2713 1208 2786 aliqua
1220 2715 1608 2779 transirentmorerenturre:

253 2799 322 2856 item
342 2799 380 2856 an
400 2805 558 2854 crescerent
581 2798 831 2868 minuerenturque,
853 2796 960 2851 ooelo'
953 2814 981 2850 m
1001 2796 1205 2852 haereditatem
1224 2797 1331 2853 cunetis
1350 2797 1468 2869 relicto,
1490 2800 1515 2856 si
1535 2802 1609 2875 quia

254 2907 348 2965 quam,
369 2888 416 2963 ι]ιι
436 2905 497 2943 eam
517 2888 653 2943 rationem
673 2894 795 2960 caperet,
816 2888 946 2943 inventus
967 2891 1052 2942 esset.
1084 2881 1203 2956 (Plinius
1223 2886 1273 2942 lib.
1290 2887 1317 2953 2,
1338 2904 1400 2959 cap.
1416 2883 1482 2978 26.)
1527 2880 1608 2963 Hip·

252 2969 385 3053 parchus
405 2968 508 3049 igitur,
531 2987 581 3049 qur
573 2966 652 3029 hoc
668 2967 792 3029 consilio
810 2966 886 3029 fixas
910 2965 1080 3047 descripsit,
1104 2974 1140 3027 ut
1157 2964 1286 3028 discerni
1304 2976 1420 3071 posset,
1435 2973 1474 3032 an
1489 2970 1608 3051 aliquae

251 3067 469 3133 nascerentur,
502 3058 580 3120 hanc
613 3074 684 3117 vero
712 3056 803 3137 juxta
833 3062 941 3136 pectus
965 3054 1064 3137 Cygni
1093 3053 1195 3117 omisit
1220 3074 1288 3119 cnm
1312 3056 1341 3117 in
1372 3059 1512 3141 catalogo
1544 3066 1631 3124 tum-

249 3149 332 3214 libro
348 3149 422 3212 11.·
414 3168 444 3211 ιι
467 3146 639 3220 Αιιιιιιι,’
632 3165 660 3207 ιι
681 3147 892 3217 σνιαιαιολαις
907 3169 954 3208 aas
967 3148 1217 3224 σιματαιισισιι
1242 3145 1312 3227 quid
1327 3145 1409 3209 aliud
1424 3148 1497 3230 agit,
1519 3168 1608 3232 quam

250 3246 287 3303 ut
308 3238 475 3300 vivarum
499 3255 564 3309 uos,
586 3233 693 3318 quibus
717 3236 834 3298 coelum
856 3236 887 3298 in
910 3234 1131 3298 haereditatem
1153 3234 1289 3316 reliquit,
1314 3238 1475 3317 compellat
1498 3233 1606 3302 admo·

250 3348 349 3392 nens:
369 3327 434 3408 jam
457 3328 580 3389 tandem
603 3333 675 3406 post
696 3332 744 3386 tot
765 3325 869 3388 secula
891 3342 1047 3405 apparere,
1063 3323 1151 3405 -quod
1174 3323 1239 3403 ipse
1262 3343 1319 3387 sna
1342 3335 1444 3388 aetate
1469 3327 1607 3392 dubitare

242 3424 412 3500 coeperat,
435 3415 553 3480 scilicet
576 3414 655 3495 qnod
678 3414 770 3476 etiam
793 3414 823 3476 in
847 3434 963 3477 summo
992 3412 1115 3476 aethere
1138 3431 1234 3476 novae
1258 3421 1297 3475 et.
1313 3413 1470 3479 diuturnas
1498 3417 1607 3480 stellae

244 3508 339 3573 'nasci
360 3506 488 3587 possint.
535 3505 582 3568 Ne
605 3522 678 3566 vero
704 3503 875 3579 existimes,
900 3502 1043 3567 Gallinae
1070 3502 1155 3566 sidus
1178 3502 1217 3565 ab
1240 3502 1413 3605 Hipparcho
1442 3506 1608 3571 oscitanter

250 3598 415 3662 lustratum
448 3603 480 3658 et
512 3593 713 3675 descriptum:
747 3612 783 3656 en
816 3594 872 3656 tibi
903 3594 997 3656 verba
1024 3612 1063 3654 ex
1095 3591 1171 3654 libro
1194 3590 1253 3655 L
1244 3612 1275 3655 rn
1297 3594 1445 3656 Aratum:
1479 3607 1605 3673 Rursum,

250 3685 359 3771 ιι(]ιιι,
381 3695 515 3762 Aratus
506 3714 536 3751 ιιι
556 3694 734 3767 sequentibus
755 3693 932 3769 ignoratione
953 3695 1073 3758 laborat,
1095 3708 1156 3747 curn
1176 3692 1210 3746 de
1232 3692 1347 3748 Gallina
1366 3694 1479 3751 scribit.

515 3792 619 3851 Ἀλλ’
604 3816 620 3850 o
638 3813 693 3868 μιν
701 3791 839 3882 ἡεροειςι
852 3813 886 3849 ra
904 3794 937 3850 de
955 3794 986 3849 οι
1001 3792 1226 3881 &nasamonas

515 3865 678 3942 Ἀσιρασινι
692 3862 738 3924 dtr
755 3870 816 3936 ιιην
832 3869 977 3939 μεγαλοις,
996 3861 1065 3937 ιιταρ
1084 3861 1102 3923 ιι
1118 3883 1173 3937 μιν
1191 3861 1340 3939 ἀφαιροις.

341 3984 438 4040 Habet
458 3982 529 4039 enim
542 3982 610 4038 Aris
631 3983 731 4038 stellas
751 3982 854 4037 multas
869 3987 900 4037 et
912 3981 1086 4053 splendidas:
1107 3996 1170 4035 eam
1190 3996 1256 4036 vero
1276 3995 1349 4053 quae
1362 3980 1391 4037 in
1404 3983 1502 4049 cauda,
1523 3981 1605 4039 raldo

252 4075 340 4132 etiam
360 4072 544 4146 splendidam,
566 4074 713 4148 aequalem
732 4072 859 4145 proxime
884 4070 1073 4142 splendidae
1065 4088 1093 4125 m
1111 4069 1197 4143 Lyra
1246 4060 1331 4124 Haeo
1362 4060 1414 4124 ibi.
1430 4055 1474 4137 ²¹)
1530 4060 1607 4126 Cum

253 4173 327 4218 vero
350 4152 581 4233 descriptionem
612 4150 853 4236 constellationis
884 4149 1000 4213 orditur
1029 4150 1068 4213 ab
1097 4149 1134 4212 ea
1160 4148 1256 4225 linea,
1289 4169 1364 4231 quas
1388 4171 1407 4212 a
1430 4160 1527 4215 rostro
1551 4169 1607 4233 per

251 4243 363 4310 bollum
391 4251 450 4306 ιι
455 4261 563 4323 ιιιριι
591 4240 694 4305 Oloris
725 4231 888 4323 porrigitur
910 4239 941 4301 ιι
970 4238 1117 4314 caudam,
1151 4247 1183 4301 st
1214 4238 1387 4319 singulae
1379 4259 1408 4303 ιι
1438 4240 1495 4303 hac
1527 4241 1605 4305 seris

251 4339 393 4398 ιιιιιιιι
424 4332 542 4403 ordine,
572 4338 681 4412 postea
704 4332 743 4394 ad
767 4331 834 4394 alas
857 4337 888 4392 et
911 4329 1039 4410 deniqne
1062 4329 1101 4391 ad
1128 4328 1223 4410 pedes
1251 4347 1432 4402 conversus,
1460 4339 1605 4413 tanquam

254 4423 294 4488 ab
315 4421 405 4503 hhjos
427 4419 603 4502 principalis
626 4421 724 4485 lineae
749 4419 895 4483 lateribus
918 4437 1033 4481 nexos:
1057 4418 1203 4500 quomodo
1223 4424 1358 4480 nostram
1373 4419 1450 4483 hano
1472 4422 1604 4491 stellam,

251 4513 283 4577 in
306 4512 413 4575 eadem
440 4510 503 4573 fere
533 4509 612 4572 linea
645 4510 807 4593 eodemque
840 4516 940 4573 tractu
973 4514 1194 4583 occurrentem,
1226 4507 1398 4589 prinsquam
1421 4530 1441 4571 a
1463 4511 1541 4573 collo
1565 4510 1605 4573 ad

251 4610 360 4688 pectus
382 4597 575 4682 pervenitur,
600 4600 694 4676 bano,
718 4600 859 4681 inquam,
889 4598 1036 4679 quomodo
1059 4596 1224 4679 praeterire
1251 4598 1365 4677 potuit,
1390 4595 1417 4662 si
1440 4619 1478 4662 ea
1500 4606 1604 4663 aetate

252 4690 333 4776 luit?
354 4690 439 4754 Nihil
461 4690 552 4772 plane
577 4697 633 4766 est,
658 4648 737 4772 qhod
760 4689 869 4752 saltem
892 4686 1096 4750 verisimiliter
1119 4685 1241 4749 obtendi
1263 4687 1370 4767 possit.

343 4778 486 4863 Sequitur
510 4780 622 4841 abacos
636 4778 812 4856 Ptolemaei,
836 4796 922 4860 quem
942 4777 980 4840 ab
1001 4775 1189 4858 Hipparcho
1197 4785 1353 4857 acceptum
1377 4776 1441 4860 ipse
1460 4776 1605 4857 repetiuit

251 4879 286 4935 et
307 4868 490 4934 nonnullis
481 4889 510 4932 sn
534 4869 609 4932 locis
632 4868 777 4939 correxit,
810 4868 917 4931 stellas
946 4865 1236 4929 convenientioribus
1269 4866 1450 4930 membris
1441 4867 1605 4946 imaginum
1655 4893 1660 4904 ·

252 4960 449 5042 aratoribus
471 4960 658 5021 inventarum
680 4978 837 5039 reponens.
877 4954 993 5027 Quodsi
1007 4955 1199 5037 Hipparchus
1222 4954 1388 5019 oscitans
1379 4976 1409 5018 ru
1433 4955 1490 5018 hac
1513 4957 1604 5020 stella

252 5049 320 5130 fnit,
345 5066 398 5115 cnr
421 5067 487 5112 eam
511 5049 704 5116 Ptolemaeus
726 5047 836 5125 omisit,
860 5066 912 5110 our
935 5046 1048 5111 nullam
1066 5046 1131 5127 ejus
1144 5044 1326 5109 mentionem
1348 5064 1403 5109 nec
1422 5045 1487 5128 ipse
1509 5046 1603 5110 iacit?
