3692 5842
760 507 817 543 cnm
834 491 933 543 Nnncio
953 491 1062 544 Siderea.
1527 498 1588 565 491

224 681 399 746 repugnare
421 663 561 746 vulgique
585 666 735 746 vituperia
757 687 866 748 susque
891 669 985 748 deque
1011 669 1113 730 serre?
1152 668 1212 739 Qui
1238 674 1316 751 quod
1335 674 1452 752 publice
1476 675 1590 749 scribit,

224 753 429 836 probrumque
453 754 479 815 si
503 757 581 834 quod
605 756 848 832 committeretur,
875 759 952 818 olam
977 760 1088 819 habere
1113 778 1300 838 nequaquam
1315 763 1439 840 posset?
1484 763 1590 843 Egone

225 851 262 904 nt
284 842 421 905 Patricio
444 844 618 905 Florentino
643 845 730 906 fidem
754 846 896 925 derogem
921 848 957 907 de
982 848 1018 907 iis
1043 867 1117 927 quae
1142 847 1243 909 vidit?
1283 851 1452 929 perspicaci
1477 852 1589 913 luscio-

226 932 308 994 sns?
332 932 538 995 instrumentis
573 934 742 995 ocularibus
776 935 922 996 instructo
956 936 1021 1013 ipse
1054 937 1150 997 nudus
1180 946 1211 997 et
1246 938 1284 998 ab
1317 940 1375 999 hac
1409 940 1589 1018 supellectili

228 1019 344 1101 inops?
389 1020 456 1101 Ego
480 1041 537 1083 non
562 1024 681 1083 credam
706 1042 809 1083 omnes
833 1024 871 1083 ad
905 1024 1010 1084 eadem
1044 1027 1219 1103 spectacula
1252 1027 1413 1103 invitanti,
1448 1037 1479 1089 et
1512 1031 1590 1110 quod

224 1113 321 1189 capnt
344 1118 401 1185 est,
422 1111 470 1171 vel
488 1111 585 1190 ipsum
608 1132 694 1173 snum
717 1112 953 1173 instrumentum
977 1114 1015 1173 ad
1036 1114 1203 1174 faciendam
1219 1116 1305 1175 fidem
1323 1118 1416 1178 oculis
1432 1118 1589 1180 offerenti?

315 1198 364 1260 An
389 1219 493 1280 parum
518 1200 575 1261 hoc
599 1201 704 1275 luerit,
730 1201 910 1280 Magnorum
935 1202 1096 1262 Hetruriae
1120 1202 1235 1263 Ducum
1261 1205 1408 1266 familiam
1444 1207 1587 1268 ludificari

224 1287 452 1369 Mediocumque
489 1307 596 1350 nomen
633 1290 784 1368 figmentis
822 1291 885 1350 suis
923 1291 1109 1369 praefigere,
1151 1292 1292 1369 planetas
1338 1294 1458 1355 interim
1499 1316 1587 1357 veros

224 1376 442 1456 pollicentem?

313 1463 395 1535 Quid
419 1466 497 1545 quod
520 1465 648 1544 propriis
673 1466 906 1545 experimentis,
939 1467 1016 1545 quod
1042 1473 1073 1526 et
1097 1467 1221 1529 aliorum
1246 1471 1532 1533 asseverationibus
1556 1472 1586 1549 in

224 1562 311 1634 parta
336 1555 403 1616 libri
428 1555 618 1633 deprehendo
643 1555 893 1616 veracissimum?
940 1554 1019 1625 Quid
1051 1574 1161 1616 causae
1195 1557 1254 1631 sit,
1290 1578 1343 1619 cur
1373 1560 1472 1619 solum
1505 1557 1585 1621 del

224 1643 354 1723 planetis
380 1643 578 1706 deludendum
602 1644 659 1704 sibi
683 1645 836 1723 putaverit
859 1645 985 1705 orbem?
1010 1645 1084 1703 Tres
1100 1654 1170 1706 sunt
1184 1665 1313 1719 menses,
1331 1667 1398 1708 curn
1416 1649 1584 1727 Augustis-

224 1732 315 1794 simns
337 1733 509 1812 Imperator
533 1752 622 1812 super
644 1733 749 1793 Lunae
772 1734 898 1794 maculis
922 1734 1007 1793 varia
1031 1752 1068 1792 ex
1092 1752 1137 1793 me
1163 1736 1321 1812 quaesivit,
1347 1737 1374 1795 in
1401 1757 1438 1797 ea
1462 1739 1578 1798 consti-

224 1829 304 1884 tutus
328 1822 476 1901 opinione,
501 1830 649 1883 terrarum
672 1831 704 1883 et
727 1822 940 1882 continentium
965 1822 1127 1882 simulacra
1150 1823 1179 1906 in
1204 1824 1291 1883 Luna
1319 1843 1373 1884 ceu
1399 1827 1427 1886 in
1456 1827 1578 1904 speculo

224 1911 477 1990 resplendescere.
523 1911 692 1988 Allegabat
724 1911 780 1971 hoc
813 1911 1019 1989 potissimum,
1052 1911 1110 1971 sibi
1143 1912 1237 1973 videri
1270 1933 1446 1991 expressam
1470 1915 1578 1976 ltaliae

224 2017 286 2061 tum
310 1999 427 2061 duabus
452 2000 660 2079 adjacentibus
684 2000 789 2060 insulis
815 1999 954 2076 elligiem.
1008 1998 1171 2077 Specillum
1187 2000 1279 2061 etiam
1303 2022 1391 2064 suum·
1411 2004 1449 2063 ad
1474 2004 1578 2065 eadem

224 2089 452 2169 contemplanda
483 2088 629 2149 offerebat
651 2090 680 2148 in
704 2088 769 2149 dios
794 2097 964 2167 sequentes,
991 2089 1069 2167 quod
1092 2090 1234 2150 omissum
1258 2098 1358 2150 tamen
1384 2100 1440 2153 est.
1488 2093 1576 2153 Adeo

224 2177 328 2239 eodem
345 2178 489 2255 tempore,
511 2175 659 2252 Galilaea,
681 2175 794 2238 Christi
808 2177 929 2238 Domini
953 2179 1083 2255 patriam
1106 2178 1252 2238 vocabulo
1276 2181 1459 2257 praeferens,
1486 2180 1576 2242 Chri-

224 2265 312 2328 atiani
336 2267 418 2328 orbis
440 2266 637 2327 Monarcham
662 2267 810 2343 (ejusdem
834 2266 987 2346 irrequieti
1010 2267 1134 2346 spiritus
1159 2268 1321 2340 instinctu,
1355 2270 1404 2348 qui
1438 2279 1575 2331 naturam

224 2354 372 2418 lotectum
395 2355 474 2429 ibat)
499 2355 614 2416 deliciis
638 2357 697 2416 tuis
722 2356 890 2416 aemulatus
914 2374 957 2415 es.

307 2442 371 2506 Sed
394 2453 425 2506 et
449 2444 659 2524 antiquissima
682 2454 731 2505 est
753 2445 826 2504 haec
851 2445 887 2504 de
912 2444 1037 2504 maculis
1065 2445 1164 2505 Lunae
1189 2445 1334 2519 narratio,
1362 2446 1439 2506 fulta
1464 2454 1572 2509 aucto-

224 2533 310 2596 itate
334 2533 526 2615 Pythagorae
551 2542 582 2594 et
605 2533 758 2594 Plutarchi
782 2533 888 2594 summi
923 2532 1109 2611 philosophi,
1149 2536 1272 2613 etqui,
1303 2535 1330 2594 si
1353 2533 1409 2595 hoc
1444 2537 1480 2596 ad
1512 2556 1575 2598 rem

224 2622 300 2696 acic,
326 2622 533 2702 proconsulari
564 2623 686 2701 imperio
710 2622 834 2702 Epirum
868 2621 964 2683 tenuit
987 2623 1042 2682 sub
1072 2621 1265 2685 Caesaribus.
1311 2625 1355 2685 Ut
1378 2625 1573 2695 lllaestlinum

224 2711 352 2791 adeoque
377 2719 410 2772 et
432 2731 500 2773 mea
524 2708 635 2789 Optica
667 2720 737 2772 ante
771 2731 865 2772 annos
890 2707 909 2772 6
930 2710 1011 2770 edita
1034 2722 1223 2789 praeteream
1252 2713 1341 2792 inque
1365 2732 1451 2775 suum
1476 2715 1573 2776 locum

225 2799 342 2863 userius
365 2801 511 2862 differam.

305 2889 392 2951 Haec
416 2889 509 2968 igitur
532 2908 598 2950 cum
623 2889 880 2950 consentientibus
904 2887 1085 2949 testimoniis
1118 2888 1209 2949 etiarn
1238 2889 1289 2950 alii
1314 2891 1350 2950 de
1375 2891 1479 2952 Lunae
1503 2910 1572 2953 cor-

224 2996 287 3040 rore
303 2986 491 3052 asseverent,
517 2986 721 3041 consentanea
745 2979 790 3052 iis,
816 2998 891 3057 quae
908 2985 942 3037 tu
966 2978 1002 3036 de
1027 2978 1132 3037 eodem
1148 2978 1235 3055 longe
1250 2979 1467 3041 dilucidissime
1481 2982 1571 3041 affers

224 3067 444 3148 experimenta:
478 3076 594 3129 tanturn
627 3068 715 3128 abest
741 3075 775 3128 ut
797 3067 883 3127 lidern
909 3066 964 3127 tibi
988 3065 1017 3125 in
1047 3065 1159 3145 reliquo
1183 3067 1260 3128 libro
1284 3076 1315 3128 et
1339 3069 1375 3130 de
1399 3066 1420 3130 4
1445 3070 1571 3131 circum·
1631 3141 1634 3145 „

224 3155 387 3219 lovialibus
420 3156 552 3237 planetis
590 3157 750 3235 derogem,
784 3165 817 3217 ut
844 3156 945 3235 potius
969 3162 1086 3231 optem,
1119 3155 1190 3215 mihi
1222 3157 1251 3216 in
1286 3166 1393 3234 parato
1413 3160 1478 3238 jam
1504 3179 1571 3220 esse

224 3246 428 3327 terspicillum
453 3264 510 3325 quo
535 3253 565 3306 te
589 3246 618 3306 in
635 3246 893 3324 deprehendendis
908 3243 1230 3305 circum-Martialibus
1251 3248 1298 3318 (ut
1321 3247 1393 3307 mihi
1418 3250 1570 3327 proportio

224 3333 335 3396 idetur
367 3334 534 3414 requirere)
569 3334 701 3408 duobus,
735 3343 767 3394 et
798 3331 1079 3395 circum-Saturniis
1104 3330 1124 3395 6
1147 3330 1240 3395 vel8
1269 3343 1478 3414 praevertam,
1511 3358 1569 3399 uno

224 3423 317 3486 'ornan
353 3433 385 3485 et
408 3424 505 3485 altero
530 3424 806 3484 circum-Venerio
838 3431 869 3483 et
902 3421 1223 3483 circum-Mercuriali
1256 3443 1423 3485 accessura.
1471 3424 1570 3495 Quam

224 3512 252 3574 ul
275 3520 464 3586 venaturam,
490 3514 568 3593 quod
593 3514 721 3573 Martem
746 3513 871 3586 attinet,
894 3520 1013 3589 tempus
1037 3511 1095 3570 erit
1119 3512 1246 3572 maximo
1272 3513 1409 3575 idoneum
1436 3513 1570 3575 October
1622 3585 1626 3598 1

224 3611 369 3677 ’entnrus,
395 3602 444 3682 qni
459 3603 590 3663 Martem
606 3603 634 3661 in
651 3602 789 3680 opposito
805 3600 886 3662 Solis
902 3601 1033 3670 exhibet,
1057 3600 1158 3661 Terris
1183 3603 1405 3681 (praeterquam
1422 3624 1448 3663 a.
1469 3599 1569 3676 1608)

224 3692 346 3753 amnium
370 3692 548 3770 proximum,
572 3710 670 3752 errore
695 3691 800 3751 calculi
825 3689 844 3753 3
870 3691 997 3768 amplius
1021 3690 1174 3767 graduum.

302 3782 371 3860 Age
395 3779 487 3858 igitur
509 3789 544 3841 ut
567 3781 603 3840 de
628 3779 716 3840 rebus
750 3779 926 3840 certissimis
960 3778 1092 3858 meisque
1125 3780 1229 3853 oculis,
1254 3788 1287 3840 nt
1318 3778 1436 3839 omnino
1468 3798 1566 3858 spero,

224 3869 351 3932 idendis
375 3877 474 3930 tecum
498 3868 638 3930 Galilaea
663 3888 829 3930 sermonem
863 3871 1033 3942 confera1n;
1067 3869 1110 3929 tui
1144 3870 1262 3947 quidem
1294 3868 1362 3930 libri
1394 3868 1566 3930 methodum

224 3968 380 4033 scotoma,
407 3946 511 4019 omnes
536 3978 606 4020 vero
630 3958 838 4036 philosophiae
870 3967 991 4037 partes,
1027 3976 1103 4036 quae
1136 3959 1184 4019 vel
1217 3979 1255 4019 ex
1286 3958 1342 4019 hoc
1376 3965 1427 4018 tuo
1460 3958 1567 4019 nuncio

225 4049 327 4111 ninam
352 4047 503 4109 minantur
527 4050 573 4109 rel
605 4048 815 4108 confirmantur
838 4049 887 4108 vel
918 4046 1115 4125 explicantur,
1139 4048 1229 4127 juxta
1260 4056 1500 4129 pervagaturus:
1534 4056 1568 4108 ut

224 4138 283 4201 vihil
309 4138 442 4217 supersit
466 4138 545 4218 quod
568 4137 711 4198 lectorem
736 4135 943 4215 philosophiae
968 4136 1101 4197 deditum
1129 4157 1306 4216 suspensum
1336 4145 1441 4198 teneat
1463 4144 1495 4197 et
1518 4137 1565 4196 vel

224 4227 310 4290 .tide
335 4227 391 4288 tibi
414 4227 600 4306 perhibenda
623 4227 783 4306 prohibeat
806 4227 854 4287 vel
878 4226 916 4286 ad
940 4226 1204 4303 contemnendam,
1230 4247 1306 4308 quae
1329 4227 1475 4288 hactenus
1500 4235 1566 4286 erat

224 4335 239 4380 n
262 4317 373 4398 pretio,
398 4316 619 4395 philosophiam
642 4316 786 4394 impellat.
1263 4317 1270 4325 “

297 4406 431 4468 Primum
456 4405 549 4466 libelli
573 4405 615 4465 tui
640 4413 730 4484 caput
754 4406 783 4464 in
810 4403 924 4464 fabrica
947 4403 1111 4483 perspicilli
1136 4411 1291 4478 versatur,
1316 4411 1421 4466 tantae
1445 4401 1563 4483 quidem

224 4495 385 4568 ¹fficaciae,
417 4502 450 4555 ut
473 4513 536 4555 rem
559 4495 710 4573 spectanti
734 4494 842 4555 millies
868 4493 1010 4554 exhibeat
1033 4493 1139 4570 majori
1163 4493 1305 4571 planitie,
1332 4494 1410 4575 quod
1434 4500 1496 4553 tum
1520 4493 1561 4564 fit,

225 4584 402 4648 idianreter
430 4583 532 4644 tricies
558 4584 604 4644 bis
628 4592 871 4663 repraesentetur
893 4582 1018 4662 longior.
1059 4581 1176 4652 Quodsi
1198 4584 1328 4645 facultas
1355 4580 1564 4644 aestimatoria

224 4681 310 4737 tanet
332 4674 362 4735 in
386 4672 540 4734 sententia
569 4682 730 4735 consuetae
753 4671 982 4751 magnitudinis,
1011 4691 1134 4733 necesse
1160 4680 1208 4732 est
1230 4672 1258 4732 ei
1284 4680 1354 4733 tunc
1382 4691 1444 4734 rem
1467 4670 1563 4732 videri

224 4762 310 4826 rioies
333 4762 380 4823 bis
404 4762 586 4841 propiorem.
633 4761 820 4823 Distantiam
844 4762 921 4822 enim
946 4761 1048 4822 oculus
1071 4780 1129 4821 non
1153 4761 1256 4832 videt,
1286 4761 1340 4822 sed
1364 4761 1505 4841 conjicit,
1530 4767 1563 4820 ut

224 4859 316 4916 orent
339 4848 442 4931 optici.
490 4851 539 4912 Da
571 4851 649 4913 enim
681 4850 830 4912 hominem
862 4849 991 4928 aliquem
1023 4851 1131 4910 abesse
1162 4848 1249 4913 3200
1273 4850 1433 4929 passibus,
1467 4849 1562 4910 videri

226 4945 277 5004 cro
301 4940 357 5004 sub
381 4939 493 5020 angulo
518 4936 560 5003 32
584 4941 705 5021 majori,
731 4956 819 5021 quarn
842 4938 961 4999 videtur
984 4937 1061 5000 alius
1085 4940 1150 5000 sine
1173 4938 1346 5018 perspicillo
1374 4937 1435 5002 100
1458 4938 1561 5019 passi-

225 5045 261 5092 on
291 5029 423 5093 absens:
457 5047 524 5093 enm
547 5037 663 5095 certum
694 5029 807 5093 habeat
839 5028 962 5102 oculus,
995 5026 1145 5091 hominem
1168 5027 1254 5090 illum
1277 5034 1423 5090 remotum
1447 5027 1559 5091 habere
