3692 5842
3092 455 3219 524 251

482 3238 620 3283 vero
667 3217 934 3299 genuina
982 3221 1079 3278 est
1124 3208 1431 3273 successio
1479 3210 1803 3273 radiorum.
1897 3214 2255 3277 Intersectis
2304 3218 2462 3280 enim
2509 3220 2571 3282 in
2619 3240 2734 3283 axe
2783 3230 2848 3286 et
2893 3222 3210 3303 dispersis,

479 3308 575 3391 qui
621 3306 793 3389 prius
841 3306 1094 3368 limitem
1141 3300 1604 3362 efformaverant
1650 3300 1708 3361 in
1757 3325 1816 3374 α,
1865 3302 1923 3379 β,
1971 3326 2019 3381 γ,
2067 3309 2104 3365 δ
2149 3305 2519 3381 exteriores,
2581 3312 2915 3376 succedunt
2967 3332 3210 3394 semper

480 3396 805 3461 interiores
860 3394 920 3457 in
968 3417 1015 3468 s,
1065 3389 1114 3465 ζ,
1163 3411 1215 3466 η,
1263 3392 1336 3450 θ.
1430 3387 1608 3458 Quod
1672 3390 1725 3452 si
1791 3409 1975 3452 conus
2041 3392 2158 3455 iste
2218 3395 2622 3459 radiationum
2686 3400 3091 3464 refractarum
3147 3413 3214 3466 et

477 3506 616 3549 sese
665 3482 1166 3547 intersecantium
1211 3479 1451 3555 integer
1496 3478 1863 3542 consisteret
1910 3479 1967 3542 in
2017 3487 2179 3557 aere,
2229 3491 2372 3548 tunc
2418 3486 2668 3564 figuram
2714 3499 3206 3567 repraesentaret

476 3582 836 3656 generatam
884 3592 959 3634 ex
1005 3589 1168 3644 arcu,
1217 3566 1625 3630 circumducto
1673 3568 1868 3631 altero
1915 3570 2170 3632 termino
2217 3572 2616 3649 circulariter,
2680 3584 2961 3638 manente
3008 3578 3207 3642 altero

479 3665 538 3728 in
586 3662 869 3738 sublimi,
937 3679 1081 3724 arcu
1125 3656 1285 3718 intro
1352 3667 1674 3738 vergente;
1739 3676 1926 3719 conus
1993 3679 2202 3740 nempe
2269 3662 2515 3741 gracilis
2575 3672 2744 3728 esset
2789 3663 2848 3725 in
2897 3666 3095 3729 medio
3144 3677 3210 3730 et

477 3753 657 3815 valde
726 3759 961 3813 acutus.
1072 3746 1193 3811 Ubi
1275 3763 1541 3829 papyrus
1605 3748 1680 3807 ad
1744 3765 1992 3809 acumen
2062 3750 2296 3812 venerit
2360 3752 2493 3814 coni
2552 3767 2642 3834 ψ,
2712 3753 3045 3820 fortissima
3106 3766 3204 3820 est

477 3840 843 3915 illustratio,
910 3839 1066 3901 adeo
1113 3844 1180 3899 ut
1224 3835 1531 3914 pulverem
1594 3833 1829 3917 pyrium
1896 3836 2118 3917 frigida
2164 3858 2324 3919 aqua
2389 3840 2670 3904 incendat
2716 3840 2861 3905 Sole
2910 3845 3204 3909 fervente.

476 3931 638 3994 Nam
683 3948 796 4014 per
850 3925 953 3991 15.
1008 3924 1407 4008 praemissam
1453 3924 1539 3986 ibi
1584 3942 1700 3985 non
1770 3925 2009 4004 quidem
2074 3928 2371 4004 omnium,
2439 3931 2548 3992 sed
2611 3930 2930 3994 multorum
3001 3944 3205 3996 tamen

474 4018 782 4082 radiorum
843 4014 1201 4079 inter-sectio
1265 4013 1333 4076 fit
1392 4014 1451 4075 in
1519 4021 1728 4076 centro
1794 4032 1952 4078 uno:
2021 4016 2234 4096 reliqui
2287 4040 2338 4092 τ,
2388 4040 2454 4096 φ,
2499 4044 2554 4102 χ,
2602 4042 2640 4082 ν
2694 4020 2822 4101 jam
2891 4021 3206 4087 intersecti

478 4116 857 4189 sparguntur
901 4104 1084 4174 circa,
1133 4111 1195 4165 et
1241 4102 1443 4165 radios
1489 4103 1783 4183 quosdam
1827 4102 1886 4164 in
1934 4122 2111 4166 unum
2169 4114 2439 4169 centrum
2485 4109 2805 4171 tendentes
2870 4112 3204 4174 efformant.

474 4196 721 4280 Papyro
767 4195 934 4258 ultra
977 4193 1297 4255 terminum
1344 4190 1621 4255 ultimum
1665 4205 1721 4271 ψ
1766 4201 2028 4266 remota,
2096 4195 2375 4259 vanescit
2436 4198 2627 4277 figura
2674 4197 2942 4277 penitus,
3012 4200 3203 4262 inter-

474 4286 667 4348 sectis
714 4283 905 4347 radiis
952 4282 1246 4344 omnibus.
1336 4279 1493 4341 Hinc
1542 4280 1931 4361 intelligitur,
2000 4289 2230 4361 quanta
2275 4283 2358 4345 sit
2407 4286 2496 4346 vis
2553 4283 2916 4348 incensionis
2982 4286 3200 4362 futura,

474 4373 525 4438 si
572 4382 801 4437 coeant
845 4391 1056 4433 omnes
1102 4367 1277 4444 radii,
1325 4369 1422 4450 qui
1470 4369 1727 4432 transire
1777 4370 2024 4449 globum
2068 4380 2348 4450 possunt.

647 4459 1083 4542 propositio
1127 4459 1272 4521 XX.
1365 4459 1505 4521 Per
1551 4459 1845 4539 globum
1892 4458 2263 4522 densioris
2321 4460 2536 4524 medii
2581 4468 2929 4541 punctum
2977 4461 3199 4541 quod-

475 4550 694 4626 libet,
757 4548 1119 4614 remotius
1165 4548 1852 4611 intersectionibns
1918 4549 2484 4628 parallelorum,
2534 4549 2775 4630 pingit
2820 4567 2989 4609 sese
3039 4549 3200 4612 for-

475 4639 654 4705 titer
719 4657 940 4721 super
1002 4655 1285 4719 papyro
1351 4638 1729 4700 collocata
1792 4636 1860 4698 in
1923 4638 2236 4700 termino
2301 4638 2557 4701 ultimo
2625 4637 3201 4701 intersectionis

474 4749 773 4794 suarum
836 4726 1374 4790 radiationum:
1443 4746 1578 4789 non
1628 4733 1828 4800 ante,
1896 4744 2031 4787 nou
2079 4734 2254 4808 post
2310 4727 2441 4790 hoc
2505 4736 2880 4808 punctum,
2931 4734 3003 4787 et
3047 4726 3198 4806 pic-

475 4826 645 4883 tura
706 4837 798 4881 ex
860 4813 1200 4879 omnibus
1264 4823 1634 4878 constans
1701 4815 1998 4896 punctis
2065 4834 2336 4877 eversa
2398 4825 2813 4896 spectatur.
2909 4811 3085 4888 Quod
3133 4831 3199 4874 se

481 4906 718 4973 fortiter
764 4904 1078 4987 depingat,
1126 4923 1312 4966 causa
1351 4914 1468 4980 est,
1520 4905 1660 4986 quia
1700 4903 1918 4983 globus
1946 4905 2170 4967 multos
2217 4903 2421 4967 radios
2464 4903 2946 4986 perpendiculari
2989 4901 3199 4985 proxi-

485 5014 606 5061 mos
652 5018 692 5060 a
737 5002 964 5077 puncto
1025 4994 1337 5075 profectos
1384 4993 1445 5056 in
1492 5013 1672 5057 unum
1718 5001 2005 5074 punctum
2070 4990 2302 5071 colligit
2348 5011 2456 5073 per
2513 5013 2700 5071 snpra
2761 4993 3196 5055 demonstrata.
