3692 5842
818 481 900 546 Caput
916 481 1032 536 xxvnt.
1535 488 1600 556 725

245 659 359 722 stellae
382 660 455 722 nihil
480 661 600 739 penitus
623 660 799 730 audiebant,
825 661 943 721 occulto
971 656 1116 720 instinctu
1139 678 1212 721 snae
1242 669 1368 724 naturae
1392 664 1487 745 (quod
1510 667 1600 730 eain

246 768 358 832 novam
396 750 515 811 stellam
553 748 750 833 respiciebat)
781 748 818 809 ad
851 746 1029 809 noratioues
1067 748 1159 810 fuisse
1194 750 1355 830 proclives.
1407 753 1510 834 Atque
1541 756 1600 820 etsi

245 857 347 900 rerum
370 838 556 918 publicarum
581 849 689 914 motus,
715 837 793 917 quod
816 856 925 898 causas
940 844 972 897 et
984 836 1090 899 modos
1113 845 1288 920 ceterasque
1302 860 1400 905 rerum
1418 842 1601 923 singularum

247 926 496 990 circumstantias
520 926 640 1002 attinet,
665 946 702 988 ex
723 927 806 988 coelo
826 945 883 987 non
907 933 988 999 sunt,
1013 925 1084 988 nihil
1105 933 1204 989 tanuen
1228 928 1499 1008 impeditoredere,
1523 936 1602 1015 quod

245 1015 310 1078 bi
302 1016 361 1095 ipsi
380 1016 446 1096 jam
472 1016 544 1079 dicti
573 1024 671 1078 motus
695 1033 748 1094 per
769 1014 971 1094 Hungariam,
996 1014 1168 1088 Αιιιιιὶιιιι,
1192 1017 1376 1089 Moraviam,
1400 1020 1598 1099 Britanniam,

245 1113 279 1166 et
309 1124 386 1186 quae
420 1105 570 1167 atrociora
595 1125 655 1184 per
682 1104 859 1179 Lirouinm,
883 1103 1087 1178 Moscoriam,
1112 1105 1269 1181 Turciam,
1293 1107 1449 1184 Persiaur,
1470 1111 1598 1189 Indiam,

244 1194 384 1274 adeoquo
408 1204 440 1255 et
457 1194 585 1274 propius
607 1212 662 1255 nos
686 1193 716 1255 in
740 1195 850 1255 ducatu
873 1192 1088 1254 Brnusvicensi
1115 1194 1320 1274 contigerunt,
1346 1216 1479 1279 quaeque
1502 1201 1599 1264 adbuc

244 1282 381 1362 gliscunt
402 1301 456 1362 per
481 1280 611 1356 Gallias,
635 1282 822 1362 omniumque
846 1282 974 1344 maxime
997 1301 1051 1361 per
1073 1283 1195 1345 Italiam
1220 1285 1248 1344 iu
1272 1286 1394 1364 negotio
1414 1288 1543 1363 Veneto,
1567 1299 1599 1353 ot

245 1387 326 1452 quas
352 1371 419 1451 jam
450 1380 520 1433 sunt
549 1371 580 1432 in
613 1371 679 1433 acie
711 1371 876 1434 novaculae
914 1390 969 1450 per
996 1370 1169 1446 Poloniam,
1200 1372 1410 1451 Lithuaniam,
1444 1376 1598 1455 Rosciam,

240 1477 374 1539 magnos
398 1480 436 1521 ex
458 1460 545 1523 bac
538 1478 605 1539 rpsa
627 1461 720 1524 stella
743 1461 881 1522 stimulos
912 1460 1103 1540 acceperint:
1136 1481 1230 1541 usque
1254 1464 1329 1526 adeo
1359 1474 1468 1528 cuncta
1489 1490 1597 1576 raucae

244 1544 365 1630 ριζωια
388 1550 563 1631 experimur

337 1636 418 1702 Sunt
440 1639 489 1718 qui
513 1638 587 1700 haec
610 1646 773 1699 extenuent
795 1657 851 1700 nec
874 1639 966 1717 digua
994 1638 1109 1711 dicant,
1141 1639 1171 1700 in
1194 1658 1271 1718 quae
1299 1640 1479 1721 significatio
1502 1663 1600 1708 novae

243 1727 358 1790 stellae
381 1727 536 1803 trabatur3
562 1746 628 1789 cum
651 1726 802 1788 atrociora
825 1727 1006 1806 contigerint
1029 1727 1253 1808 oli1n‚quaudo
1277 1749 1372 1811 usque
1396 1750 1476 1794 nova
1498 1734 1600 1798 sidera

246 1817 390 1880 fulserint
412 1835 508 1898 nequo
531 1816 654 1879 comitia
675 1816 864 1895 planetarum
888 1816 1072 1894 superiorum
1100 1816 1220 1879 fuerint.
1267 1818 1333 1898 Ego
1357 1839 1427 1886 uero
1450 1822 1524 1899 Jam-
1541 1842 1598 1886 uon

244 1906 381 1986 disputo,
406 1905 452 1968 cui
477 1906 519 1968 rei
543 1924 672 1968 accensa
695 1906 738 1965 sit
759 1905 850 1966 stella
873 1903 940 1976 (fiet
962 1904 991 1965 id
1014 1909 1152 1983 postea),
1183 1907 1237 1969 sed
1269 1906 1340 1988 quid
1370 1911 1548 1973 naturaliter
1571 1912 1599 1974 iu

246 2003 391 2057 naturam
414 1995 605 2070 sublunarem
625 2013 663 2055 ex
678 2013 771 2055 norae
795 1994 903 2055 stellae
928 1993 1054 2055 fclsione
1075 1993 1158 2074 sequi
1184 1996 1225 2058 sit
1239 2005 1482 2073 cousentaneum,
1507 1999 1598 2063 etiam

244 2085 315 2148 siue
339 2102 485 2163 expressa
508 2103 602 2144 novae
623 2083 728 2146 stellae
749 2082 866 2143 notitia.
905 2079 963 2165 Qui
985 2100 1054 2142 vero
1071 2083 1186 2144 minora
1208 2083 1283 2145 haec
1307 2085 1492 2163 existimant,
1511 2108 1599 2168 quarn

244 2183 280 2236 ut
300 2173 330 2236 in
351 2172 388 2234 iis
409 2191 572 2252 agnoscere
596 2172 714 2254 possint
736 2172 883 2232 occultam
900 2171 1050 2251 quandam
1073 2171 1348 2236 exstimulatiouem
1362 2175 1478 2239 ardoris
1500 2177 1599 2242 homi-

244 2282 329 2335 num,
354 2280 414 2324 non
437 2281 513 2341 quae
538 2261 663 2325 consilio
683 2261 724 2321 sit
747 2270 887 2339 suscepta
910 2268 1033 2339 propter
1056 2260 1177 2340 objecta
1199 2262 1288 2324 obvia
1313 2272 1345 2324 et
1367 2275 1521 2340 consucta,
1545 2269 1600 2330 sed

245 2370 326 2431 qnae
351 2351 390 2413 ab
414 2350 553 2412 interiore
578 2352 679 2431 aliqua
702 2359 875 2410 naturarum
900 2350 1066 2412 acerbitate
1089 2351 1182 2412 fluat:
1207 2349 1242 2411 iis
1257 2369 1313 2431 ego
1332 2352 1376 2415 sio
1398 2355 1600 2432 sentientibus

245 2441 327 2502 idem
352 2439 489 2502 accidere
517 2449 606 2520 puto,
638 2439 716 2518 quod
739 2438 768 2500 in
799 2438 908 2499 nebula
941 2438 1181 2513 ambulantibus,
1217 2448 1250 2502 ut
1277 2442 1452 2522 quantisper
1482 2444 1540 2523 ipsi
1564 2464 1598 2507 se

244 2537 352 2593 mutuo
375 2527 582 2609 conspiciunt,
611 2537 729 2590 tantam
752 2527 878 2588 nebulae
907 2527 1155 2604 crassitudinem,
1189 2547 1248 2608 qna
1271 2530 1509 2607 circumdantur,
1540 2551 1600 2596 uon

244 2619 432 2693 aestimeut;
456 2618 504 2679 ubi
527 2637 599 2680 vero
621 2618 761 2678 nebulam
784 2616 897 2677 eminus
921 2618 1132 2697 conspexerint
1154 2617 1212 2697 ipsi
1237 2619 1265 2680 in
1285 2621 1359 2682 sudo
1382 2629 1510 2696 stantes,
1536 2630 1599 2684 turn

243 2709 368 2770 demum
392 2706 574 2769 densitatem
595 2707 659 2784 ejus
680 2707 781 2767 oculos
805 2705 983 2767 subeuntem
1006 2706 1200 2769 admirantur.
1238 2706 1291 2771 Sic
1308 2709 1414 2772 turbas
1437 2710 1597 2774 hodiernos

244 2805 413 2860 ιιιιιιιιιιιι
436 2796 485 2875 qui
508 2797 618 2858 velint:
642 2803 755 2857 certum
779 2802 840 2867 ast,
865 2794 913 2855 nbi
938 2800 1056 2875 tempus
1079 2796 1200 2875 aliquod
1226 2798 1419 2877 praeterierit
1441 2800 1598 2881 omniaque
1683 2855 1687 2862 .

244 2906 325 2967 quae
340 2886 429 2948 bodie
444 2894 586 2965 geruntur
609 2883 719 2945 fuerint
738 2891 895 2957 annotata,
920 2884 1048 2947 lectores
1067 2884 1111 2947 sio
1130 2885 1328 2963 judicaturos,
1353 2888 1471 2954 omnino
1486 2891 1599 2953 tumul-

244 2985 338 3039 tuosa
362 2975 454 3037 luisse
478 2974 540 3037 ista
561 2982 699 3052 tempora
721 2991 792 3053 prae
816 2973 936 3035 ceteris.

338 3065 430 3127 Anno
455 3063 572 3142 quidem
599 3060 700 3135 1572,
725 3069 885 3142 postquam
909 3059 1023 3123 affulsit
1046 3060 1099 3122 illa
1122 3058 1317 3142 Cassiopeiae
1341 3066 1447 3140 stella,
1479 3067 1599 3146 quietae

244 3161 335 3217 erant
359 3151 572 3233 utplurimum
595 3150 766 3232 provinciae
794 3149 920 3212 ceteris:
946 3158 979 3211 at
1001 3149 1030 3210 iu
1054 3150 1161 3228 Belgio
1184 3160 1217 3212 et
1236 3150 1347 3214 Galliis
1371 3173 1437 3216 cum
1459 3155 1540 3218 circa
1563 3176 1601 3218 ea

244 3253 388 3325 tempora
421 3259 470 3303 res
502 3241 641 3320 turbatae
675 3246 792 3311 esseut,
828 3248 914 3299 tanta
941 3258 979 3300 ex
1010 3257 1046 3298 co
1078 3257 1157 3300 anno
1189 3241 1348 3303 commotio
1377 3242 1414 3304 de
1444 3262 1522 3306 novo
1552 3253 1601 3310 est

240 3345 366 3409 secuta,
390 3351 449 3394 nou
465 3350 522 3393 uuo
541 3315 681 3411 quidem
674 3333 744 3402 rc'tu,
760 3327 814 3388 sed
829 3346 882 3407 per
898 3328 1017 3405 longam
1031 3327 1134 3399 telam,
1154 3337 1187 3389 ut
1200 3336 1284 3391 totae
1304 3330 1438 3393 illustres
1457 3332 1598 3408 familias,

244 3433 332 3514 totae
357 3420 544 3502 respublicae
572 3425 778 3479 everterentur
807 3417 938 3477 funditus
969 3433 1122 3517 novaeque
1151 3418 1356 3482 exorirentur:
1386 3440 1508 3524 quarum
1531 3430 1598 3485 tur-

244 3499 352 3576 b'arum
375 3511 504 3573 nondum
536 3508 612 3582 linis,
636 3526 701 3567 cum
720 3506 783 3586 jam
808 3502 980 3584 paucissimi
999 3503 1162 3607 supersint,
1187 3507 1237 3587 qui
1261 3507 1366 3586 primis
1388 3508 1482 3572 initiis
1502 3511 1598 3574 intor-

244 3601 350 3674 t'uere3
383 3598 516 3700 utrisque
545 3596 674 3677 partium
706 3594 836 3675 pessime
866 3592 1017 3666 multatis,
1051 3592 1087 3655 iis
1111 3593 1221 3671 etiam,
1253 3597 1304 3676 qui
1326 3606 1442 3664 mature
1466 3618 1500 3662 so
1524 3602 1597 3680 tuga

244 3687 493 3766 subtraxernut'
486 3705 572 3766 mque
597 3683 664 3746 aliis
688 3683 856 3763 regionibus
880 3682 1088 3756 consederunt,
1113 3682 1226 3746 invidia
1253 3686 1418 3749 incolarum
1441 3696 1473 3749 et
1495 3687 1608 3769 inopia

245 3779 359 3842 misero
383 3776 518 3838 vexatis·
560 3772 628 3845 Qua
651 3773 736 3834 unius
760 3772 889 3852 exempli
918 3771 1088 3834 inductione
1113 3771 1181 3833 sivo
1209 3774 1284 3836 bene
1317 3786 1508 3856 argumenter
1531 3779 1596 3840 sive

245 3867 393 3941 futiliter,
418 3865 493 3928 illud
515 3872 596 3925 certe
620 3882 708 3924 uuum
732 3862 808 3924 citra
831 3862 970 3924 damnum
995 3860 1098 3935 int'ero,
1123 3861 1263 3926 arbitrari
1287 3884 1343 3941 me,
1372 3884 1471 3928 rerum
1496 3866 1598 3947 publi·

246 3975 353 4020 carum
380 3954 585 4017 moderatores
616 3952 757 4031 ipsosque
787 3952 861 4013 adeo
885 3950 1066 4012 Monarchas
1097 3951 1205 4013 debere
1234 3954 1335 4017 oculos
1369 3954 1543 4036 animosque
1566 3956 1597 4018 in

246 4047 306 4110 hoo
331 4043 501 4145 exemplum
531 4041 664 4108 intentos
697 4040 807 4102 habere
840 4040 1057 4120 diligenterque
1089 4029 1272 4119 providere,'
1293 4063 1330 4106 ne
1358 4043 1454 4123 major
1476 4046 1533 4108 lide
1556 4044 1599 4108 sit

247 4133 396 4200 hodierna
417 4130 623 4196 universitatis
647 4130 797 4191 homiuum
820 4128 1031 4202 exaombati03
1059 4148 1135 4191 neve
1158 4131 1249 4194 etiam
1275 4152 1352 4195 nunc
1375 4134 1491 4196 semina
1509 4134 1597 4237 jacta

245 4225 313 4289 sint
344 4220 585 4303 longissimarum
617 4218 822 4281 calamitatum
854 4229 915 4279 tam
948 4217 1027 4279 intra
1048 4216 1250 4288 ¹Germaniam
1285 4240 1374 4302 quam
1405 4222 1436 4285 in
1469 4223 1597 4298 vicinia;

247 4331 393 4388 nereca,
417 4310 465 4372 ubi
485 4310 572 4390 jacta
586 4308 679 4369 videri
704 4313 840 4387 possunt,
866 4306 1051 4386 negligentia
1065 4314 1097 4368 et
1111 4309 1222 4371 minimi
1246 4311 1358 4373 laboris
1381 4311 1595 4374 incommodius

247 4401 470 4468 detrectatione
503 4398 624 4460 tandem
656 4398 832 4458 adolescant
856 4405 888 4458 et
909 4396 1028 4475 penitus
1059 4397 1177 4460 radices
1210 4408 1322 4479 agaut3
1355 4400 1430 4462 adeo
1457 4411 1492 4464 ut
1518 4401 1596 4463 citra

249 4492 345 4556 totius
368 4489 435 4571 agri
457 4488 617 4568 perniciem
641 4484 802 4564 exstirpari
826 4485 1014 4565 postmodum
1038 4503 1095 4546 non
1120 4488 1246 4566 possint.

339 4581 419 4644 Nam
441 4586 476 4663 ιιι
498 4577 527 4638 id
552 4575 671 4637 tandem
695 4573 805 4648 tiniam,
831 4574 918 4655 quod
932 4574 1003 4636 mibi
1026 4593 1064 4636 ex
1087 4586 1210 4638 naturae
1239 4578 1340 4640 ordine
1364 4578 1422 4640 dici
1444 4580 1595 4682 possode

249 4689 330 4735 nova
362 4669 453 4732 stella
484 4666 620 4726 ridetur:
653 4664 900 4725 considerandum
926 4671 956 4724 et
979 4663 1034 4725 hoc
1063 4672 1122 4739 cst,
1155 4685 1221 4727 cunr
1248 4667 1338 4728 stella
1365 4668 1438 4730 haec
1461 4669 1596 4749 proxime

251 4759 424 4841 eclipticam
456 4755 578 4817 steterit
604 4754 712 4834 juncta
733 4752 864 4833 planetis
887 4751 993 4828 tribus,
1026 4753 1180 4834 lumenque
1211 4756 1341 4817 coeleste
1374 4757 1469 4819 simile
1498 4757 1597 4819 affluis

235 4848 402 4913 ¹sideribus
425 4843 597 4917 obtinuerit,
622 4844 687 4923 eJ'us
710 4843 812 4922 utique
831 4840 972 4920 speciem,
997 4850 1029 4902 ut
1043 4851 1208 4905 ceterorum
1227 4845 1414 4923 planetarum
1428 4855 1460 4909 et
1474 4848 1599 4910 lixarum

251 4939 345 5002 etiam
364 4937 395 5000 iu
409 4942 533 4999 naturas
556 4932 742 4995 nascentium
766 4931 915 4993 homiuum
929 4949 989 4991 una
1007 4932 1097 5010 recipi
1120 4942 1353 4998 consentaneum
1378 4956 1455 5000 esso.
1492 4938 1599 5017 Itaque

251 5028 304 5114 qui
327 5027 409 5092 circa
431 5020 462 5090 9.
487 5031 519 5085 et
550 5020 601 5086 10.
624 5022 785 5084 Decembr.
818 5020 899 5103 stylo
929 5038 1005 5083 novo
1038 5021 1101 5083 nati
1131 5032 1218 5102 sunt,
1251 5023 1272 5086 ii
1298 5022 1410 5112 Solem
1432 5027 1601 5104 babuerunt
