3692 5842
1549 475 1719 544 Caput
1754 477 1819 531 V.
1860 475 1910 530 3.
2970 469 3105 543 m

536 653 982 736 Propositio
1027 653 1235 716 XVII.
1321 652 1398 716 si
1445 655 1701 716 oculus
1749 654 1951 717 ultra
1998 657 2390 721 terminum

448 746 990 808 tersectionum
1049 742 1604 823 propositionis
1657 741 1758 808 15.
1811 765 1848 806 a
1895 747 2113 825 globo
2161 766 2388 809 remo-

450 843 656 906 atur,
726 831 1077 913 quicquid
1133 839 1307 912 post
1369 832 1671 911 globum
1739 835 1941 895 ultra
2005 837 2389 899 terminum

448 923 700 986 timum
762 922 1413 994 intersectionum‚
1480 941 1663 1001 quas
1711 923 1851 983 hae
1900 924 2094 987 oculi
2143 926 2388 987 radia-

448 1032 616 1074 »nes
660 1031 804 1073 non
849 1010 1269 1091 parallelae
1319 1010 1644 1085 faciunt,
1695 1012 2157 1087 collocatur,
2224 1015 2389 1093 ejus

466 1119 608 1179 ago
646 1118 920 1163 everso
957 1098 1111 1161 situ
1158 1107 1478 1180 apparet
1514 1099 1583 1160 in
1633 1101 2041 1180 superficie
2079 1101 2386 1181 globi.*)

448 1186 743 1251 :EGHF
806 1187 1055 1269 globus,
1126 1195 1332 1250 centro
1381 1189 1447 1262 1,
1514 1189 1668 1250 DIA
1731 1190 1904 1263 axia,
1970 1191 2028 1251 in
2093 1210 2163 1252 eo
2212 1192 2281 1266 T,
2331 1193 2389 1254 R

448 1277 601 1340 mini
648 1276 1141 1340 intersectionum
1189 1276 1633 1356 parallelorum,
1684 1277 1751 1348 S,
1791 1280 1855 1341 M
1906 1280 2146 1342 termini
2191 1279 2386 1343 inter-

448 1366 699 1430 'tionum
725 1384 843 1428 non
873 1366 1321 1446 parallelorum.
1367 1365 1476 1427 sed
1506 1385 1713 1428 earum
1757 1368 2182 1444 radiationum,
2233 1389 2385 1450 qnae

479 1455 544 1518 D
589 1455 874 1529 veniunt,
942 1454 1141 1535 sitque
1186 1455 1244 1516 D
1291 1454 1538 1528 oculus,
1605 1455 1717 1517 NP
1763 1476 1861 1518 res
1917 1458 2210 1528 visibilis.
2285 1459 2386 1521 ille

448 1544 651 1608 notior
714 1563 893 1625 quam
940 1543 1081 1618 ΤΒ,
1148 1544 1300 1606 haec
1360 1562 1537 1623 quam
1583 1544 1733 1605 AM.
1827 1546 1980 1609 Dico
2027 1547 2139 1608 NP
2192 1549 2386 1610 visum

499 1651 778 1696 eversam
842 1633 902 1696 in
962 1633 1073 1695 FH
1137 1632 1469 1712 superficie.
1579 1632 1861 1707 Etenim,
1925 1636 2063 1717 quia
2128 1655 2225 1698 res
2292 1646 2389 1700 est

448 1731 536 1786 tra
584 1721 1110 1796 intersectionem,
1169 1721 1317 1784 nulli
1374 1721 1560 1801 igitur
1620 1722 1770 1784 radii
1835 1725 1910 1785 ad
1959 1724 2072 1788 NP
2118 1734 2388 1788 extrema

481 1811 543 1873 D
588 1810 856 1886 venient,
907 1811 1005 1891 qui
1055 1830 1169 1872 non
1218 1812 1378 1872 inter
1424 1808 1490 1879 S,
1520 1811 1589 1872 M
1634 1811 1757 1874 sint
1802 1813 2135 1877 intersecti.
2185 1816 2386 1877 Inter-

448 1909 574 1964 =ent
637 1900 717 1974 ii,
785 1901 885 1979 qui
948 1908 1222 1962 extrema
1287 1900 1825 1979 comprehendunt,
1886 1922 2023 1965 sese
2070 1902 2130 1964 in
2176 1905 2274 1977 A,
2324 1911 2385 1963 et

449 1999 487 2052 t
550 1988 869 2064 DFEAP,
935 1988 1278 2063 DHGAN‚
1344 1989 1531 2067 igitur
1593 2007 1701 2068 per
1757 1985 1818 2053 6.
1883 1992 2282 2071 praemissam
2329 1992 2386 2053 N

448 2079 679 2142 tabitur
726 2078 784 2140 in
828 2078 889 2139 H
935 2085 1000 2138 et
1043 2078 1094 2139 Ρ
1141 2077 1199 2139 in
1245 2078 1298 2138 F
1333 2078 1603 2140 haerere.
1679 2077 1899 2159 Sicque
1948 2090 2221 2143 extrema
2267 2082 2386 2143 situ

448 2174 733 2231 umutato
801 2174 1118 2246 apparent.
1233 2168 1324 2227 At
1387 2165 1527 2245 quia
1592 2166 1773 2228 etiam
1841 2188 1996 2249 quae
2056 2169 2213 2231 inter
2275 2170 2389 2231 NP

449 2256 722 2334 erjectae
762 2264 904 2317 sunt
947 2263 1174 2334 parteS,
1226 2255 1386 2317 ultra
1412 2255 1480 2315 M
1519 2264 1783 2317 remotae
1822 2265 1980 2330 sunt,
2031 2258 2391 2320 videbuntur

448 2345 551 2408 iiis
617 2344 776 2406 inter
820 2345 949 2418 DF,
1000 2344 1120 2405 DH
1182 2344 1552 2406 intermediis
1600 2353 1664 2406 et
1721 2365 1858 2409 sese
1924 2366 2032 2426 per
2079 2344 2136 2410 9.
2205 2365 2388 2425 prae-

448 2453 614 2498 ssam
659 2442 801 2513 post
844 2432 909 2495 A
953 2432 1263 2507 secabunt,
1315 2433 1477 2494 intra
1521 2442 1723 2496 tamen
1762 2436 1831 2496 M
1878 2435 2214 2498 terminum.
2292 2438 2392 2498 Ita

448 2542 502 2586 ie
551 2529 868 2597 secantes,
925 2529 1133 2602 partes
1181 2541 1414 2603 quoque
1471 2523 1788 2586 interiores
1837 2544 2044 2586 omnes
2092 2533 2387 2587 evertent.

449 2657 452 2662 -
494 2610 586 2675 ita
633 2630 732 2674 res
778 2621 915 2673 tota
959 2629 1174 2673 everso
1222 2611 1341 2673 situ
1392 2619 1705 2692 appareat.

541 2712 973 2767 Corollaria.
1064 2713 1116 2767 1.
1188 2711 1359 2766 Patet
1415 2711 1571 2776 hinc,
1634 2714 1792 2767 oculo
1834 2713 1887 2767 D
1945 2713 2164 2784 longius
2224 2712 2397 2767 etiam

448 2800 612 2850 tante
651 2810 818 2864 quam
845 2794 958 2856 ΒΤ.
1003 2792 1048 2845 si
1080 2800 1267 2846 tamen
1294 2790 1390 2846 NP
1433 2792 1601 2846 fuerit
1627 2792 1772 2847 inter
1798 2793 1915 2855 SM.
1960 2794 2162 2862 partim
2204 2810 2397 2847 everso

448 2893 476 2930 ι
517 2873 601 2942 (in
645 2873 909 2928 extremis
951 2869 1172 2942 nempe)
1217 2871 1393 2925 visum
1435 2871 1518 2935 iri,
1562 2873 1766 2942 partim
1809 2873 1891 2937 (et
1934 2873 1987 2926 iu
2030 2871 2400 2941 intermediis)

448 2973 474 3010 a
516 2961 710 3009 recto:
754 2962 815 3007 et
855 2954 1088 3007 eandem
1128 2952 1300 3006 etiam
1352 2949 1702 3017 circularem,
1757 2953 1927 3023 juxta
1965 2955 2036 3017 X,
2084 2954 2175 3008 43.
2224 2954 2399 3008 Vitel-

448 3036 566 3092 uis:
614 3035 802 3104 itaque
846 3034 1091 3105 confuse.

545 3114 604 3168 2.
682 3113 887 3175 Quodsi
943 3113 1022 3165 sic
1080 3117 1337 3166 manente
1397 3111 1589 3175 oculo,
1647 3112 1743 3165 NP
1800 3112 1874 3165 sit
1933 3114 2101 3167 etiam
2162 3114 2306 3169 intra
2366 3113 2403 3167 S
2705 3127 2754 3175 :lt

448 3193 612 3250 imum
652 3193 1060 3248 intersectionis
1104 3192 1411 3255 terminum,
1457 3199 1583 3245 tota
1624 3197 1815 3246 erecta
1854 3191 2145 3250 videbitur.
2569 3256 2570 3259 Ἴ
2827 3263 2830 3266 ἱ

544 3273 602 3330 3.
705 3273 762 3328 Si
838 3291 971 3328 vero
1034 3274 1224 3329 oculus
1284 3272 1433 3327 intra
1492 3273 1588 3325 ΤΒ
1648 3271 1751 3333 sit,
1814 3273 2300 3329 inter-sectionibus
2350 3274 2408 3328 in
2571 3255 2613 3299 Η
2834 3323 2838 3343 ,

448 3354 640 3412 initum
701 3354 1126 3409 excurrentibus
1189 3361 1251 3408 et
1308 3352 1584 3422 aliquibus
1645 3369 1718 3405 ex
1778 3354 1939 3407 oculo
2006 3354 2408 3410 radiationibus
2629 3355 2854 3451 -—“1

448 3436 733 3494 ralleliter
774 3436 1064 3489 refractis:
1120 3434 1166 3488 si
1209 3442 1337 3487 tunc
1378 3449 1467 3486 res
1511 3432 1567 3485 in
1610 3448 1720 3486 axe
1772 3433 1943 3488 fuerit
1982 3435 2094 3489 sita
2135 3443 2195 3489 et
2235 3435 2410 3489 minor

448 3667 588 3726 inito
648 3666 829 3729 absit,
892 3663 1155 3719 terminus
1222 3662 1435 3718 citimus
1494 3670 1583 3718 est
1631 3663 1884 3732 proxime
1944 3665 2172 3735 globum
2223 3665 2278 3720 in
2320 3667 2361 3721 1.
2446 3667 2642 3740 Itaque
2703 3683 2920 3722 rursum
2979 3668 3102 3720 dum

448 3747 598 3804 iians
626 3764 665 3801 a
693 3744 1019 3801 brevissima
1059 3744 1330 3799 distantia
1357 3746 1413 3799 in
1454 3743 1723 3798 infinitam
1765 3744 2036 3813 provenit,
2083 3746 2345 3800 terminus
2375 3746 2465 3801 hic
2506 3748 2731 3803 citerior
2774 3749 2847 3802 ab
2891 3745 3104 3801 infinita

481 3827 872 3884 brevissimam
928 3825 1248 3881 distantiam
1302 3825 1587 3879 decrescit.
1669 3826 1794 3879 Non
1835 3832 2026 3895 potest
2080 3833 2269 3880 autem
2308 3828 2453 3893 fieri,
2515 3837 2582 3883 ut
2622 3828 2804 3883 causis
2848 3825 3103 3881 continue

448 3907 756 3964 iacentibus
800 3908 1028 3961 effectus
1071 3906 1345 3960 interdum
1388 3912 1629 3967 crescat,
1686 3912 1802 3959 tum
1844 3904 2198 3960 imminuatur
2240 3906 2456 3962 iterum.
2537 3909 2693 3981 Ergo
2734 3910 2905 3978 plane
2948 3906 3104 3960 initio

448 3988 655 4044 nimum
699 3994 924 4059 oportet
964 4004 1105 4051 esse,
1150 3987 1257 4040 fine
1299 3985 1615 4040 maximum.
1702 3985 1986 4039 collocato
2029 3984 2204 4057 igitur
2258 3988 2512 4042 radiante
2553 4007 2729 4060 prope
2771 3990 2845 4052 F,
2890 3986 3103 4041 citimus

448 4068 642 4125 minus
705 4068 919 4139 quidem
962 4074 1052 4121 est
1110 4066 1313 4136 aliquis
1357 4072 1417 4120 et
1457 4065 1627 4136 longe
1671 4082 1707 4118 a
1747 4066 1920 4136 globo
1982 4065 2231 4130 distans,
2296 4070 2393 4121 sed
2434 4075 2619 4124 tamen
2682 4067 2942 4140 longius,
2998 4065 3104 4121 imo

448 4148 578 4205 {nito
620 4149 833 4203 distans
878 4148 951 4202 ab
991 4146 1184 4201 ultimo
1225 4146 1493 4209 termino,
1537 4146 1630 4215 qui
1679 4144 1799 4213 jam
1844 4163 1952 4199 non
1993 4153 2082 4200 est
2137 4148 2435 4212 terminus,
2492 4165 2613 4204 cum
2657 4166 2768 4202 non
2825 4146 3100 4209 terminet,

448 4229 710 4285 itionibus
761 4228 818 4282 in
873 4228 1141 4283 infinitum
1202 4226 1646 4281 excurrentibus.
1743 4227 1869 4280 Non
1930 4232 2116 4280 tamen
2168 4227 2273 4281 hoc
2329 4229 2453 4283 vult
2516 4225 2898 4290 corollarium,
2961 4226 3103 4295 quod

448 4310 624 4365 liante
666 4309 723 4363 in
765 4310 810 4363 F
849 4308 1064 4362 citimus
1106 4309 1181 4363 sit
1221 4306 1483 4361 remotior
1525 4322 1689 4377 quam
1731 4306 1985 4360 radiante
2029 4306 2085 4360 in
2127 4308 2169 4363 I.
2253 4308 2396 4362 Nam
2438 4309 2495 4363 in
2537 4310 2565 4363 1
2603 4315 2843 4377 uterque
2889 4304 3103 4359 citimus

471 4390 703 4445 ultimus
745 4389 800 4443 in
843 4388 1109 4444 infinitum
1152 4390 1397 4445 abeunt:
1441 4387 1497 4440 in
1537 4388 1583 4440 F
1622 4386 1817 4441 ultimo
1854 4386 1975 4454 jam
2016 4394 2371 4451 vanescente,
2416 4388 2632 4443 citimus
2686 4394 2872 4441 tamen
2913 4390 3104 4439 manet

461 4477 625 4526 certa
663 4469 948 4524 distantia.
1035 4471 1336 4540 Comparat
1386 4467 1562 4540 igitur
1617 4467 1970 4521 corollarium
2012 4466 2100 4520 hic
2149 4472 2414 4537 punctum
2453 4469 2499 4523 F
2540 4486 2649 4522 non
2713 4483 2833 4521 cum
2885 4462 3100 4536 punctis

472 4551 517 4616 1,
559 4551 660 4605 sed
701 4568 823 4605 cum
863 4567 924 4603 se
968 4549 1342 4618 superioribus
1386 4547 1538 4603 tertii
1580 4547 1823 4618 generis.

548 4629 914 4685 Corollarium
957 4629 1180 4685 tertium
1223 4635 1310 4682 est
1352 4646 1426 4683 ex
1469 4627 1784 4698 praemissis
1828 4632 1890 4681 et
1930 4627 2231 4681 oculariter
2286 4626 2559 4681 declarari
2602 4632 2804 4697 potest
2845 4624 2903 4677 in
2943 4622 3098 4675 sehe-

448 4717 517 4767 aee
559 4711 657 4768 80.
740 4710 800 4766 Si
841 4710 985 4764 enim
1027 4710 1118 4763 ΓΕ
1161 4718 1220 4764 et
1260 4708 1366 4762 HG
1408 4707 1519 4762 sint
1559 4708 1850 4777 paralleli,
1906 4714 2071 4761 erunt
2122 4707 2389 4777 aequales
2432 4707 2527 4768 ID,
2573 4705 2676 4768 IA,
2732 4703 2872 4775 quia
2912 4700 3099 4771 aequi·

448 4809 586 4848 rrum
625 4791 797 4855 ΓΒΗ,
839 4791 1013 4854 EAG.
1058 4791 1221 4844 bases
1264 4789 1381 4852 ΓΗ,
1423 4788 1526 4841 EG
1570 4789 1853 4858 aequales,
1897 4796 1959 4841 et
2000 4786 2196 4857 anguli
2236 4787 2309 4847 D,
2351 4789 2400 4838 A
2445 4786 2514 4839 ob
2556 4783 2932 4838 retractiones
2973 4795 3098 4833 eas-

448 4889 490 4927 ιι
527 4871 584 4927 in
626 4873 688 4936 F,
731 4872 815 4936 H,
860 4877 922 4926 et
959 4872 1026 4933 E,
1072 4871 1139 4925 G.
1223 4870 1378 4923 Tunc
1437 4867 1611 4939 igitur
1668 4868 1837 4922 etiam
1895 4868 1972 4923 IR
2041 4866 2146 4936 ipsi
2205 4865 2267 4919 IS
2328 4864 2581 4934 aequalis
2639 4862 2748 4917 erit
2817 4857 2891 4929 (si
2932 4860 2998 4923 R,
3041 4857 3095 4921 S,

448 4952 541 5009 ini
581 4953 696 5008 sint
736 4948 997 5017 termini),
1042 4957 1103 5006 et
1141 4951 1229 5014 IT,
1273 4949 1357 5004 IM
1402 4946 1469 5013 (si
1515 4948 1576 5012 Τ,
1619 4948 1680 5003 Μ
1720 4943 1928 5019 ultimi)
1970 4952 2032 5001 et
2072 4945 2307 5014 denique
2349 4943 2461 5005 ΒΤ,
2505 4941 2605 4997 SM
2646 4942 2932 5011 aequales.

542 5027 603 5103 *)
645 5031 816 5105 Cogit
867 5049 954 5086 me
1002 5048 1093 5086 res
1154 5032 1281 5101 ipsa
1338 5028 1680 5098 distinguere
1739 5028 1885 5081 inter
1943 5024 2362 5079 inter-sectiones
2418 5038 2529 5075 non
2584 5020 2986 5090 parallelorum
3035 5022 3097 5069 et
