3692 5842
244 655 402 735 telescopii
426 655 546 736 optimi,
580 659 658 736 quod
690 658 837 720 habebam
866 676 902 719 ex
927 676 1070 720 concessu
1093 655 1245 719 Electoris
1271 656 1459 721 Coloniensis
1482 678 1512 739 p.
1537 679 1588 731 m..

244 745 360 807 radium
383 744 464 808 Solis
487 746 591 824 excepi
616 756 647 808 et
678 767 822 831 papyrum
855 747 885 808 in
919 756 1029 827 puncto
1065 766 1226 808 concursus
1257 747 1407 809 radiorum
1440 748 1590 829 applicavi

663 477 751 530 literae
768 480 870 545 Kepleri
889 480 1041 544 aliorumque
1057 483 1169 531 mutuae·
1526 478 1590 549 783
1624 465 1627 472 ¹

244 842 358 897 remoto
383 854 513 897 concavo
536 836 624 897 vitro.
671 837 734 900 Sed
763 836 860 915 fulgor
882 837 1045 916 immensus
1070 836 1218 898 radiorum
1247 837 1439 899 collectorum
1462 845 1495 899 et
1517 856 1590 917 spe-

244 924 300 986 ciei
324 923 443 986 exilitas
465 924 538 986 mihi
561 926 757 1002 obstiterunt,
791 934 825 988 nt
856 926 990 987 maculas
1022 926 1121 988 nullas
1153 944 1314 987 cernerem.
1362 924 1464 996 Quare
1487 945 1589 988 curam

243 1010 411 1092 inquirendi
433 1015 566 1076 maculas
591 1014 723 1093 deposui.
769 1015 924 1077 Assumsit
955 1023 1056 1078 autom
1089 1034 1141 1077 eas
1165 1014 1284 1095 quidam
1307 1015 1463 1077 Fabricius
1488 1016 1590 1077 Wite·

242 1102 355 1181 bergae
379 1104 568 1183 libellumque
592 1123 682 1184 super
712 1106 769 1174 hac
801 1124 833 1167 re
857 1105 993 1183 vulgavit
1022 1124 1126 1167 mense
1149 1104 1238 1186 Junio
1261 1104 1343 1167 Auni
1370 1100 1470 1167 16¹1:
1503 1124 1591 1185 quem

244 1199 366 1253 secutus
390 1200 439 1254 est
461 1192 656 1276 Augustanus
680 1194 798 1273 quidam
821 1195 999 1276 Anonymus
1023 1214 1076 1257 seu
1099 1194 1168 1256 ficto
1191 1194 1309 1255 uomine
1332 1193 1474 1273 Apelles:
1504 1213 1591 1274 quam

199 1318 201 1322 ,
244 1281 284 1343 ad
307 1282 419 1344 famam
442 1300 498 1362 ego
522 1283 560 1343 ad
583 1283 776 1362 telescopium
800 1284 885 1358 redii,
908 1303 1038 1365 ususque
1063 1292 1187 1362 utroque
1210 1284 1288 1344 vitro
1312 1283 1445 1345 maculas
1469 1284 1591 1346 tandem

235 1378 276 1444 ¹et
297 1369 362 1450 ipse
386 1371 497 1432 detexi.
532 1370 616 1433 Satis
641 1380 740 1434 tamen
765 1373 813 1434 din
838 1391 884 1433 me
908 1373 1007 1447 latuit,
1033 1373 1200 1434 diducenda
1222 1390 1289 1433 esse
1309 1372 1391 1433 vitra
1409 1372 1498 1451 paulo
1523 1373 1590 1433 lon-

242 1459 320 1540 gius.
366 1460 414 1522 Ex
438 1481 474 1522 eo
497 1460 582 1523 varia
600 1461 716 1539 judicia
747 1462 922 1542 prodierunt
956 1464 991 1523 de
1024 1462 1070 1523 his
1103 1460 1244 1534 maculis;
1276 1461 1355 1522 inter
1378 1471 1497 1523 ceteras
1521 1480 1591 1523 vero

242 1557 388 1612 accurata
410 1550 557 1612 discussio
581 1549 730 1625 Galilaei,
763 1552 846 1629 cnjus
870 1552 958 1630 copia
980 1551 1051 1613 mihi
1076 1551 1160 1612 facta
1183 1557 1230 1612 est
1253 1548 1310 1614 hoc
1333 1549 1398 1630 ipso
1422 1550 1487 1613 die:
1512 1569 1590 1611 nou-

242 1639 313 1701 dum
337 1638 438 1719 itaqne
461 1639 605 1720 pervolui.
655 1641 690 1702 Iu
723 1659 838 1703 summa
870 1649 983 1703 motum
1015 1660 1068 1702 seu
1099 1646 1204 1716 dimon
1232 1637 1313 1701 Solis
1343 1640 1373 1701 in
1404 1659 1458 1701 suo
1491 1639 1590 1720 spatio

242 1729 393 1790 manentis
417 1730 494 1790 satis
517 1730 597 1791 clare
621 1737 733 1809 ponunt
757 1730 794 1790 oh
818 1731 939 1803 oculos;
972 1738 1003 1792 et
1030 1730 1174 1810 qualitate
1200 1729 1319 1808 quidem
1343 1729 1477 1803 eandem,
1502 1747 1591 1808 quam

243 1836 301 1899 ego
325 1825 412 1879 tanto
436 1827 506 1879 ante
529 1819 639 1880 tradidi
663 1820 692 1881 in
717 1816 948 1881 Commentariis
969 1819 1088 1893 Martis,
1102 1819 1283 1898 'quantitate
1306 1836 1376 1879 vero
1400 1817 1551 1879 diversam
1573 1838 1592 1879 a

242 1907 423 1987 conjecturis
447 1907 531 1971 meis.
575 1908 655 1969 lllud
680 1908 798 1994 quidem
831 1908 1047 1970 demonstratio
1080 1927 1148 1969 mea
1179 1905 1363 1988 requirebat,
1399 1914 1432 1967 ut
1464 1908 1591 1970 celerius

243 1995 300 2060 Sol
323 1996 475 2077 periodum
500 2015 589 2058 uuam
610 1997 780 2059 absolueret
799 2017 887 2078 quam
902 1996 1076 2070 Mercurius,
1103 1997 1228 2059 celerius
1247 1996 1339 2074 igitur
1358 2013 1445 2074 quam
1464 1992 1508 2060 88
1526 1996 1592 2057 die·
1705 2044 1711 2054 .

241 2086 310 2148 bus.
355 2085 397 2147 Et
419 2086 464 2146 ita
487 2106 549 2148 rem
572 2087 689 2148 hahere
707 2088 839 2148 maculae
863 2095 1031 2149 testantur:
1066 2087 1169 2148 diebus
1202 2086 1279 2147 enim
1314 2082 1354 2147 14
1384 2085 1423 2147 ad
1447 2103 1592 2147 summum

242 2181 368 2238 manent
390 2174 418 2237 iu
443 2175 519 2246 facie
544 2173 625 2237 Solis
649 2186 826 2258 apparente;
860 2177 985 2238 totidem
1015 2175 1106 2256 igitur
1138 2175 1229 2236 etiam
1261 2175 1291 2237 in
1324 2175 1448 2236 latente.
1494 2174 1593 2253 Igitur

243 2265 325 2327 iuter
348 2264 412 2325 dies
436 2262 477 2328 25
502 2272 534 2326 et
557 2263 600 2328 28
623 2273 761 2328 versatur
783 2287 842 2328 nna
864 2265 1016 2345 periodus.
1055 2263 1133 2327 Sunt
1156 2264 1247 2342 igitur
1265 2264 1398 2345 reliquae
1418 2282 1501 2325 meae
1517 2282 1592 2325 con·

239 2354 377 2436 jacturae
401 2353 504 2415 irritae
528 2356 564 2416 de
588 2355 686 2417 triduo
710 2362 762 2416 ant
784 2356 821 2416 de
844 2356 932 2417 unica
956 2355 1004 2415 die
1027 2353 1244 2416 convolutionis
1263 2354 1362 2433 hujus.
1400 2348 1516 2434 Scripsi
1535 2353 1591 2416 sub

241 2444 331 2505 linem
355 2443 424 2504 anni
451 2440 641 2524 1611,.qnid
664 2446 700 2505 de
724 2445 896 2506 substantia
918 2445 1100 2506 macularum
1124 2445 1229 2505 harum
1253 2443 1410 2517 sentirem,
1434 2451 1466 2505 et
1488 2452 1594 2523 parom

243 2533 323 2613 quod
347 2540 458 2595 mutem
481 2553 519 2595 ex
541 2533 756 2612 posterioribus
787 2534 1047 2597 observationibus
1077 2534 1206 2596 invenio.
1252 2532 1398 2595 Nimirum
1429 2551 1488 2595 nou
1521 2540 1592 2595 sunt
1709 2570 1714 2579 ·

244 2640 348 2705 omnes
371 2622 503 2702 ejusdem
528 2623 644 2684 omnino
668 2623 832 2686 celeritatis
856 2644 910 2685 uec
934 2624 1013 2685 viam
1047 2623 1202 2701 eclipticas
1234 2622 1413 2701 parallelam
1440 2621 1593 2685 incedunt.

242 2712 350 2792 ltaque
374 2730 431 2773 uon
455 2712 580 2773 haerent
604 2712 632 2773 in
655 2713 810 2793 superficie
834 2714 967 2792 corporis
991 2713 1122 2784 Solaria,
1154 2730 1250 2790 neque
1282 2719 1384 2772 tamen
1414 2709 1524 2773 absunt
1551 2710 1590 2773 ab

244 2820 281 2863 ea
305 2801 439 2863 sensibili
463 2802 632 2864 intervallo.
669 2802 718 2863 Ex
739 2802 786 2864 his
808 2803 990 2881 argumentis
1006 2810 1037 2863 et
1052 2802 1121 2883 quia
1139 2802 1169 2864 in
1186 2802 1257 2881 ipsa
1272 2801 1348 2862 facie
1364 2797 1445 2861 Solis
1460 2800 1594 2863 oriuntur

245 2891 420 2964 nonnullae,
453 2899 617 2952 vanescunt
640 2891 733 2967 aliae,
771 2892 935 2970 densantur
967 2892 1164 2972 rarefiuutqoe
1197 2890 1326 2971 passim,
1365 2887 1593 2953 schematismos

245 2988 419 3062 permutant
442 2980 631 3053 sensibiliter,
657 2981 725 3042 dum
748 3001 807 3042 una
830 2982 891 3043 alia
915 2981 1038 3044 celerior
1057 2988 1121 3057 est,
1146 2981 1235 3043 facile
1256 2979 1416 3059 colligitur,
1440 2980 1503 3041 tale
1522 2979 1593 3059 quid

247 3089 317 3132 esse
354 3069 510 3129 materiam
544 3068 647 3131 harum
679 3072 879 3144 macularum,
912 3071 998 3152 quale
1030 3078 1100 3133 snut
1131 3070 1161 3133 in
1193 3071 1282 3149 hujus
1313 3070 1480 3132 Terrestris
1512 3069 1594 3150 globi

247 3158 403 3239 superficie
426 3159 519 3219 nubes
543 3166 574 3219 et
596 3158 733 3235 nebulae,
758 3168 870 3222 motum
885 3160 1055 3222 nonnullum
1076 3160 1247 3222 obtinentes
1267 3160 1298 3222 in
1317 3167 1397 3234 aere,
1419 3158 1472 3239 qui
1491 3157 1593 3220 moltis

246 3247 385 3329 partibus
409 3268 427 3308 a
450 3246 556 3329 rapida
578 3248 735 3330 gyratione
758 3250 885 3311 Telluris
917 3258 1084 3330 superatur.
1131 3249 1182 3311 Au
1214 3257 1315 3311 antem
1345 3266 1382 3310 ex
1414 3247 1594 3327 ignitissimo

247 3335 300 3399 illo
324 3335 440 3399 Solaria
464 3338 595 3417 corporis
618 3338 725 3400 titione
748 3339 902 3420 exspirent
926 3347 1009 3402 atrae
1033 3340 1090 3401 hae
1114 3339 1269 3418 fuligines,
1293 3337 1377 3400 Deus
1401 3333 1499 3399 no‘vio:
1523 3355 1593 3398 nam

248 3426 392 3505 analogia
413 3426 539 3488 ulterius
562 3447 620 3490 non
644 3436 709 3490 tuto
733 3430 853 3491 extendi
877 3423 989 3509 potest:
1026 3429 1208 3491 Maestlinus
1232 3427 1350 3508 quidem
1373 3426 1536 3499 existimat,
1559 3443 1593 3490 se

244 3518 313 3578 visu
337 3515 432 3577 indice
456 3517 606 3579 affirmare
628 3538 736 3602 posse,
770 3537 877 3598 corpus
901 3517 981 3581 Solis
1012 3537 1071 3579 non
1104 3537 1170 3582 esse
1201 3517 1359 3578 rotundum
1385 3515 1592 3577 exactissime:

245 3605 301 3667 sed
324 3612 396 3683 puto
420 3604 517 3685 ipsum
541 3601 648 3687 opticis
672 3608 800 3669 fallaciis
824 3608 931 3687 decipi,
955 3615 986 3668 et
1008 3626 1130 3670 causam
1153 3607 1201 3667 vel
1225 3606 1255 3668 in
1277 3606 1473 3667 instrumento
1492 3605 1592 3667 inesse

246 3694 296 3756 vel
320 3694 349 3755 in
373 3694 502 3772 partium
526 3694 606 3757 Solis
630 3697 780 3777 inaequali
803 3696 952 3771 claritate,
977 3696 1014 3757 de
1039 3716 1097 3777 qna
1120 3697 1210 3759 etiam
1234 3693 1390 3758 Galilaeus
1414 3701 1524 3757 mouet

333 3781 435 3844 Pideri
458 3784 533 3845 lixas
557 3805 623 3847 cum
647 3806 708 3847 una
728 3793 759 3846 et
781 3787 879 3848 altera
902 3787 1130 3848 constellatione
1155 3806 1192 3847 ex
1215 3785 1354 3866 catalogo
1371 3784 1451 3846 mille
1466 3784 1592 3848 fixarum

245 3871 357 3937 Brahei
381 3874 509 3949 contuli,
543 3875 661 3935 invenio
694 3875 762 3936 inde
795 3876 976 3955 descriptas,
1012 3876 1068 3937 etsi
1092 3876 1207 3956 passim
1230 3883 1398 3937 occurrunt
1421 3873 1530 3936 menda
1561 3881 1593 3935 et

243 3962 483 4044 permutationes
506 3983 693 4028 numerorum
718 3964 857 4027 similium
890 3973 945 4027 aut
972 3963 1159 4028 omissiones.
1205 3966 1240 4027 Iu
1273 3963 1440 4027 asterismis
1476 3981 1592 4026 mecum

245 4058 361 4126 certat,
378 4070 447 4112 uam
470 4052 499 4113 in
522 4053 598 4115 lihro
622 4054 658 4113 de
682 4052 780 4115 Stella
802 4054 891 4116 Nova
914 4053 1100 4135 Serpentarii
1124 4062 1156 4115 et
1179 4071 1234 4134 ego
1258 4053 1383 4133 liguram
1404 4053 1591 4132 Serpentarii

245 4139 401 4204 emendavi
424 4141 462 4201 ad
485 4149 615 4203 mentem
629 4142 717 4203 Arati
735 4151 766 4205 et
779 4144 965 4205 Ptolemaei:
990 4164 1061 4206 usus
1085 4145 1175 4207 etiam
1195 4163 1261 4205 sum
1280 4145 1386 4207 eadem
1407 4141 1591 4223 projectione

244 4249 284 4292 ex
306 4236 409 4291 centro
432 4230 544 4306 muudi,
569 4232 623 4292 sed
638 4234 799 4295 secuudum
820 4233 931 4313 gradus
955 4233 1149 4314 longitudinis
1165 4242 1197 4296 et
1214 4232 1393 4307 latitudinis,
1413 4231 1591 4311 modumque

245 4319 343 4382 docui.
389 4320 424 4381 Iu
449 4320 559 4382 tabulis
582 4320 744 4400 majoribus
767 4322 891 4403 antiqua
913 4332 1041 4403 peccata
1063 4323 1198 4387 admittit
1220 4331 1283 4385 tam
1310 4322 1340 4384 in
1372 4320 1490 4401 vitiosis
1522 4320 1589 4401 pic-

244 4408 321 4473 turis
346 4427 433 4488 quam
456 4408 485 4471 iu
509 4409 569 4472 situ
593 4410 758 4486 stellarum,
783 4412 861 4493 quod
883 4413 988 4475 statim
1012 4422 1138 4493 apparet
1161 4432 1199 4475 ex
1221 4413 1297 4494 pedo
1321 4409 1517 4491 Serpentarii.

335 4496 471 4569 Quatuor
494 4499 586 4562 libros
610 4499 766 4563 libellosve
789 4502 899 4564 habere
924 4511 955 4564 te
979 4504 1137 4584 scripsisti,
1163 4502 1265 4564 addidi
1288 4503 1390 4583 quinto
1413 4501 1479 4561 loco
1502 4500 1590 4583 Mys-

243 4587 353 4652 terium
376 4585 671 4669 cosmographiam.
719 4587 754 4666 6)
787 4591 833 4653 De
866 4594 957 4654 stella
988 4612 1066 4655 nova
1099 4591 1294 4674 Serpentarii.
1342 4590 1376 4665 7)
1408 4591 1453 4652 De
1482 4590 1588 4654 Natali

245 4677 368 4743 Christi.
424 4675 460 4751 8)
493 4680 765 4743 Narratiunculam.
821 4682 855 4743 In
889 4682 1010 4763 reliquis
1043 4702 1101 4746 non
1134 4689 1295 4764 suppetunt
1328 4679 1522 4760 exemplaria,
1557 4688 1591 4743 ut

244 4765 281 4841 9)
306 4764 490 4847 Optioorum.
540 4768 594 4844 10)
619 4769 773 4849 Epistolae
797 4770 834 4832 de
856 4769 972 4852 Eclipsi
996 4772 1066 4834 anni
1092 4766 1186 4836 1605.
1236 4769 1291 4842 11)
1319 4770 1364 4832 De
1388 4769 1536 4831 Mercurio
1560 4772 1590 4833 in

245 4856 328 4920 Sole.
382 4855 437 4931 12)
470 4859 676 4922 Fundamenta
708 4860 836 4922 certiora
867 4861 1072 4943 Astrologiae.
1126 4862 1168 4924 Et
1199 4861 1257 4923 tria
1291 4858 1470 4922 Germanica
1502 4867 1588 4922 sunt:

248 4945 305 5021 13)
329 4946 376 5010 De
401 4944 528 5009 Cometa
551 4950 619 5011 anni
646 4945 739 5011 1607.
788 4945 843 5024 14)
867 4951 1012 5014 Defensio
1036 4952 1129 5014 libelli
1152 4952 1188 5014 de
1212 4949 1326 5025 Stella,
1355 4956 1460 5013 contra
1481 4948 1589 5012 Rosu-

222 5051 323 5102 ‘num
373 5034 428 5112 15)
455 5039 573 5102 Tertius
597 5039 813 5116 Intervenieus,
837 5060 891 5103 seu
914 5043 951 5104 de
975 5042 1103 5122 sauipris
1126 5040 1318 5121 Astrologiae
1342 5039 1465 5122 gemmis
1488 5038 1589 5120 philo-
