3692 5842
285 1348 527 1424 merom
553 1352 676 1425 now
704 1351 915 1441 monum,
945 1349 1078 1430 QUOD
1109 1352 1551 1426 numennumen

506 1491 657 1565 MDGV.
685 1492 860 1566 rursm
887 1493 945 1565 m
973 1493 1330 1567 subsummatus.

826 1756 946 1854 Caput
977 1755 1006 1829 Ι.

326 1929 419 1991 Anno
452 1930 490 1990 ab
522 1949 594 1991 aera
627 1930 868 1995 Christianorum
901 1932 1062 1994 millesimo
1095 1931 1315 1993 sexcentesimo
1349 1941 1470 2013 quarto,
1510 1932 1615 2011 cujus.

241 2015 360 2079 initium
387 2018 557 2080 Nativitate
588 2021 710 2081 Domini
742 2021 838 2082 nostri
867 2024 942 2085 Jesu
973 2020 1087 2084 Christi
1109 2019 1167 2083 Dei
1199 2029 1230 2081 et
1257 2021 1397 2082 Hominis
1428 2040 1465 2080 ex
1495 2020 1596 2083 Maria

229 2104 369 2186 ‚Virgine
399 2106 516 2187 aliquot
546 2107 633 2168 annis
662 2110 815 2187 posterius
844 2129 912 2170 esse
943 2109 1120 2188 chronologi
1148 2108 1285 2170 hodierni
1314 2110 1485 2189 disputant;
1517 2127 1596 2170 auno

235 2193 333 2274 primo
358 2195 475 2274 periodi
498 2196 701 2275 astrologicae
726 2198 966 2277 octingentorum
989 2216 1134 2259 annorum
1164 2197 1382 2276 atriplicitate
1413 2198 1502 2276 ignea
1526 2216 1595 2257 sur-

234 2281 348 2364 gentis,
372 2303 392 2343 a
406 2284 515 2345 mundo
532 2283 652 2345 condito
670 2294 812 2360 octavae,
836 2307 927 2367 quam
941 2286 1066 2349 Saturni
1081 2286 1226 2365 Jovisque
1243 2305 1424 2365 congressus
1442 2286 1471 2346 iu
1488 2293 1595 2347 octavo

233 2371 333 2451 gradu
347 2371 509 2452 Sagittarii
533 2374 696 2452 superioris
720 2375 791 2435 anni
817 2371 909 2438 1603.
936 2375 984 2435 die
1006 2368 1039 2455 7)
1045 2373 1089 2436 17.
1107 2374 1283 2436 Decembris
1303 2375 1367 2453 jam
1391 2373 1595 2447 inchoaverat,

232 2459 363 2523 &sente
386 2469 489 2522 tamen
502 2462 620 2536 Marte;
646 2482 711 2524 cum
730 2471 886 2525 exstarent
904 2464 969 2542 jam
989 2483 1008 2523 a
1027 2464 1130 2525 multis
1153 2463 1240 2524 annis
1255 2464 1357 2524 variae
1375 2462 1595 2542 astrologorum

234 2549 462 2631 praedictiones
486 2549 523 2609 de
546 2551 721 2612 revolvente
745 2552 864 2630 trigono
887 2552 976 2631 igneo
1008 2559 1038 2611 et
1061 2551 1232 2630 ingentibus
1261 2550 1409 2630 prodigiis
1439 2569 1596 2630 rerumque

232 2637 427 2720 publicarum
449 2637 580 2699 motibus
604 2658 642 2699 ex
663 2640 721 2699 hoc
745 2660 823 2700 anno
854 2635 943 2702 1604.
970 2640 1192 2714 consecuturis3
1223 2658 1347 2718 cumque
1372 2638 1440 2699 ideo
1464 2638 1595 2700 omnium

234 2725 331 2788 animi
355 2726 385 2787 in
408 2746 459 2787 res
482 2744 577 2786 novas
600 2737 704 2788 essent
732 2729 839 2802 erecti3
867 2728 989 2809 jamque
1021 2728 1113 2788 ctiam
1135 2729 1236 2788 Marte
1261 2727 1423 2788 Saturnum
1454 2733 1594 2805 praeter-

233 2833 346 2896 gresso
370 2814 400 2875 in
427 2808 491 2876 10⁰
512 2813 683 2893 Sagittarii,
713 2816 752 2876 ad
775 2816 855 2876 diem
881 2809 985 2898 16126.
1011 2816 1200 2895 Septembris
1225 2824 1257 2876 et
1281 2815 1349 2876 hinc
1373 2815 1519 2893 paulatim
1543 2833 1595 2875 se-

233 2902 400 2986 quentibus
424 2902 529 2963 diebus
552 2902 591 2963 ad
606 2904 725 2977 Jovem,
749 2903 801 2984 qni
820 2905 884 2983 jam
900 2924 954 2984 per
969 2904 1114 2983 pauculos
1135 2906 1247 2983 gradus
1266 2903 1429 2965 Saturnum
1446 2909 1596 2975 evaserat,

232 2998 438 3073 properante,
476 3010 563 3071 quem
596 2992 622 3051 si
655 3002 886 3072 assequeretur,
927 2993 1148 3071 conjunctionis
1185 3010 1313 3070 magnae
1346 2992 1597 3070 complementum

228 3079 410 3160 justumque
437 3078 557 3141 titulum
585 3098 624 3139 ex
646 3081 868 3159 astrologorum
894 3081 1033 3141 doctrina
1056 3082 1247 3142 confecturus
1270 3088 1351 3154 erat;
1376 3099 1443 3141 cum
1467 3079 1597 3141 omnium

234 3175 492 3241 astronomorum,
515 3166 566 3247 qui
588 3167 729 3245 gnaviter
752 3189 837 3230 suam
859 3168 1080 3248 professionem
1104 3170 1224 3243 obeunt,
1250 3168 1328 3230 oculi
1344 3168 1383 3228 ad
1398 3168 1456 3229 hoc
1471 3174 1597 3229 naturae

233 3256 443 3339 spectaculum
467 3255 683 3317 continentium
699 3257 814 3318 diemm
829 3256 966 3335 vesperis
983 3256 1143 3334 diligenter
1158 3264 1263 3317 essent
1284 3256 1407 3329 intenti,
1432 3256 1484 3317 alii
1501 3255 1597 3317 corri-

233 3346 405 3430 gendorum
427 3353 577 3417 motuum,
608 3344 660 3404 alii
684 3344 914 3419 delectationis,
946 3344 997 3404 alii
1024 3344 1215 3405 solennitatis
1239 3352 1286 3405 tot
1309 3344 1477 3404 seculorum
1500 3343 1596 3404 inter-

229 3435 321 3518 jectu
344 3433 512 3506 redeuntis,
544 3432 596 3492 alii
618 3432 858 3512 praedictionum
882 3432 997 3505 studio,
1028 3431 1149 3512 quidam
1173 3431 1265 3491 etiam
1294 3430 1479 3510 exploraturi
1509 3431 1598 3491 fidem

237 3541 365 3588 suarum
387 3543 611 3601 upcoqpaonos,
634 3530 668 3581 ut
691 3522 740 3602 qui
765 3541 802 3582 ex
816 3521 953 3584 Arabum
977 3520 1114 3581 doctrina
1130 3519 1254 3580 disertis
1269 3520 1372 3581 verbis
1388 3519 1445 3580 hoc
1462 3527 1596 3598 tempore

234 3612 385 3676 oriturum
409 3618 558 3672 cometam
586 3610 817 3689 praedixerant3
835 3608 860 3683 ²)
890 3629 958 3671 cnm
981 3627 1037 3689 ego
1060 3611 1178 3688 Pragae
1202 3608 1251 3669 die
1278 3605 1381 3678 17127.
1406 3606 1596 3687 Septembris

234 3699 403 3764 serenitate
427 3718 494 3760 cum
517 3697 655 3777 digressu
671 3700 783 3760 Martis
807 3719 826 3759 a
849 3699 991 3773 Saturno,
1015 3707 1049 3758 ut
1067 3699 1110 3772 fit,
1133 3696 1286 3770 restituta,
1309 3715 1414 3758 omnes
1438 3705 1501 3757 tres
1524 3694 1596 3775 pla-

233 3797 327 3852 netas
356 3788 529 3868 superiores
561 3787 772 3848 observassem
803 3788 979 3866 diligenter,
1011 3787 1050 3847 ad
1072 3788 1205 3848 Martem
1234 3792 1266 3847 et
1292 3786 1401 3848 Jovem
1430 3784 1596 3864 appropin-

233 3884 367 3960 quantes
389 3876 595 3956 respexissem
618 3872 670 3936 23.
696 3876 781 3954 Sept.
805 3876 855 3936 vel
878 3873 908 3937 3.
934 3876 1021 3950 Oct,
1044 3875 1125 3935 idem
1147 3874 1295 3935 fecissent
1316 3875 1451 3937 Joannea
1467 3872 1597 3935 Schuler

234 3962 432 4028 amanuensis
462 3983 547 4025 meus
580 3960 632 4026 27.
658 3963 742 4043 Sept.
774 3964 822 4024 vel
847 3966 876 4026 7.
902 3963 971 4025 Oct
1003 3972 1035 4024 et
1063 3964 1199 4026 Joaunes
1222 3961 1425 4043 Bruncvsky,
1458 3961 1597 4023 minister

232 4052 373 4118 Illustris
394 4051 433 4115 D.
458 4051 613 4131 Rodolphi
638 4051 816 4126 Coraducii,
841 4051 1094 4113 Vicecancellarii
1117 4051 1256 4131 Imperii,
1287 4051 1336 4112 die
1359 4047 1411 4112 28.
1437 4050 1523 4129 Sept.
1548 4049 1597 4109 vel

233 4139 269 4208 8.
294 4140 364 4205 Oct
389 4140 474 4202 coelo
497 4141 549 4202 vix
573 4139 749 4201 dehiscente
768 4138 951 4215 nubibus,*)
974 4141 1055 4201 idem
1078 4140 1183 4202 eodem
1204 4139 1253 4200 die
1270 4148 1301 4200 et
1315 4139 1477 4201 Helisaeus
1492 4138 1596 4199 Roes-

328 4339 356 4407 ⁶)
377 4337 406 4393 Si
426 4337 497 4391 haec
518 4352 587 4389 vera
607 4341 686 4399 sunt,
709 4335 748 4389 uti
770 4342 835 4390 sunt
855 4335 963 4407 quidem
984 4335 1144 4391 verissima:
1167 4333 1336 4405 impossibile
1356 4341 1414 4397 est,
1435 4348 1503 4386 vera
1523 4348 1595 4397 esse,

233 4434 311 4492 quse
332 4417 471 4488 Georgius
501 4415 588 4485 Spate
618 4417 766 4485 presbyter
796 4417 965 4469 Pomeranua
996 4416 1118 4470 Herlicio
1149 4414 1236 4468 dixit:
1267 4413 1361 4467 Visam
1391 4412 1517 4467 nimirum
1549 4412 1595 4467 17.

234 4499 288 4566 27.
309 4495 480 4568 Septembris
511 4496 598 4565 primo
629 4495 763 4550 omnium:
795 4495 964 4565 impossibile
992 4503 1022 4548 et
1046 4496 1129 4559 illud,
1162 4496 1231 4564 quod
1253 4493 1389 4547 Antonius
1409 4492 1597 4548 Laurentinns

233 4577 403 4641 Politianus,
426 4575 499 4629 edito
520 4574 592 4628 libro
614 4574 751 4628 idiomatis
773 4575 872 4638 Italici,
895 4575 1033 4628 affirmat:
1057 4576 1259 4637 „Observatam
1279 4589 1341 4626 esse
1361 4572 1404 4626 die
1425 4572 1452 4626 8.
1469 4571 1596 4626 Octobris

234 4657 349 4714 circiter
371 4655 423 4712 18⁰
440 4658 478 4723 s,
499 4654 527 4707 iu
556 4671 609 4725 quo
636 4653 732 4725 signo,
763 4655 842 4726 quasi
863 4654 891 4707 in
913 4653 1049 4723 ipsissimo
1076 4654 1126 4708 illo
1151 4654 1194 4706 die
1225 4651 1373 4723 contigerit
1392 4652 1489 4705 lovem
1510 4650 1597 4705 Marti

235 4737 381 4810 conjungi,
395 4735 516 4792 Saturno
526 4751 580 4788 non
595 4734 680 4804 longe
695 4735 821 4797 absente,
835 4734 916 4789 Luna
930 4749 981 4802 per
989 4733 1113 4788 Arietem
1127 4739 1262 4796 currente,
1278 4732 1357 4802 quasi
1370 4748 1421 4801 per
1435 4730 1597 4785 diametrum

235 4816 371 4890 opposita
387 4813 475 4871 Soli?
505 4814 610 4868 Horum
630 4822 747 4883 uterque
768 4814 791 4867 si
813 4830 895 4867 unam
916 4828 1011 4866 vocem
1032 4809 1078 4882 (ut
1097 4809 1180 4883 puto)
1201 4812 1246 4865 vel
1269 4810 1312 4878 (ut
1332 4807 1447 4880 opinorl·
1462 4812 1497 4864 ad
1518 4826 1597 4864 suam

234 4895 416 4954 widonem
436 4894 622 4963 apposuisset,
644 4908 743 4947 cavere
764 4892 904 4964 potuisset
924 4892 1107 4948 acerbitatem
1132 4891 1237 4946 dicendi
1257 4890 1285 4944 in
1306 4907 1336 4943 se
1358 4888 1524 4943 concitatam
1544 4890 1597 4943 hoc

235 4977 311 5032 nudo
333 4975 480 5030 affirmato.
509 4973 602 5028 Causa
622 4972 695 5027 euim
715 4990 786 5045 quae
808 4971 924 5027 moverit
944 4978 1100 5045 utrumque,
1121 4979 1203 5043 patet
1216 4989 1253 5026 cx
1266 4968 1505 5040 Ephemeridibus.
1532 4968 1604 5023 Nam
