3692 5842
336 505 401 574 314
832 506 1006 558 Διιιιιιοιιιιιι
1022 500 1085 557 Pars
1103 503 1203 572 opilea

334 720 349 743 a
415 689 445 744 C.
467 687 569 752 Mario,
592 687 622 740 C.
643 685 744 740 Flacco
766 686 842 740 Coss.
871 685 942 739 hora
967 685 1021 739 diei
1046 685 1132 740 tertia
1151 686 1224 742 Solis
1251 686 1376 741 deiectus
1403 686 1497 740 lumen
1526 685 1701 750 obscuravit,

336 767 398 831 hl
423 768 648 930 ll.⁵'vipsani0
682 860 714 913 et
742 852 870 914 Fonteio
900 851 989 916 Coss.
1024 872 1102 914 anno
1134 852 1250 916 Christi
1278 850 1330 918 59.
1379 852 1540 917 Cornelius
1573 853 1701 916 Tacitus

335 947 386 1009 lib.
411 946 498 1008 XIV.
522 942 700 1015 Annalium,
725 954 833 1015 Solem,
860 940 919 1017 ait,
954 959 1069 1023 repente
1096 956 1288 1009 obscuratum:
1320 950 1352 1005 et
1373 944 1454 1005 inter
1474 942 1618 1023 prodigia
1641 943 1700 1004 im-

337 1035 437 1098 mania
460 1035 572 1105 refert,
598 1050 673 1110 quae
698 1032 785 1093 irrita
809 1032 901 1091 fuisse
926 1032 1061 1105 miratur,
1087 1053 1146 1095 nou
1169 1052 1265 1095 vanus
1289 1040 1404 1095 auctor.
1442 1030 1524 1095 Sane
1548 1033 1700 1113 insignem

335 1125 428 1186 inisse
454 1124 606 1184 delectum
631 1141 667 1182 ex
691 1120 790 1183 Plinio
814 1119 976 1199 colligitur,
1001 1122 1050 1201 qui
1075 1123 1126 1184 lib.
1148 1124 1186 1185 ll.
1211 1141 1277 1201 cap.
1300 1119 1353 1184 70.
1392 1120 1557 1186 Corbuloni
1581 1140 1699 1204 quoque

336 1214 365 1276 iu
389 1214 535 1276 Armenia
560 1211 800 1272 animadversum
825 1208 906 1270 dicit.
954 1210 1028 1272 Dies
1049 1230 1095 1291 pr.
1121 1209 1189 1274 Cal.
1214 1211 1323 1273 Maias.

420 1318 601 1382 Plutarchus
630 1317 666 1378 de
691 1317 768 1377 facie
793 1316 896 1378 Lunae
927 1319 1158 1380 commonefacit
1190 1335 1261 1380 suos
1292 1318 1491 1381 collocutores
1522 1327 1586 1399 ejus
1609 1329 1698 1385 scitas

331 1420 403 1477 Solis
427 1436 487 1474 cum
507 1418 596 1482 Luna,
619 1417 664 1487 qui
685 1433 773 1487 nuper
794 1416 878 1471 luerit
906 1408 946 1477 (c.
971 1428 998 1468 a.
1024 1405 1081 1470 Ch.
1108 1405 1186 1480 100)
1214 1436 1267 1490 quc
1293 1418 1388 1473 statim
1416 1418 1469 1471 sub
1494 1417 1638 1473 meridiem
1659 1420 1699 1474 jn.

334 1501 455 1572 cipieute
477 1499 578 1554 stellae
600 1498 693 1551 multis
719 1497 822 1567 passim
850 1497 920 1551 coeli
947 1499 1014 1552 locis
1040 1498 1195 1554 effirlserint
1223 1500 1351 1570 aerisque
1371 1498 1457 1553 merit
1477 1512 1514 1552 ca
1533 1501 1696 1569 temperies.

332 1590 422 1661 qualis
444 1595 488 1643 est
508 1588 616 1641 incerta
636 1587 697 1638 luce
719 1587 770 1640 sub
792 1589 963 1656 crepusculo.
1012 1578 1118 1640 Fuisse
1142 1579 1269 1640 totalem
1293 1597 1330 1640 ex
1354 1575 1607 1640 antecedentibus
1631 1579 1698 1641 col-

333 1670 438 1747 ligitur
460 1678 492 1729 et
515 1666 719 1744 sequentibus.
767 1664 846 1726 Nam
870 1685 979 1727 causas
1002 1668 1141 1742 reddens,
1171 1694 1220 1733 cnr
1236 1694 1292 1732 non
1311 1678 1354 1732 ita
1370 1677 1526 1749 promndse
1546 1676 1605 1731 sint
1619 1684 1698 1733 teas·

331 1771 400 1824 brae
422 1769 449 1822 in
471 1764 634 1829 defectibus,
656 1782 745 1835 neque
767 1766 951 1837 serpentine
973 1773 1057 1839 atque
1078 1774 1161 1822 noctu
1182 1774 1333 1839 occupetur
1353 1767 1395 1832 iis,
1422 1775 1480 1818 nou
1505 1754 1563 1817 buc
1583 1775 1698 1836 provo-

331 1855 395 1917 cat,
428 1847 508 1927 quod
543 1842 654 1924 aliquid
687 1840 820 1905 desole
849 1846 982 1924 supersit
1005 1868 1024 1908 a
1046 1849 1134 1909 Luna
1158 1866 1215 1907 nou
1247 1853 1375 1919 tectum,
1410 1844 1464 1907 scd
1488 1845 1552 1905 alia
1577 1847 1698 1927 quaerit

331 1936 520 2007 diverticula,
545 1934 581 1994 de
606 1931 712 2014 quibus
736 1940 855 2014 postea.
884 1932 952 2005 Quo
976 1938 1112 2017 arguitur
1135 1936 1213 1998 hanc
1233 1936 1360 1998 totalem
1381 1933 1506 2014 eclipsin
1529 1933 1697 1997 Plutarcho

329 2027 436 2098 uisam,
459 2043 517 2086 non
543 2023 649 2084 aliam:
675 2023 725 2101 qui
749 2024 827 2102 quod
851 2022 881 2084 in
905 2044 966 2086 una
988 2026 1073 2100 vidit,
1100 2025 1129 2086 in
1153 2024 1290 2087 omnibus
1313 2025 1377 2087 lieri
1401 2023 1531 2104 putavit.
1572 2024 1619 2086 At
1642 2043 1697 2087 ucs

334 2116 371 2178 de
395 2114 486 2177 meris
510 2111 643 2174 tenebris
668 2112 745 2173 satis
770 2113 947 2176 confirmant
970 2115 1124 2177 historiae.
1158 2115 1224 2176 Huc
1249 2116 1358 2177 saltem
1384 2114 1477 2176 iaciat
1496 2112 1574 2174 haec
1599 2114 1695 2194 eclip-

334 2206 388 2281 sis,
413 2212 447 2266 ut
471 2202 627 2264 credamus
651 2209 748 2262 totum
772 2199 874 2263 Solem
897 2205 960 2283 tegi
984 2224 1086 2286 posse.

422 2293 491 2363 Quo
524 2300 659 2370 tempore
691 2289 865 2351 Gordianus
893 2292 996 2371 junior
1027 2294 1175 2372 imperare
1206 2292 1321 2371 coepit,
1355 2308 1433 2350 anno
1468 2288 1586 2353 Christi
1618 2286 1694 2354 237.

333 2380 384 2445 12.
411 2380 538 2461 ΑριίΙίε,
570 2396 653 2444 tanta
673 2390 744 2445 Solis
766 2392 876 2461 eclipsis
903 2394 971 2459 tirit,
997 2400 1030 2447 ut
1054 2410 1110 2447 nox
1135 2394 1307 2457 crederetur,
1336 2407 1426 2462 aeque
1456 2390 1516 2444 siue
1544 2391 1695 2447 luminibus

329 2482 454 2537 moensis
483 2480 627 2551 quicquam
648 2482 696 2552 agi
718 2487 822 2551 posset.
862 2470 963 2533 Julius
980 2470 1178 2552 Capitolinus.
1202 2472 1289 2533 Hanc
1311 2471 1437 2534 totalem
1453 2469 1548 2531 luisse
1568 2489 1694 2533 necesse

330 2570 388 2636 est,
414 2561 593 2622 Prutenicus
618 2560 715 2621 minus
742 2558 777 2621 11
806 2560 916 2640 digitos
941 2562 1072 2623 exhibet.

417 2665 597 2728 Ammianus
611 2666 806 2728 Marcellinus
826 2666 876 2728 lib.
891 2668 963 2730 XX.
979 2669 1015 2729 de
1031 2666 1189 2728 consulatu
1205 2664 1398 2729 Constantini
1413 2664 1454 2729 X.
1474 2665 1496 2727 J
1498 2665 1590 2728 uliaui
1615 2664 1693 2729 tit:

329 2760 384 2815 Per
404 2759 478 2813 Eoos
500 2765 607 2812 tractus
628 2759 735 2811 coelum
755 2757 877 2829 caligine
898 2760 1066 2813 comebatur
1086 2759 1217 2821 obscura,
1249 2763 1279 2811 et
1300 2758 1426 2828 aprime
1447 2772 1569 2812 aurorae
1590 2765 1692 2812 exortu

331 2866 419 2918 nsque
448 2849 482 2900 au
509 2846 648 2900 meridiem
678 2838 792 2909 (locum
815 2838 951 2917 intelligo
981 2838 1071 2911 coeli,
1101 2856 1158 2898 non
1187 2840 1321 2917 tempus)
1345 2847 1560 2902 intermicabant
1582 2846 1694 2919 jugiter

330 2928 444 2985 stellae.
486 2928 538 2981 His
569 2928 720 2981 terroribus
751 2930 916 2993 accedebat,
949 2930 1021 3000 quod
1051 2945 1110 2981 cum
1141 2929 1191 2981 lux
1212 2928 1341 2982 coelestis
1367 2929 1538 2999 operiretur,
1561 2947 1579 2981 a
1600 2927 1692 2982 mundi

331 3013 482 3078 conspectu
503 3007 642 3077 penitus
663 3009 724 3062 lnce
746 3008 874 3079 abrepta,
897 3010 1031 3064 deiecisse
1053 3008 1155 3063 diutins
1170 3008 1262 3063 Solem
1283 3008 1402 3079 pavidae
1422 3016 1530 3063 mentes
1551 3009 1693 3064 hominurn

330 3089 531 3152 aestimabant,
553 3088 640 3157 primo
663 3096 840 3142 attenuatum
861 3091 888 3143 in
908 3092 1005 3144 Lunae
1026 3089 1222 3144 corniculantis
1244 3089 1378 3160 effigiem,
1400 3089 1499 3163 deinde
1518 3088 1549 3143 in
1571 3089 1692 3159 speciem

327 3185 439 3234 auctum
461 3184 622 3232 semestrem
642 3186 796 3248 posteaque
817 3179 845 3231 in
866 3181 1004 3251 integrum
1024 3178 1193 3233 restitutum.
1236 3167 1338 3236 Quare
1373 3168 1421 3229 hic
1455 3185 1574 3248 quoque
1608 3177 1691 3229 totus

327 3256 382 3321 Sol
406 3257 528 3331 defecit,
555 3258 751 3337 nequicquam
765 3256 926 3320 Prutenicc
951 3258 1066 3319 calculo
1091 3258 1278 3337 relinquente
1302 3255 1446 3318 circulum
1464 3256 1548 3318 circa
1563 3256 1691 3323 Lunam.

328 3347 415 3408 Luna
443 3346 471 3407 in
502 3364 648 3426 apogaec.
700 3346 780 3409 Nam
810 3347 896 3409 addit
922 3356 1028 3409 auctor
1059 3356 1130 3425 post
1160 3345 1392 3425 explicationem
1423 3364 1587 3408 cansarum
1617 3347 1691 3407 haec

327 3454 443 3518 quoque
467 3436 577 3497 verba:
600 3446 749 3501 cfflrndit-ur
771 3436 917 3499 interdum
942 3448 1113 3502 densioribus
1135 3446 1256 3500 tenebris
1279 3446 1398 3510 coelum,
1420 3452 1453 3500 ut
1473 3453 1603 3501 maseato
1625 3452 1690 3501 aere

325 3556 361 3591 na
382 3537 511 3607 proxima
539 3538 647 3608 quidem
668 3543 697 3591 et
718 3538 846 3607 opposita
877 3555 990 3592 cernere
1017 3554 1156 3607 queamus.
1195 3523 1284 3596 Quod
1322 3526 1418 3604 ipsum
1455 3526 1561 3604 procul
1600 3526 1691 3588 dublo

325 3617 401 3678 haec
432 3616 500 3695 ipsa
530 3615 633 3678 docuit
660 3617 796 3695 eclipsis,
832 3625 866 3678 ut
900 3616 982 3695 prius
1016 3617 1109 3677 etiam
1137 3614 1331 3678 Plutarchum
1364 3635 1428 3676 sna.
1477 3615 1550 3676 Fuit
1581 3616 1691 3677 Annus

327 3703 441 3768 Christi
466 3701 541 3768 360.
566 3702 619 3767 28.
644 3705 725 3783 Aug.

415 3792 491 3856 Cum
524 3794 666 3856 historiae
700 3812 755 3873 per
782 3794 898 3874 aliquot
927 3793 1029 3855 secula
1059 3793 1280 3856 rarissimarum
1303 3791 1495 3855 meminerint
1517 3791 1689 3871 eclipsiuro,

326 3882 468 3945 credibile
488 3892 613 3944 estnon
635 3890 798 3945 annotatas
818 3902 886 3944 esse
905 3882 993 3959 alias,
1018 3903 1106 3964 quam
1127 3902 1203 3963 quae
1224 3882 1418 3944 conversione
1440 3881 1500 3943 diei
1518 3879 1551 3942 in
1570 3890 1690 3943 noctem

326 3972 429 4033 oculos
458 3971 644 4034 incurrerent
671 3973 842 4051 totalesque
872 3980 985 4032 esseut.
1033 3971 1148 4044 Quales
1175 3972 1461 4050 Liechtenhergiuur
1494 3977 1635 4050 tempore
1658 3969 1690 4033 S.

324 4059 459 4134 Martini,
484 4062 671 4122 Jornandum
696 4070 727 4122 et
750 4061 958 4123 Marcellinum
984 4081 1061 4122 auno
1085 4058 1161 4124 418.
1190 4058 1241 4124 19.
1265 4060 1349 4135 Julii,
1373 4060 1513 4123 Annales
1528 4057 1689 4122 Constan-

325 4149 542 4228 tinopclitanas
567 4171 645 4212 anno
670 4149 786 4213 Christi
810 4147 885 4215 592.
916 4146 963 4213 19.
981 4151 1094 4221 Martii,
1119 4149 1235 4211 Bedam
1255 4168 1333 4211 anno
1353 4145 1429 4212 664.
1458 4149 1485 4212 1.
1501 4148 1589 4222 Maii,
1614 4168 1690 4211 cco·

325 4234 464 4317 signasse
489 4239 630 4301 credibile
654 4247 712 4301 est.
757 4240 822 4301 Nec
845 4240 971 4302 multum
996 4260 1068 4301 sane
1092 4239 1271 4302 Prutenicus
1295 4238 1429 4301 calculus
1453 4248 1615 4318 repugnat,
1641 4239 1690 4319 qui

325 4323 522 4411 illam10¹l„
548 4329 624 4389 hanc
651 4327 691 4391 12
715 4347 791 4407 pene
813 4330 975 4408 digitorum
995 4330 1105 4410 prodit.
1135 4330 1225 4391 Anno
1241 4324 1315 4392 787.
1340 4338 1463 4393 maxima
1480 4336 1555 4392 Solis
1577 4340 1690 4410 eclipsis

325 4426 451 4499 mntigit.
504 4415 659 4478 Cedrenus
692 4419 825 4479 calculus
855 4419 989 4481 ostendit
1021 4417 1072 4482 16.
1104 4416 1191 4499 Sept.
1225 4417 1286 4497 dig.
1319 4410 1415 4499 11¹1..
1462 4415 1525 4478 Sed
1559 4419 1690 4481 totalem

325 4504 420 4566 luisse
443 4523 481 4564 ex
505 4505 605 4566 verbis
630 4507 789 4585 colligitur.
803 4502 845 4580 '')

414 4610 504 4672 Anno
528 4606 604 4674 840.
629 4610 660 4673 5.
686 4611 760 4673 Maii
786 4613 910 4693 eclipsin
936 4612 1017 4674 Solis
1044 4623 1108 4675 tam
1137 4612 1269 4674 validam
1293 4612 1386 4673 tuisse
1410 4612 1456 4674 ait
1483 4620 1592 4676 auctor
1625 4615 1690 4677 sine

326 4699 458 4770 nomine,
489 4718 521 4764 nt
541 4710 625 4765 etiarn
647 4713 748 4766 stellae
768 4721 884 4783 propter
905 4713 1101 4767 obscuritatem
1122 4712 1194 4767 Solis
1221 4713 1299 4767 visse
1321 4712 1378 4767 sint
1401 4713 1542 4786 rebusque
1563 4714 1643 4770 color
1664 4717 1690 4770 in

325 4797 416 4852 Terris
438 4805 603 4856 mutaretur.
655 4792 744 4853 Alius
782 4799 887 4852 auctor
919 4803 1053 4867 totalem,
1087 4793 1245 4853 Aunouius
1282 4801 1431 4857 maximam
1474 4792 1572 4855 fnisse
1604 4794 1689 4857 dicit.

326 4875 413 4937 Luna
435 4877 464 4938 in
488 4880 630 4959 perigaec
655 4880 718 4941 init.
761 4878 809 4941 De
840 4879 896 4940 hac
929 4882 1033 4959 eclipsi
1063 4882 1093 4941 in
1118 4882 1182 4942 vita
1204 4881 1351 4943 Ludcvici
1374 4881 1415 4961 pii
1440 4882 1516 4944 haec
1540 4884 1691 4945 nnuma·

326 4966 419 5025 verba
441 4966 627 5030 inseruntur:
647 4978 758 5048 eclipsis
779 4978 851 5032 Solis
874 4980 993 5051 contigit
1011 4980 1098 5034 tertia
1118 4981 1162 5034 die
1183 4982 1306 5036 letaniae
1328 4981 1441 5051 maioris
1462 4982 1578 5039 insolito
1598 4986 1689 5040 nodo.

326 5054 358 5108 lu
378 5061 485 5111 tanturn
512 5058 584 5113 enim
611 5058 679 5112 lucis
707 5071 819 5114 masau
848 5062 983 5116 tancmari
1012 5062 1242 5131 annumerant,
1271 5069 1307 5119 11
1324 5062 1396 5119 nisit
1415 5077 1435 5121 a
1454 5064 1546 5123 noctis
1566 5066 1690 5123 mh*
