<?xml version="1.0" encoding="UTF-8"?>
<!DOCTYPE html PUBLIC "-//W3C//DTD XHTML 1.0 Transitional//EN"
    "http://www.w3.org/TR/xhtml1/DTD/xhtml1-transitional.dtd">
<html xmlns="http://www.w3.org/1999/xhtml" xml:lang="en" lang="en">
 <head>
  <title>
</title>
<meta http-equiv="Content-Type" content="text/html;charset=utf-8" />
  <meta name='ocr-system' content='tesseract 3.04.00' />
  <meta name='ocr-capabilities' content='ocr_page ocr_carea ocr_par ocr_line ocrx_word'/>
</head>
<body>
  <div class='ocr_page' id='page_1' title='image "./joanniskepleria01frisgoog/joanniskepleria01frisgoog_0503.png"; bbox 0 0 3692 5842; ppageno 0'>
   <div class='ocr_carea' id='block_1_1' title="bbox 758 464 1591 540">
    <p class='ocr_par' dir='ltr' id='par_1_1' title="bbox 758 464 1591 540">
     <span class='ocr_line' id='line_1_1' title="bbox 758 464 1591 540; baseline 0.018 -25"><span class='ocrx_word' id='word_1_1' title='bbox 758 479 813 516; x_wconf 91' lang='lat' dir='ltr'><strong>cum</strong></span> <span class='ocrx_word' id='word_1_2' title='bbox 831 465 931 516; x_wconf 80' lang='lat' dir='ltr'><strong>Nuneio</strong></span> <span class='ocrx_word' id='word_1_3' title='bbox 952 464 1061 517; x_wconf 80' lang='lat' dir='ltr'><strong>sidereo.</strong></span> <span class='ocrx_word' id='word_1_4' title='bbox 1312 534 1315 540; x_wconf 29' lang='lat'><em>¹</em></span> <span class='ocrx_word' id='word_1_5' title='bbox 1525 465 1591 536; x_wconf 80' lang='grc'><strong>493</strong></span> 
     </span>
    </p>
   </div>
   <div class='ocr_carea' id='block_1_2' title="bbox 225 637 1661 5082">
    <p class='ocr_par' dir='ltr' id='par_1_2' title="bbox 225 637 1591 902">
     <span class='ocr_line' id='line_1_2' title="bbox 225 637 1591 726; baseline 0.003 -22"><span class='ocrx_word' id='word_1_6' title='bbox 225 639 321 704; x_wconf 85' lang='lat' dir='ltr'><strong>dibus</strong></span> <span class='ocrx_word' id='word_1_7' title='bbox 355 648 388 703; x_wconf 89' lang='lat' dir='ltr'><strong>ct</strong></span> <span class='ocrx_word' id='word_1_8' title='bbox 417 637 555 704; x_wconf 85' lang='lat' dir='ltr'><strong>Columbi</strong></span> <span class='ocrx_word' id='word_1_9' title='bbox 587 642 786 704; x_wconf 90' lang='lat' dir='ltr'><strong>detectionem</strong></span> <span class='ocrx_word' id='word_1_10' title='bbox 819 643 888 704; x_wconf 84' lang='lat' dir='ltr'><strong>nori</strong></span> <span class='ocrx_word' id='word_1_11' title='bbox 919 644 1014 712; x_wconf 89' lang='lat' dir='ltr'><strong>orbis,</strong></span> <span class='ocrx_word' id='word_1_12' title='bbox 1048 642 1182 722; x_wconf 83' lang='lat' dir='ltr'><strong>adeoque</strong></span> <span class='ocrx_word' id='word_1_13' title='bbox 1216 653 1247 705; x_wconf 86' lang='lat' dir='ltr'><strong>et</strong></span> <span class='ocrx_word' id='word_1_14' title='bbox 1278 644 1357 705; x_wconf 90' lang='lat' dir='ltr'><strong>inter</strong></span> <span class='ocrx_word' id='word_1_15' title='bbox 1385 646 1467 724; x_wconf 88' lang='lat' dir='ltr'><strong>ipsos</strong></span> <span class='ocrx_word' id='word_1_16' title='bbox 1502 647 1591 726; x_wconf 81' lang='lat' dir='ltr'><strong>vulgo</strong></span> 
     </span>
     <span class='ocr_line' id='line_1_3' title="bbox 225 729 1591 813; baseline 0.004 -21"><span class='ocrx_word' id='word_1_17' title='bbox 225 729 427 794; x_wconf 86' lang='lat' dir='ltr'><strong>circumlatus</strong></span> <span class='ocrx_word' id='word_1_18' title='bbox 449 729 538 791; x_wconf 91' lang='lat' dir='ltr'><strong>tubos</strong></span> <span class='ocrx_word' id='word_1_19' title='bbox 572 731 719 803; x_wconf 89' lang='lat' dir='ltr'><strong>bilentes,</strong></span> <span class='ocrx_word' id='word_1_20' title='bbox 744 741 773 793; x_wconf 93' lang='lat' dir='ltr'><strong>et</strong></span> <span class='ocrx_word' id='word_1_21' title='bbox 798 733 876 793; x_wconf 91' lang='lat' dir='ltr'><strong>inter</strong></span> <span class='ocrx_word' id='word_1_22' title='bbox 899 742 983 794; x_wconf 92' lang='lat' dir='ltr'><strong>tuam</strong></span> <span class='ocrx_word' id='word_1_23' title='bbox 1008 730 1146 793; x_wconf 80' lang='lat' dir='ltr'><strong>Galilaee</strong></span> <span class='ocrx_word' id='word_1_24' title='bbox 1171 734 1357 806; x_wconf 88' lang='lat' dir='ltr'><strong>machinam,</strong></span> <span class='ocrx_word' id='word_1_25' title='bbox 1391 755 1450 813; x_wconf 90' lang='lat' dir='ltr'><strong>qua</strong></span> <span class='ocrx_word' id='word_1_26' title='bbox 1475 737 1591 798; x_wconf 90' lang='lat' dir='ltr'><strong>coelum</strong></span> 
     </span>
     <span class='ocr_line' id='line_1_4' title="bbox 226 817 1587 902; baseline 0.002 -22"><span class='ocrx_word' id='word_1_27' title='bbox 226 817 332 902; x_wconf 82' lang='lat' dir='ltr'><strong>ipsum</strong></span> <span class='ocrx_word' id='word_1_28' title='bbox 355 818 536 881; x_wconf 89' lang='lat' dir='ltr'><strong>terebrasti:</strong></span> <span class='ocrx_word' id='word_1_29' title='bbox 571 820 623 880; x_wconf 89' lang='lat' dir='ltr'><strong>sed</strong></span> <span class='ocrx_word' id='word_1_30' title='bbox 657 821 736 881; x_wconf 91' lang='lat' dir='ltr'><strong>nitor</strong></span> <span class='ocrx_word' id='word_1_31' title='bbox 760 821 807 881; x_wconf 93' lang='lat' dir='ltr'><strong>hic</strong></span> <span class='ocrx_word' id='word_1_32' title='bbox 831 822 919 881; x_wconf 88' lang='lat' dir='ltr'><strong>fidem</strong></span> <span class='ocrx_word' id='word_1_33' title='bbox 944 820 1103 882; x_wconf 80' lang='lat' dir='ltr'><strong>incredulis</strong></span> <span class='ocrx_word' id='word_1_34' title='bbox 1128 821 1227 882; x_wconf 90' lang='lat' dir='ltr'><strong>facere</strong></span> <span class='ocrx_word' id='word_1_35' title='bbox 1252 822 1442 883; x_wconf 83' lang='lat' dir='ltr'>instrumenti</span> <span class='ocrx_word' id='word_1_36' title='bbox 1466 825 1519 885; x_wconf 92' lang='lat' dir='ltr'><strong>tui.</strong></span> <span class='ocrx_word' id='word_1_37' title='bbox 1547 855 1587 867; x_wconf 90' lang='lat'><strong>—-</strong></span> 
     </span>
    </p>

    <p class='ocr_par' dir='ltr' id='par_1_3' title="bbox 227 908 1594 2588">
     <span class='ocr_line' id='line_1_5' title="bbox 319 908 1591 989; baseline 0.004 -20"><span class='ocrx_word' id='word_1_38' title='bbox 319 908 490 970; x_wconf 84' lang='lat' dir='ltr'><strong>Fatendum</strong></span> <span class='ocrx_word' id='word_1_39' title='bbox 507 916 563 981; x_wconf 89' lang='lat' dir='ltr'><strong>est,</strong></span> <span class='ocrx_word' id='word_1_40' title='bbox 588 928 634 969; x_wconf 90' lang='lat' dir='ltr'><strong>me</strong></span> <span class='ocrx_word' id='word_1_41' title='bbox 654 929 691 970; x_wconf 86' lang='lat' dir='ltr'><strong>ex</strong></span> <span class='ocrx_word' id='word_1_42' title='bbox 711 928 746 970; x_wconf 90' lang='lat' dir='ltr'><strong>eo</strong></span> <span class='ocrx_word' id='word_1_43' title='bbox 767 919 909 988; x_wconf 90' lang='lat' dir='ltr'><strong>tempore,</strong></span> <span class='ocrx_word' id='word_1_44' title='bbox 937 930 994 989; x_wconf 93' lang='lat' dir='ltr'><strong>quo</strong></span> <span class='ocrx_word' id='word_1_45' title='bbox 1009 908 1120 987; x_wconf 86' lang='lat' dir='ltr'><strong>Optiea</strong></span> <span class='ocrx_word' id='word_1_46' title='bbox 1144 929 1208 970; x_wconf 87' lang='lat' dir='ltr'><strong>sum</strong></span> <span class='ocrx_word' id='word_1_47' title='bbox 1223 930 1393 989; x_wconf 86' lang='lat' dir='ltr'><strong>aggressus,</strong></span> <span class='ocrx_word' id='word_1_48' title='bbox 1410 913 1591 974; x_wconf 87' lang='lat' dir='ltr'><strong>creberrime</strong></span> 
     </span>
     <span class='ocr_line' id='line_1_6' title="bbox 228 993 1592 1079; baseline 0.002 -19"><span class='ocrx_word' id='word_1_49' title='bbox 228 993 401 1061; x_wconf 80' lang='lat' dir='ltr'><strong>aGaesare</strong></span> <span class='ocrx_word' id='word_1_50' title='bbox 421 1004 559 1075; x_wconf 89' lang='lat' dir='ltr'><strong>rogatum</strong></span> <span class='ocrx_word' id='word_1_51' title='bbox 574 998 611 1057; x_wconf 91' lang='lat' dir='ltr'><strong>de</strong></span> <span class='ocrx_word' id='word_1_52' title='bbox 627 998 737 1059; x_wconf 88' lang='lat' dir='ltr'><strong>Portae</strong></span> <span class='ocrx_word' id='word_1_53' title='bbox 763 999 977 1077; x_wconf 83' lang='lat' dir='ltr'>suprascriptis</span> <span class='ocrx_word' id='word_1_54' title='bbox 1002 997 1154 1069; x_wconf 88' lang='lat' dir='ltr'><strong>artificiis,</strong></span> <span class='ocrx_word' id='word_1_55' title='bbox 1188 1000 1275 1059; x_wconf 89' lang='lat' dir='ltr'><strong>fidem</strong></span> <span class='ocrx_word' id='word_1_56' title='bbox 1300 1000 1336 1061; x_wconf 92' lang='lat' dir='ltr'><strong>iis</strong></span> <span class='ocrx_word' id='word_1_57' title='bbox 1372 1010 1404 1059; x_wconf 91' lang='lat' dir='ltr'><strong>ut</strong></span> <span class='ocrx_word' id='word_1_58' title='bbox 1434 1002 1592 1079; x_wconf 92' lang='lat' dir='ltr'><strong>plurimum</strong></span> 
     </span>
     <span class='ocr_line' id='line_1_7' title="bbox 227 1085 1593 1167; baseline 0.003 -19"><span class='ocrx_word' id='word_1_59' title='bbox 227 1085 406 1167; x_wconf 82' lang='lat' dir='ltr'><strong>derogasse.</strong></span> <span class='ocrx_word' id='word_1_60' title='bbox 454 1086 518 1146; x_wconf 93' lang='lat' dir='ltr'><strong>Nec</strong></span> <span class='ocrx_word' id='word_1_61' title='bbox 542 1086 656 1161; x_wconf 90' lang='lat' dir='ltr'><strong>mlrum,</strong></span> <span class='ocrx_word' id='word_1_62' title='bbox 681 1087 788 1148; x_wconf 90' lang='lat' dir='ltr'><strong>miscet</strong></span> <span class='ocrx_word' id='word_1_63' title='bbox 812 1088 892 1148; x_wconf 93' lang='lat' dir='ltr'><strong>enim</strong></span> <span class='ocrx_word' id='word_1_64' title='bbox 916 1088 1075 1149; x_wconf 86' lang='lat' dir='ltr'><strong>manifeste</strong></span> <span class='ocrx_word' id='word_1_65' title='bbox 1106 1088 1295 1149; x_wconf 83' lang='lat' dir='ltr'><strong>incredibilia</strong></span> <span class='ocrx_word' id='word_1_66' title='bbox 1318 1089 1534 1167; x_wconf 88' lang='lat' dir='ltr'><strong>probabilibus,</strong></span> <span class='ocrx_word' id='word_1_67' title='bbox 1561 1100 1593 1152; x_wconf 91' lang='lat' dir='ltr'><strong>et</strong></span> 
     </span>
     <span class='ocr_line' id='line_1_8' title="bbox 229 1173 1588 1258; baseline 0 -19"><span class='ocrx_word' id='word_1_68' title='bbox 229 1175 339 1239; x_wconf 83' lang='lat' dir='ltr'><strong>titulus</strong></span> <span class='ocrx_word' id='word_1_69' title='bbox 367 1174 478 1254; x_wconf 87' lang='lat' dir='ltr'><strong>capitis</strong></span> <span class='ocrx_word' id='word_1_70' title='bbox 507 1173 555 1236; x_wconf 86' lang='lat' dir='ltr'><strong>li.</strong></span> <span class='ocrx_word' id='word_1_71' title='bbox 582 1175 699 1235; x_wconf 85' lang='lat' dir='ltr'><strong>verbis:</strong></span> <span class='ocrx_word' id='word_1_72' title='bbox 736 1175 854 1256; x_wconf 81' lang='lat' dir='ltr'><strong>,Supra</strong></span> <span class='ocrx_word' id='word_1_73' title='bbox 878 1197 993 1238; x_wconf 89' lang='lat' dir='ltr'><strong>omnem</strong></span> <span class='ocrx_word' id='word_1_74' title='bbox 1018 1176 1183 1254; x_wconf 85' lang='lat' dir='ltr'><strong>cogitatum</strong></span> <span class='ocrx_word' id='word_1_75' title='bbox 1207 1197 1294 1256; x_wconf 88' lang='lat' dir='ltr'><strong>quam</strong></span> <span class='ocrx_word' id='word_1_76' title='bbox 1319 1178 1491 1256; x_wconf 75' lang='lat' dir='ltr'><strong>longissime</strong></span> <span class='ocrx_word' id='word_1_77' title='bbox 1516 1199 1588 1258; x_wconf 92' lang='lat' dir='ltr'><strong>pro-</strong></span> 
     </span>
     <span class='ocr_line' id='line_1_9' title="bbox 228 1262 1587 1345; baseline 0.002 -20"><span class='ocrx_word' id='word_1_78' title='bbox 228 1262 369 1344; x_wconf 80' lang='lat' dir='ltr'><strong>spicerc“</strong></span> <span class='ocrx_word' id='word_1_79' title='bbox 400 1264 558 1324; x_wconf 87' lang='lat' dir='ltr'><strong>videbatur</strong></span> <span class='ocrx_word' id='word_1_80' title='bbox 582 1264 800 1325; x_wconf 78' lang='lat' dir='ltr'><strong>absurditatem</strong></span> <span class='ocrx_word' id='word_1_81' title='bbox 824 1267 954 1343; x_wconf 89' lang='lat' dir='ltr'><strong>opticam</strong></span> <span class='ocrx_word' id='word_1_82' title='bbox 980 1266 1151 1325; x_wconf 78' lang='lat' dir='ltr'><strong>involvere:</strong></span> <span class='ocrx_word' id='word_1_83' title='bbox 1184 1267 1268 1345; x_wconf 82' lang='lat' dir='ltr'><strong>quasi</strong></span> <span class='ocrx_word' id='word_1_84' title='bbox 1304 1266 1378 1326; x_wconf 84' lang='lat' dir='ltr'><strong>visio</strong></span> <span class='ocrx_word' id='word_1_85' title='bbox 1412 1268 1465 1327; x_wconf 83' lang='lat' dir='ltr'><strong>liat</strong></span> <span class='ocrx_word' id='word_1_86' title='bbox 1498 1269 1587 1329; x_wconf 84' lang='lat' dir='ltr'><strong>eunit-</strong></span> 
     </span>
     <span class='ocr_line' id='line_1_10' title="bbox 230 1352 1592 1435; baseline 0.002 -20"><span class='ocrx_word' id='word_1_87' title='bbox 230 1353 326 1415; x_wconf 89' lang='lat' dir='ltr'><strong>tendo</strong></span> <span class='ocrx_word' id='word_1_88' title='bbox 350 1361 382 1414; x_wconf 93' lang='lat' dir='ltr'><strong>et</strong></span> <span class='ocrx_word' id='word_1_89' title='bbox 404 1352 575 1431; x_wconf 91' lang='lat' dir='ltr'><strong>perspicilla</strong></span> <span class='ocrx_word' id='word_1_90' title='bbox 598 1363 709 1414; x_wconf 89' lang='lat' dir='ltr'><strong>acuant</strong></span> <span class='ocrx_word' id='word_1_91' title='bbox 732 1354 807 1414; x_wconf 83' lang='lat' dir='ltr'><strong>oculi</strong></span> <span class='ocrx_word' id='word_1_92' title='bbox 828 1355 967 1432; x_wconf 90' lang='lat' dir='ltr'><strong>jaculos,</strong></span> <span class='ocrx_word' id='word_1_93' title='bbox 992 1362 1025 1414; x_wconf 93' lang='lat' dir='ltr'><strong>ut</strong></span> <span class='ocrx_word' id='word_1_94' title='bbox 1049 1355 1086 1413; x_wconf 92' lang='lat' dir='ltr'><strong>ad</strong></span> <span class='ocrx_word' id='word_1_95' title='bbox 1111 1355 1272 1415; x_wconf 84' lang='lat' dir='ltr'><strong>remotiora</strong></span> <span class='ocrx_word' id='word_1_96' title='bbox 1300 1364 1477 1433; x_wconf 85' lang='lat' dir='ltr'><strong>penetrent,</strong></span> <span class='ocrx_word' id='word_1_97' title='bbox 1504 1375 1592 1435; x_wconf 89' lang='lat' dir='ltr'><strong>quam</strong></span> 
     </span>
     <span class='ocr_line' id='line_1_11' title="bbox 230 1441 1591 1522; baseline 0.001 -19"><span class='ocrx_word' id='word_1_98' title='bbox 230 1442 257 1503; x_wconf 88' lang='lat' dir='ltr'><strong>si</strong></span> <span class='ocrx_word' id='word_1_99' title='bbox 282 1441 366 1503; x_wconf 88' lang='lat' dir='ltr'><strong>nulla</strong></span> <span class='ocrx_word' id='word_1_100' title='bbox 388 1441 546 1522; x_wconf 89' lang='lat' dir='ltr'><strong>perpicilla</strong></span> <span class='ocrx_word' id='word_1_101' title='bbox 570 1441 801 1503; x_wconf 87' lang='lat' dir='ltr'><strong>adhiberentur:</strong></span> <span class='ocrx_word' id='word_1_102' title='bbox 837 1452 889 1504; x_wconf 89' lang='lat' dir='ltr'><strong>aut</strong></span> <span class='ocrx_word' id='word_1_103' title='bbox 913 1444 957 1517; x_wconf 92' lang='lat' dir='ltr'><strong>si,</strong></span> <span class='ocrx_word' id='word_1_104' title='bbox 982 1453 1015 1503; x_wconf 95' lang='lat' dir='ltr'><strong>ut</strong></span> <span class='ocrx_word' id='word_1_105' title='bbox 1039 1443 1176 1521; x_wconf 89' lang='lat' dir='ltr'><strong>agnoscit</strong></span> <span class='ocrx_word' id='word_1_106' title='bbox 1198 1444 1309 1517; x_wconf 88' lang='lat' dir='ltr'><strong>Porta,</strong></span> <span class='ocrx_word' id='word_1_107' title='bbox 1345 1444 1420 1504; x_wconf 89' lang='lat' dir='ltr'><strong>visio</strong></span> <span class='ocrx_word' id='word_1_108' title='bbox 1455 1446 1488 1506; x_wconf 91' lang='lat' dir='ltr'><strong>fit</strong></span> <span class='ocrx_word' id='word_1_109' title='bbox 1512 1447 1591 1507; x_wconf 89' lang='lat' dir='ltr'><strong>reci-</strong></span> 
     </span>
     <span class='ocr_line' id='line_1_12' title="bbox 230 1529 1592 1612; baseline 0.002 -20"><span class='ocrx_word' id='word_1_110' title='bbox 230 1529 362 1610; x_wconf 87' lang='lat' dir='ltr'><strong>piendc‚</strong></span> <span class='ocrx_word' id='word_1_111' title='bbox 397 1530 483 1610; x_wconf 90' lang='lat' dir='ltr'><strong>quasi</strong></span> <span class='ocrx_word' id='word_1_112' title='bbox 515 1539 586 1590; x_wconf 92' lang='lat' dir='ltr'><strong>tunc</strong></span> <span class='ocrx_word' id='word_1_113' title='bbox 617 1532 743 1609; x_wconf 89' lang='lat' dir='ltr'><strong>specilla</strong></span> <span class='ocrx_word' id='word_1_114' title='bbox 766 1532 855 1592; x_wconf 88' lang='lat' dir='ltr'><strong>rebus</strong></span> <span class='ocrx_word' id='word_1_115' title='bbox 879 1532 1016 1592; x_wconf 82' lang='lat' dir='ltr'><strong>ridendis</strong></span> <span class='ocrx_word' id='word_1_116' title='bbox 1047 1532 1143 1591; x_wconf 84' lang='lat' dir='ltr'><strong>lucem</strong></span> <span class='ocrx_word' id='word_1_117' title='bbox 1176 1532 1337 1593; x_wconf 86' lang='lat' dir='ltr'><strong>concilient</strong></span> <span class='ocrx_word' id='word_1_118' title='bbox 1370 1533 1417 1593; x_wconf 91' lang='lat' dir='ltr'><strong>vel</strong></span> <span class='ocrx_word' id='word_1_119' title='bbox 1451 1541 1592 1612; x_wconf 82' lang='lat' dir='ltr'><strong>augeant,</strong></span> 
     </span>
     <span class='ocr_line' id='line_1_13' title="bbox 232 1618 1594 1702; baseline 0.001 -20"><span class='ocrx_word' id='word_1_120' title='bbox 232 1637 302 1682; x_wconf 87' lang='lat' dir='ltr'><strong>cnm</strong></span> <span class='ocrx_word' id='word_1_121' title='bbox 325 1618 382 1681; x_wconf 93' lang='lat' dir='ltr'><strong>hoc</strong></span> <span class='ocrx_word' id='word_1_122' title='bbox 409 1618 508 1698; x_wconf 90' lang='lat' dir='ltr'><strong>potius</strong></span> <span class='ocrx_word' id='word_1_123' title='bbox 530 1637 633 1679; x_wconf 86' lang='lat' dir='ltr'><strong>verum</strong></span> <span class='ocrx_word' id='word_1_124' title='bbox 657 1620 714 1692; x_wconf 90' lang='lat' dir='ltr'><strong>sit,</strong></span> <span class='ocrx_word' id='word_1_125' title='bbox 751 1640 826 1700; x_wconf 88' lang='lat' dir='ltr'><strong>quae</strong></span> <span class='ocrx_word' id='word_1_126' title='bbox 857 1640 915 1682; x_wconf 92' lang='lat' dir='ltr'><strong>non</strong></span> <span class='ocrx_word' id='word_1_127' title='bbox 940 1622 1018 1683; x_wconf 91' lang='lat' dir='ltr'><strong>ultro</strong></span> <span class='ocrx_word' id='word_1_128' title='bbox 1043 1620 1080 1680; x_wconf 90' lang='lat' dir='ltr'><strong>ad</strong></span> <span class='ocrx_word' id='word_1_129' title='bbox 1114 1629 1233 1681; x_wconf 91' lang='lat' dir='ltr'><strong>nostros</strong></span> <span class='ocrx_word' id='word_1_130' title='bbox 1267 1622 1370 1683; x_wconf 90' lang='lat' dir='ltr'><strong>oculos</strong></span> <span class='ocrx_word' id='word_1_131' title='bbox 1408 1623 1594 1702; x_wconf 88' lang='lat' dir='ltr'><strong>ejaculantur</strong></span> 
     </span>
     <span class='ocr_line' id='line_1_14' title="bbox 232 1707 1593 1791; baseline 0.001 -21"><span class='ocrx_word' id='word_1_132' title='bbox 232 1707 369 1789; x_wconf 80' lang='lat' dir='ltr'><strong>aliquam</strong></span> <span class='ocrx_word' id='word_1_133' title='bbox 393 1707 539 1782; x_wconf 90' lang='lat' dir='ltr'><strong>luculam,</strong></span> <span class='ocrx_word' id='word_1_134' title='bbox 570 1727 628 1788; x_wconf 92' lang='lat' dir='ltr'><strong>qua</strong></span> <span class='ocrx_word' id='word_1_135' title='bbox 652 1708 803 1769; x_wconf 88' lang='lat' dir='ltr'><strong>mediante</strong></span> <span class='ocrx_word' id='word_1_136' title='bbox 825 1711 1063 1789; x_wconf 85' lang='lat' dir='ltr'><strong>conspiciantur,</strong></span> <span class='ocrx_word' id='word_1_137' title='bbox 1088 1728 1239 1788; x_wconf 90' lang='lat' dir='ltr'><strong>nunquam</strong></span> <span class='ocrx_word' id='word_1_138' title='bbox 1262 1710 1315 1770; x_wconf 90' lang='lat' dir='ltr'><strong>illa</strong></span> <span class='ocrx_word' id='word_1_139' title='bbox 1339 1712 1398 1771; x_wconf 95' lang='lat' dir='ltr'><strong>ullo</strong></span> <span class='ocrx_word' id='word_1_140' title='bbox 1422 1713 1593 1791; x_wconf 87' lang='lat' dir='ltr'><strong>perspieillo</strong></span> 
     </span>
     <span class='ocr_line' id='line_1_15' title="bbox 231 1795 1590 1877; baseline 0.001 -18"><span class='ocrx_word' id='word_1_141' title='bbox 231 1795 338 1877; x_wconf 90' lang='lat' dir='ltr'><strong>detegi</strong></span> <span class='ocrx_word' id='word_1_142' title='bbox 351 1816 452 1876; x_wconf 88' lang='lat' dir='ltr'><strong>posse.</strong></span> <span class='ocrx_word' id='word_1_143' title='bbox 478 1798 641 1857; x_wconf 90' lang='lat' dir='ltr'><strong>Praeterea</strong></span> <span class='ocrx_word' id='word_1_144' title='bbox 666 1798 825 1859; x_wconf 87' lang='lat' dir='ltr'><strong>credebam</strong></span> <span class='ocrx_word' id='word_1_145' title='bbox 847 1818 905 1860; x_wconf 93' lang='lat' dir='ltr'><strong>non</strong></span> <span class='ocrx_word' id='word_1_146' title='bbox 931 1806 1047 1859; x_wconf 90' lang='lat' dir='ltr'><strong>tantum</strong></span> <span class='ocrx_word' id='word_1_147' title='bbox 1063 1804 1163 1858; x_wconf 74' lang='lat' dir='ltr'><strong>aerem</strong></span> <span class='ocrx_word' id='word_1_148' title='bbox 1187 1817 1254 1859; x_wconf 90' lang='lat' dir='ltr'><strong>esse</strong></span> <span class='ocrx_word' id='word_1_149' title='bbox 1279 1818 1412 1859; x_wconf 91' lang='lat' dir='ltr'><strong>crassum</strong></span> <span class='ocrx_word' id='word_1_150' title='bbox 1436 1809 1467 1860; x_wconf 91' lang='lat' dir='ltr'><strong>et</strong></span> <span class='ocrx_word' id='word_1_151' title='bbox 1491 1802 1590 1861; x_wconf 87' lang='lat' dir='ltr'><strong>colore</strong></span> 
     </span>
     <span class='ocr_line' id='line_1_16' title="bbox 232 1885 1590 1965; baseline 0.001 -17"><span class='ocrx_word' id='word_1_152' title='bbox 232 1885 395 1960; x_wconf 80' lang='lat' dir='ltr'><strong>caeruleo,</strong></span> <span class='ocrx_word' id='word_1_153' title='bbox 431 1905 486 1965; x_wconf 95' lang='lat' dir='ltr'><strong>quo</strong></span> <span class='ocrx_word' id='word_1_154' title='bbox 524 1885 685 1947; x_wconf 87' lang='lat' dir='ltr'><strong>visibilium</strong></span> <span class='ocrx_word' id='word_1_155' title='bbox 707 1896 811 1965; x_wconf 89' lang='lat' dir='ltr'><strong>partes</strong></span> <span class='ocrx_word' id='word_1_156' title='bbox 836 1888 966 1948; x_wconf 90' lang='lat' dir='ltr'><strong>minutae</strong></span> <span class='ocrx_word' id='word_1_157' title='bbox 992 1887 1104 1947; x_wconf 91' lang='lat' dir='ltr'><strong>eminus</strong></span> <span class='ocrx_word' id='word_1_158' title='bbox 1130 1887 1343 1965; x_wconf 88' lang='lat' dir='ltr'><strong>obtegerentur</strong></span> <span class='ocrx_word' id='word_1_159' title='bbox 1367 1897 1399 1949; x_wconf 91' lang='lat' dir='ltr'><strong>et</strong></span> <span class='ocrx_word' id='word_1_160' title='bbox 1422 1889 1590 1950; x_wconf 83' lang='lat' dir='ltr'><strong>confunde-</strong></span> 
     </span>
     <span class='ocr_line' id='line_1_17' title="bbox 231 1975 1590 2057; baseline 0 -20"><span class='ocrx_word' id='word_1_161' title='bbox 231 1982 358 2048; x_wconf 85' lang='lat' dir='ltr'><strong>rentnr;</strong></span> <span class='ocrx_word' id='word_1_162' title='bbox 383 1975 544 2054; x_wconf 93' lang='lat' dir='ltr'><strong>quodcum</strong></span> <span class='ocrx_word' id='word_1_163' title='bbox 568 1994 622 2053; x_wconf 91' lang='lat' dir='ltr'><strong>per</strong></span> <span class='ocrx_word' id='word_1_164' title='bbox 645 1995 677 2036; x_wconf 92' lang='lat' dir='ltr'><strong>se</strong></span> <span class='ocrx_word' id='word_1_165' title='bbox 703 1985 816 2037; x_wconf 91' lang='lat' dir='ltr'><strong>certum</strong></span> <span class='ocrx_word' id='word_1_166' title='bbox 840 1978 889 2048; x_wconf 90' lang='lat' dir='ltr'><strong>sit,</strong></span> <span class='ocrx_word' id='word_1_167' title='bbox 913 1977 1026 2037; x_wconf 79' lang='lat' dir='ltr'><strong>trustra</strong></span> <span class='ocrx_word' id='word_1_168' title='bbox 1049 1976 1188 2036; x_wconf 87' lang='lat' dir='ltr'><strong>videbam</strong></span> <span class='ocrx_word' id='word_1_169' title='bbox 1205 1976 1590 2057; x_wconf 87' lang='lat' dir='ltr'><strong>expectariaperspicillo,</strong></span> 
     </span>
     <span class='ocr_line' id='line_1_18' title="bbox 232 2063 1591 2143; baseline 0.001 -18"><span class='ocrx_word' id='word_1_170' title='bbox 232 2072 268 2126; x_wconf 88' lang='lat' dir='ltr'><strong>nt</strong></span> <span class='ocrx_word' id='word_1_171' title='bbox 291 2063 372 2124; x_wconf 89' lang='lat' dir='ltr'><strong>hanc</strong></span> <span class='ocrx_word' id='word_1_172' title='bbox 397 2063 477 2124; x_wconf 81' lang='lat' dir='ltr'><strong>a&#39;eris</strong></span> <span class='ocrx_word' id='word_1_173' title='bbox 500 2063 638 2124; x_wconf 78' lang='lat' dir='ltr'><strong>int-erfasi</strong></span> <span class='ocrx_word' id='word_1_174' title='bbox 662 2064 863 2126; x_wconf 84' lang='lat' dir='ltr'><strong>substantiam</strong></span> <span class='ocrx_word' id='word_1_175' title='bbox 880 2064 1081 2126; x_wconf 89' lang='lat' dir='ltr'><strong>avisibilibus</strong></span> <span class='ocrx_word' id='word_1_176' title='bbox 1097 2066 1253 2143; x_wconf 86' lang='lat' dir='ltr'><strong>detergat:</strong></span> <span class='ocrx_word' id='word_1_177' title='bbox 1278 2066 1331 2126; x_wconf 91' lang='lat' dir='ltr'><strong>sed</strong></span> <span class='ocrx_word' id='word_1_178' title='bbox 1356 2066 1393 2124; x_wconf 91' lang='lat' dir='ltr'><strong>de</strong></span> <span class='ocrx_word' id='word_1_179' title='bbox 1418 2065 1484 2143; x_wconf 89' lang='lat' dir='ltr'><strong>ipsa</strong></span> <span class='ocrx_word' id='word_1_180' title='bbox 1500 2067 1591 2127; x_wconf 89' lang='lat' dir='ltr'><strong>etiam</strong></span> 
     </span>
     <span class='ocr_line' id='line_1_19' title="bbox 232 2151 1592 2233; baseline -0.001 -18"><span class='ocrx_word' id='word_1_181' title='bbox 232 2152 363 2216; x_wconf 82' lang='lat' dir='ltr'><strong>coelesti</strong></span> <span class='ocrx_word' id='word_1_182' title='bbox 387 2151 521 2213; x_wconf 86' lang='lat' dir='ltr'><strong>essentia</strong></span> <span class='ocrx_word' id='word_1_183' title='bbox 546 2153 607 2213; x_wconf 92' lang='lat' dir='ltr'><strong>tale</strong></span> <span class='ocrx_word' id='word_1_184' title='bbox 632 2154 744 2231; x_wconf 90' lang='lat' dir='ltr'><strong>aliquid</strong></span> <span class='ocrx_word' id='word_1_185' title='bbox 769 2155 939 2233; x_wconf 89' lang='lat' dir='ltr'><strong>suspicatus</strong></span> <span class='ocrx_word' id='word_1_186' title='bbox 963 2172 1047 2227; x_wconf 81' lang='lat' dir='ltr'><strong>suan,</strong></span> <span class='ocrx_word' id='word_1_187' title='bbox 1081 2155 1159 2232; x_wconf 94' lang='lat' dir='ltr'><strong>quod</strong></span> <span class='ocrx_word' id='word_1_188' title='bbox 1183 2173 1251 2225; x_wconf 92' lang='lat' dir='ltr'><strong>nos,</strong></span> <span class='ocrx_word' id='word_1_189' title='bbox 1285 2154 1311 2214; x_wconf 89' lang='lat' dir='ltr'><strong>si</strong></span> <span class='ocrx_word' id='word_1_190' title='bbox 1334 2154 1463 2214; x_wconf 82' lang='lat' dir='ltr'><strong>maxime</strong></span> <span class='ocrx_word' id='word_1_191' title='bbox 1487 2156 1592 2216; x_wconf 91' lang='lat' dir='ltr'><strong>Lunae</strong></span> 
     </span>
     <span class='ocr_line' id='line_1_20' title="bbox 233 2241 1593 2323; baseline -0.001 -19"><span class='ocrx_word' id='word_1_192' title='bbox 233 2261 346 2323; x_wconf 87' lang='lat' dir='ltr'><strong>corpus</strong></span> <span class='ocrx_word' id='word_1_193' title='bbox 368 2242 399 2303; x_wconf 95' lang='lat' dir='ltr'><strong>in</strong></span> <span class='ocrx_word' id='word_1_194' title='bbox 423 2241 597 2303; x_wconf 88' lang='lat' dir='ltr'><strong>immensum</strong></span> <span class='ocrx_word' id='word_1_195' title='bbox 626 2261 806 2320; x_wconf 82' lang='lat' dir='ltr'><strong>augeamus,</strong></span> <span class='ocrx_word' id='word_1_196' title='bbox 845 2243 988 2321; x_wconf 89' lang='lat' dir='ltr'><strong>impedire</strong></span> <span class='ocrx_word' id='word_1_197' title='bbox 1022 2243 1120 2322; x_wconf 89' lang='lat' dir='ltr'><strong>possit</strong></span> <span class='ocrx_word' id='word_1_198' title='bbox 1151 2262 1206 2321; x_wconf 91' lang='lat' dir='ltr'><strong>quo</strong></span> <span class='ocrx_word' id='word_1_199' title='bbox 1240 2243 1336 2303; x_wconf 90' lang='lat' dir='ltr'><strong>minus</strong></span> <span class='ocrx_word' id='word_1_200' title='bbox 1370 2243 1495 2322; x_wconf 83' lang='lat' dir='ltr'><strong>exiguas</strong></span> <span class='ocrx_word' id='word_1_201' title='bbox 1528 2245 1593 2322; x_wconf 92' lang='lat' dir='ltr'><strong>ejus</strong></span> 
     </span>
     <span class='ocr_line' id='line_1_21' title="bbox 232 2330 1590 2412; baseline 0.001 -21"><span class='ocrx_word' id='word_1_202' title='bbox 232 2331 402 2412; x_wconf 85' lang='lat' dir='ltr'><strong>particulas</strong></span> <span class='ocrx_word' id='word_1_203' title='bbox 426 2330 455 2391; x_wconf 93' lang='lat' dir='ltr'><strong>in</strong></span> <span class='ocrx_word' id='word_1_204' title='bbox 489 2350 544 2391; x_wconf 88' lang='lat' dir='ltr'><strong>sua</strong></span> <span class='ocrx_word' id='word_1_205' title='bbox 571 2330 702 2408; x_wconf 88' lang='lat' dir='ltr'><strong>puritate</strong></span> <span class='ocrx_word' id='word_1_206' title='bbox 727 2332 851 2392; x_wconf 88' lang='lat' dir='ltr'><strong>seorsim</strong></span> <span class='ocrx_word' id='word_1_207' title='bbox 876 2353 895 2392; x_wconf 91' lang='lat' dir='ltr'><strong>a</strong></span> <span class='ocrx_word' id='word_1_208' title='bbox 919 2332 1044 2392; x_wconf 91' lang='lat' dir='ltr'><strong>coelesti</strong></span> <span class='ocrx_word' id='word_1_209' title='bbox 1068 2333 1196 2392; x_wconf 90' lang='lat' dir='ltr'><strong>materia</strong></span> <span class='ocrx_word' id='word_1_210' title='bbox 1218 2332 1452 2411; x_wconf 82' lang='lat' dir='ltr'><strong>profundissima</strong></span> <span class='ocrx_word' id='word_1_211' title='bbox 1477 2352 1590 2411; x_wconf 87' lang='lat' dir='ltr'><strong>agnos-</strong></span> 
     </span>
     <span class='ocr_line' id='line_1_22' title="bbox 234 2419 1591 2500; baseline -0.001 -18"><span class='ocrx_word' id='word_1_212' title='bbox 234 2439 304 2482; x_wconf 84' lang='lat' dir='ltr'><strong>cere</strong></span> <span class='ocrx_word' id='word_1_213' title='bbox 328 2420 487 2500; x_wconf 90' lang='lat' dir='ltr'><strong>possimus.</strong></span> <span class='ocrx_word' id='word_1_214' title='bbox 528 2419 594 2479; x_wconf 90' lang='lat' dir='ltr'><strong>Has</strong></span> <span class='ocrx_word' id='word_1_215' title='bbox 614 2420 705 2498; x_wconf 87' lang='lat' dir='ltr'><strong>igitur</strong></span> <span class='ocrx_word' id='word_1_216' title='bbox 720 2421 756 2481; x_wconf 93' lang='lat' dir='ltr'><strong>ob</strong></span> <span class='ocrx_word' id='word_1_217' title='bbox 772 2441 880 2481; x_wconf 88' lang='lat' dir='ltr'><strong>causas</strong></span> <span class='ocrx_word' id='word_1_218' title='bbox 896 2420 1026 2481; x_wconf 85' lang='lat' dir='ltr'><strong>abstinui</strong></span> <span class='ocrx_word' id='word_1_219' title='bbox 1051 2443 1069 2481; x_wconf 92' lang='lat' dir='ltr'><strong>a</strong></span> <span class='ocrx_word' id='word_1_220' title='bbox 1093 2421 1239 2481; x_wconf 90' lang='lat' dir='ltr'><strong>tentanda</strong></span> <span class='ocrx_word' id='word_1_221' title='bbox 1254 2421 1437 2495; x_wconf 88' lang='lat' dir='ltr'><strong>mechanica,</strong></span> <span class='ocrx_word' id='word_1_222' title='bbox 1464 2440 1591 2482; x_wconf 89' lang='lat' dir='ltr'><strong>concur-</strong></span> 
     </span>
     <span class='ocr_line' id='line_1_23' title="bbox 235 2506 979 2588; baseline 0.001 -18"><span class='ocrx_word' id='word_1_223' title='bbox 235 2506 374 2570; x_wconf 88' lang='lat' dir='ltr'><strong>rentibus</strong></span> <span class='ocrx_word' id='word_1_224' title='bbox 398 2509 518 2586; x_wconf 91' lang='lat' dir='ltr'><strong>insnper</strong></span> <span class='ocrx_word' id='word_1_225' title='bbox 541 2509 609 2569; x_wconf 90' lang='lat' dir='ltr'><strong>aliis</strong></span> <span class='ocrx_word' id='word_1_226' title='bbox 633 2509 724 2569; x_wconf 88' lang='lat' dir='ltr'><strong>etiam</strong></span> <span class='ocrx_word' id='word_1_227' title='bbox 749 2510 979 2588; x_wconf 87' lang='lat' dir='ltr'><strong>impedimentis.</strong></span> 
     </span>
    </p>

    <p class='ocr_par' dir='ltr' id='par_1_4' title="bbox 234 2596 1593 3016">
     <span class='ocr_line' id='line_1_24' title="bbox 326 2596 1593 2672; baseline -0.001 -13"><span class='ocrx_word' id='word_1_228' title='bbox 326 2597 373 2659; x_wconf 86' lang='lat' dir='ltr'><strong>At</strong></span> <span class='ocrx_word' id='word_1_229' title='bbox 396 2617 473 2658; x_wconf 94' lang='lat' dir='ltr'><strong>nunc</strong></span> <span class='ocrx_word' id='word_1_230' title='bbox 496 2597 601 2658; x_wconf 89' lang='lat' dir='ltr'><strong>merito</strong></span> <span class='ocrx_word' id='word_1_231' title='bbox 626 2606 687 2672; x_wconf 87' lang='lat' dir='ltr'><strong>tue,</strong></span> <span class='ocrx_word' id='word_1_232' title='bbox 714 2596 851 2659; x_wconf 82' lang='lat' dir='ltr'><strong>Galilaea</strong></span> <span class='ocrx_word' id='word_1_233' title='bbox 876 2598 1082 2666; x_wconf 87' lang='lat' dir='ltr'><strong>solertissime,</strong></span> <span class='ocrx_word' id='word_1_234' title='bbox 1108 2598 1280 2658; x_wconf 86' lang='lat' dir='ltr'><strong>commendo</strong></span> <span class='ocrx_word' id='word_1_235' title='bbox 1305 2597 1487 2659; x_wconf 85' lang='lat' dir='ltr'><strong>indefessam</strong></span> <span class='ocrx_word' id='word_1_236' title='bbox 1511 2607 1593 2659; x_wconf 90' lang='lat' dir='ltr'><strong>tuam</strong></span> 
     </span>
     <span class='ocr_line' id='line_1_25' title="bbox 235 2685 1592 2766; baseline -0.001 -18"><span class='ocrx_word' id='word_1_237' title='bbox 235 2685 434 2760; x_wconf 87' lang='lat' dir='ltr'><strong>industriam,</strong></span> <span class='ocrx_word' id='word_1_238' title='bbox 470 2686 518 2765; x_wconf 93' lang='lat' dir='ltr'><strong>qui</strong></span> <span class='ocrx_word' id='word_1_239' title='bbox 548 2686 716 2747; x_wconf 85' lang='lat' dir='ltr'><strong>diffidentia</strong></span> <span class='ocrx_word' id='word_1_240' title='bbox 740 2688 818 2748; x_wconf 94' lang='lat' dir='ltr'><strong>omui</strong></span> <span class='ocrx_word' id='word_1_241' title='bbox 846 2687 1022 2766; x_wconf 88' lang='lat' dir='ltr'><strong>posthabita</strong></span> <span class='ocrx_word' id='word_1_242' title='bbox 1063 2696 1147 2748; x_wconf 90' lang='lat' dir='ltr'><strong>recta</strong></span> <span class='ocrx_word' id='word_1_243' title='bbox 1179 2695 1209 2747; x_wconf 92' lang='lat' dir='ltr'><strong>te</strong></span> <span class='ocrx_word' id='word_1_244' title='bbox 1234 2686 1272 2747; x_wconf 91' lang='lat' dir='ltr'><strong>ad</strong></span> <span class='ocrx_word' id='word_1_245' title='bbox 1297 2687 1448 2748; x_wconf 84' lang='lat' dir='ltr'><strong>ocrrlnrnm</strong></span> <span class='ocrx_word' id='word_1_246' title='bbox 1472 2687 1592 2766; x_wconf 76' lang='lat' dir='ltr'><strong>experi-</strong></span> 
     </span>
     <span class='ocr_line' id='line_1_26' title="bbox 234 2774 1591 2855; baseline -0.001 -18"><span class='ocrx_word' id='word_1_247' title='bbox 234 2781 340 2838; x_wconf 87' lang='lat' dir='ltr'><strong>menta</strong></span> <span class='ocrx_word' id='word_1_248' title='bbox 367 2774 540 2844; x_wconf 88' lang='lat' dir='ltr'><strong>contulisti,</strong></span> <span class='ocrx_word' id='word_1_249' title='bbox 559 2776 682 2854; x_wconf 88' lang='lat' dir='ltr'><strong>jamque</strong></span> <span class='ocrx_word' id='word_1_250' title='bbox 706 2785 771 2837; x_wconf 94' lang='lat' dir='ltr'><strong>orto</strong></span> <span class='ocrx_word' id='word_1_251' title='bbox 796 2796 849 2855; x_wconf 94' lang='lat' dir='ltr'><strong>per</strong></span> <span class='ocrx_word' id='word_1_252' title='bbox 873 2785 925 2837; x_wconf 90' lang='lat' dir='ltr'><strong>tua</strong></span> <span class='ocrx_word' id='word_1_253' title='bbox 949 2777 1071 2837; x_wconf 82' lang='lat' dir='ltr'><strong>inuenta</strong></span> <span class='ocrx_word' id='word_1_254' title='bbox 1103 2775 1242 2836; x_wconf 89' lang='lat' dir='ltr'><strong>veritatis</strong></span> <span class='ocrx_word' id='word_1_255' title='bbox 1267 2774 1338 2836; x_wconf 90' lang='lat' dir='ltr'><strong>Sole</strong></span> <span class='ocrx_word' id='word_1_256' title='bbox 1383 2795 1487 2836; x_wconf 91' lang='lat' dir='ltr'><strong>omnes</strong></span> <span class='ocrx_word' id='word_1_257' title='bbox 1516 2777 1591 2837; x_wconf 90' lang='lat' dir='ltr'><strong>istas</strong></span> 
     </span>
     <span class='ocr_line' id='line_1_27' title="bbox 234 2863 1592 2945; baseline -0.002 -18"><span class='ocrx_word' id='word_1_258' title='bbox 234 2863 452 2928; x_wconf 86' lang='lat' dir='ltr'><strong>titubationum</strong></span> <span class='ocrx_word' id='word_1_259' title='bbox 477 2864 577 2925; x_wconf 82' lang='lat' dir='ltr'><strong>larvas</strong></span> <span class='ocrx_word' id='word_1_260' title='bbox 602 2884 667 2924; x_wconf 83' lang='lat' dir='ltr'><strong>cum</strong></span> <span class='ocrx_word' id='word_1_261' title='bbox 692 2872 779 2926; x_wconf 91' lang='lat' dir='ltr'><strong>nocte</strong></span> <span class='ocrx_word' id='word_1_262' title='bbox 804 2874 899 2927; x_wconf 90' lang='lat' dir='ltr'><strong>matre</strong></span> <span class='ocrx_word' id='word_1_263' title='bbox 933 2865 1093 2945; x_wconf 87' lang='lat' dir='ltr'><strong>dispulisti,</strong></span> <span class='ocrx_word' id='word_1_264' title='bbox 1126 2865 1253 2944; x_wconf 90' lang='lat' dir='ltr'><strong>quidque</strong></span> <span class='ocrx_word' id='word_1_265' title='bbox 1278 2865 1340 2926; x_wconf 88' lang='lat' dir='ltr'><strong>lieri</strong></span> <span class='ocrx_word' id='word_1_266' title='bbox 1372 2875 1478 2944; x_wconf 90' lang='lat' dir='ltr'><strong>posset</strong></span> <span class='ocrx_word' id='word_1_267' title='bbox 1511 2866 1592 2926; x_wconf 87' lang='lat' dir='ltr'><strong>facto</strong></span> 
     </span>
     <span class='ocr_line' id='line_1_28' title="bbox 235 2952 463 3016; baseline -0.009 0"><span class='ocrx_word' id='word_1_268' title='bbox 235 2952 463 3016; x_wconf 85' lang='lat' dir='ltr'><strong>demonstrasti.</strong></span> 
     </span>
    </p>

    <p class='ocr_par' dir='ltr' id='par_1_5' title="bbox 235 3041 1661 3925">
     <span class='ocr_line' id='line_1_29' title="bbox 328 3041 1593 3120; baseline -0.001 -17"><span class='ocrx_word' id='word_1_269' title='bbox 328 3043 371 3103; x_wconf 89' lang='lat' dir='ltr'><strong>Te</strong></span> <span class='ocrx_word' id='word_1_270' title='bbox 396 3050 581 3102; x_wconf 86' lang='lat' dir='ltr'><strong>monstrante</strong></span> <span class='ocrx_word' id='word_1_271' title='bbox 607 3059 738 3120; x_wconf 80' lang='lat' dir='ltr'><strong>agarosco</strong></span> <span class='ocrx_word' id='word_1_272' title='bbox 768 3044 959 3104; x_wconf 88' lang='lat' dir='ltr'><strong>substantiae</strong></span> <span class='ocrx_word' id='word_1_273' title='bbox 991 3043 1132 3103; x_wconf 89' lang='lat' dir='ltr'><strong>coelestis</strong></span> <span class='ocrx_word' id='word_1_274' title='bbox 1164 3041 1369 3103; x_wconf 89' lang='lat' dir='ltr'><strong>incredibilem</strong></span> <span class='ocrx_word' id='word_1_275' title='bbox 1403 3042 1593 3115; x_wconf 90' lang='lat' dir='ltr'><strong>tenuitatem,</strong></span> 
     </span>
     <span class='ocr_line' id='line_1_30' title="bbox 236 3129 1592 3214; baseline -0.002 -20"><span class='ocrx_word' id='word_1_276' title='bbox 236 3151 315 3214; x_wconf 87' lang='lat' dir='ltr'><strong>qnae</strong></span> <span class='ocrx_word' id='word_1_277' title='bbox 340 3131 458 3211; x_wconf 92' lang='lat' dir='ltr'><strong>quidem</strong></span> <span class='ocrx_word' id='word_1_278' title='bbox 482 3150 519 3191; x_wconf 80' lang='lat' dir='ltr'><strong>ex</strong></span> <span class='ocrx_word' id='word_1_279' title='bbox 543 3129 662 3209; x_wconf 90' lang='lat' dir='ltr'><strong>0pticis</strong></span> <span class='ocrx_word' id='word_1_280' title='bbox 687 3132 760 3191; x_wconf 88' lang='lat' dir='ltr'><strong>meis</strong></span> <span class='ocrx_word' id='word_1_281' title='bbox 785 3132 851 3203; x_wconf 86' lang='lat' dir='ltr'><strong>(fol.</strong></span> <span class='ocrx_word' id='word_1_282' title='bbox 875 3130 955 3202; x_wconf 85' lang='lat'>206)</span> <span class='ocrx_word' id='word_1_283' title='bbox 980 3140 1083 3209; x_wconf 90' lang='lat' dir='ltr'><strong>patet,</strong></span> <span class='ocrx_word' id='word_1_284' title='bbox 1118 3131 1143 3189; x_wconf 90' lang='lat' dir='ltr'><strong>si</strong></span> <span class='ocrx_word' id='word_1_285' title='bbox 1177 3131 1399 3210; x_wconf 89' lang='lat' dir='ltr'><strong>proportionem</strong></span> <span class='ocrx_word' id='word_1_286' title='bbox 1431 3130 1592 3192; x_wconf 89' lang='lat' dir='ltr'><strong>densitatis</strong></span> 
     </span>
     <span class='ocr_line' id='line_1_31' title="bbox 237 3218 1592 3300; baseline -0.003 -16"><span class='ocrx_word' id='word_1_287' title='bbox 237 3221 321 3284; x_wconf 72' lang='lat' dir='ltr'><strong>aeris</strong></span> <span class='ocrx_word' id='word_1_288' title='bbox 346 3220 385 3280; x_wconf 92' lang='lat' dir='ltr'><strong>ad</strong></span> <span class='ocrx_word' id='word_1_289' title='bbox 417 3239 524 3299; x_wconf 87' lang='lat' dir='ltr'><strong>aquam</strong></span> <span class='ocrx_word' id='word_1_290' title='bbox 558 3221 696 3280; x_wconf 89' lang='lat' dir='ltr'><strong>conl&#39;eras</strong></span> <span class='ocrx_word' id='word_1_291' title='bbox 729 3239 794 3280; x_wconf 92' lang='lat' dir='ltr'><strong>cum</strong></span> <span class='ocrx_word' id='word_1_292' title='bbox 827 3222 1020 3300; x_wconf 86' lang='lat' dir='ltr'><strong>proportione</strong></span> <span class='ocrx_word' id='word_1_293' title='bbox 1058 3219 1219 3279; x_wconf 87' lang='lat' dir='ltr'><strong>densitatis</strong></span> <span class='ocrx_word' id='word_1_294' title='bbox 1253 3218 1384 3280; x_wconf 89' lang='lat' dir='ltr'><strong>aetheris</strong></span> <span class='ocrx_word' id='word_1_295' title='bbox 1419 3221 1457 3279; x_wconf 91' lang='lat' dir='ltr'><strong>ad</strong></span> <span class='ocrx_word' id='word_1_296' title='bbox 1491 3226 1592 3280; x_wconf 75' lang='lat' dir='ltr'><strong>obrem</strong></span> 
     </span>
     <span class='ocr_line' id='line_1_32' title="bbox 235 3308 1595 3391; baseline -0.003 -19"><span class='ocrx_word' id='word_1_297' title='bbox 235 3308 342 3391; x_wconf 91' lang='lat' dir='ltr'><strong>procul</strong></span> <span class='ocrx_word' id='word_1_298' title='bbox 357 3308 446 3370; x_wconf 92' lang='lat' dir='ltr'><strong>dubio</strong></span> <span class='ocrx_word' id='word_1_299' title='bbox 462 3309 554 3369; x_wconf 89' lang='lat' dir='ltr'><strong>multo</strong></span> <span class='ocrx_word' id='word_1_300' title='bbox 570 3308 692 3387; x_wconf 86' lang='lat' dir='ltr'><strong>majori:</strong></span> <span class='ocrx_word' id='word_1_301' title='bbox 718 3327 793 3387; x_wconf 87' lang='lat' dir='ltr'><strong>quae</strong></span> <span class='ocrx_word' id='word_1_302' title='bbox 809 3310 911 3379; x_wconf 85' lang='lat' dir='ltr'><strong>elficit,</strong></span> <span class='ocrx_word' id='word_1_303' title='bbox 927 3318 960 3370; x_wconf 94' lang='lat' dir='ltr'><strong>nt</strong></span> <span class='ocrx_word' id='word_1_304' title='bbox 975 3328 1010 3368; x_wconf 92' lang='lat' dir='ltr'><strong>nc</strong></span> <span class='ocrx_word' id='word_1_305' title='bbox 1027 3308 1227 3368; x_wconf 90' lang='lat' dir='ltr'><strong>minutissima</strong></span> <span class='ocrx_word' id='word_1_306' title='bbox 1242 3308 1359 3386; x_wconf 88' lang='lat' dir='ltr'><strong>quidem</strong></span> <span class='ocrx_word' id='word_1_307' title='bbox 1381 3308 1496 3368; x_wconf 88' lang='lat' dir='ltr'><strong>stellati</strong></span> <span class='ocrx_word' id='word_1_308' title='bbox 1514 3308 1595 3368; x_wconf 90' lang='lat' dir='ltr'><strong>orbis</strong></span> 
     </span>
     <span class='ocr_line' id='line_1_33' title="bbox 237 3395 1593 3482; baseline -0.003 -22"><span class='ocrx_word' id='word_1_309' title='bbox 237 3395 366 3482; x_wconf 83' lang='lat' dir='ltr'><strong>(nedum</strong></span> <span class='ocrx_word' id='word_1_310' title='bbox 389 3398 519 3458; x_wconf 90' lang='lat' dir='ltr'><strong>Lunaris</strong></span> <span class='ocrx_word' id='word_1_311' title='bbox 549 3398 701 3475; x_wconf 90' lang='lat' dir='ltr'><strong>corporis,</strong></span> <span class='ocrx_word' id='word_1_312' title='bbox 743 3398 898 3459; x_wconf 89' lang='lat' dir='ltr'><strong>stellarum</strong></span> <span class='ocrx_word' id='word_1_313' title='bbox 922 3398 1117 3467; x_wconf 87' lang='lat' dir='ltr'><strong>humillimae)</strong></span> <span class='ocrx_word' id='word_1_314' title='bbox 1155 3396 1303 3474; x_wconf 90' lang='lat' dir='ltr'><strong>particula</strong></span> <span class='ocrx_word' id='word_1_315' title='bbox 1326 3404 1456 3455; x_wconf 84' lang='lat' dir='ltr'><strong>nostros</strong></span> <span class='ocrx_word' id='word_1_316' title='bbox 1490 3396 1593 3456; x_wconf 91' lang='lat' dir='ltr'><strong>oculos</strong></span> 
     </span>
     <span class='ocr_line' id='line_1_34' title="bbox 237 3483 1592 3567; baseline -0.003 -19"><span class='ocrx_word' id='word_1_317' title='bbox 237 3487 365 3567; x_wconf 81' lang='lat' dir='ltr'><strong>effugiat</strong></span> <span class='ocrx_word' id='word_1_318' title='bbox 389 3497 439 3547; x_wconf 90' lang='lat' dir='ltr'><strong>tuo</strong></span> <span class='ocrx_word' id='word_1_319' title='bbox 465 3486 661 3546; x_wconf 89' lang='lat' dir='ltr'><strong>instrumento</strong></span> <span class='ocrx_word' id='word_1_320' title='bbox 686 3485 862 3561; x_wconf 90' lang='lat' dir='ltr'><strong>instructos,</strong></span> <span class='ocrx_word' id='word_1_321' title='bbox 888 3487 1039 3566; x_wconf 90' lang='lat' dir='ltr'><strong>multoque</strong></span> <span class='ocrx_word' id='word_1_322' title='bbox 1062 3487 1130 3564; x_wconf 93' lang='lat' dir='ltr'><strong>plus</strong></span> <span class='ocrx_word' id='word_1_323' title='bbox 1154 3484 1299 3545; x_wconf 89' lang='lat' dir='ltr'><strong>materiae</strong></span> <span class='ocrx_word' id='word_1_324' title='bbox 1325 3485 1388 3556; x_wconf 82' lang='lat' dir='ltr'><strong>(vel</strong></span> <span class='ocrx_word' id='word_1_325' title='bbox 1413 3483 1592 3562; x_wconf 90' lang='lat' dir='ltr'><strong>opacitatis)</strong></span> 
     </span>
     <span class='ocr_line' id='line_1_35' title="bbox 238 3572 1594 3654; baseline -0.004 -16"><span class='ocrx_word' id='word_1_326' title='bbox 238 3577 267 3638; x_wconf 94' lang='lat' dir='ltr'><strong>in</strong></span> <span class='ocrx_word' id='word_1_327' title='bbox 293 3595 352 3637; x_wconf 91' lang='lat' dir='ltr'><strong>uno</strong></span> <span class='ocrx_word' id='word_1_328' title='bbox 377 3576 491 3654; x_wconf 85' lang='lat' dir='ltr'><strong>specilli</strong></span> <span class='ocrx_word' id='word_1_329' title='bbox 516 3576 691 3653; x_wconf 88' lang='lat' dir='ltr'><strong>corpusculo</strong></span> <span class='ocrx_word' id='word_1_330' title='bbox 716 3576 922 3653; x_wconf 89' lang='lat' dir='ltr'><strong>interponatur</strong></span> <span class='ocrx_word' id='word_1_331' title='bbox 947 3577 1023 3636; x_wconf 90' lang='lat' dir='ltr'><strong>inter</strong></span> <span class='ocrx_word' id='word_1_332' title='bbox 1047 3575 1163 3635; x_wconf 91' lang='lat' dir='ltr'><strong>oculum</strong></span> <span class='ocrx_word' id='word_1_333' title='bbox 1188 3581 1218 3633; x_wconf 93' lang='lat' dir='ltr'><strong>et</strong></span> <span class='ocrx_word' id='word_1_334' title='bbox 1242 3591 1304 3633; x_wconf 90' lang='lat' dir='ltr'><strong>rem</strong></span> <span class='ocrx_word' id='word_1_335' title='bbox 1318 3573 1425 3644; x_wconf 88' lang='lat' dir='ltr'><strong>visam,</strong></span> <span class='ocrx_word' id='word_1_336' title='bbox 1451 3591 1540 3651; x_wconf 91' lang='lat' dir='ltr'><strong>quam</strong></span> <span class='ocrx_word' id='word_1_337' title='bbox 1566 3572 1594 3632; x_wconf 94' lang='lat' dir='ltr'><strong>in</strong></span> 
     </span>
     <span class='ocr_line' id='line_1_36' title="bbox 236 3660 1592 3744; baseline -0.007 -16"><span class='ocrx_word' id='word_1_338' title='bbox 236 3673 305 3728; x_wconf 77' lang='lat' dir='ltr'><strong>toto</strong></span> <span class='ocrx_word' id='word_1_339' title='bbox 329 3664 381 3725; x_wconf 92' lang='lat' dir='ltr'><strong>illc</strong></span> <span class='ocrx_word' id='word_1_340' title='bbox 407 3665 549 3724; x_wconf 90' lang='lat' dir='ltr'><strong>immenso</strong></span> <span class='ocrx_word' id='word_1_341' title='bbox 573 3665 705 3724; x_wconf 90' lang='lat' dir='ltr'><strong>aetheris</strong></span> <span class='ocrx_word' id='word_1_342' title='bbox 730 3674 846 3725; x_wconf 88' lang='lat' dir='ltr'><strong>tractu:</strong></span> <span class='ocrx_word' id='word_1_343' title='bbox 872 3664 941 3744; x_wconf 92' lang='lat' dir='ltr'><strong>quia</strong></span> <span class='ocrx_word' id='word_1_344' title='bbox 965 3685 1002 3724; x_wconf 80' lang='lat' dir='ltr'><strong>ex</strong></span> <span class='ocrx_word' id='word_1_345' title='bbox 1026 3665 1076 3725; x_wconf 95' lang='lat' dir='ltr'><strong>illo</strong></span> <span class='ocrx_word' id='word_1_346' title='bbox 1101 3662 1288 3741; x_wconf 88' lang='lat' dir='ltr'><strong>aliquantula</strong></span> <span class='ocrx_word' id='word_1_347' title='bbox 1311 3660 1441 3722; x_wconf 90' lang='lat' dir='ltr'><strong>resultat</strong></span> <span class='ocrx_word' id='word_1_348' title='bbox 1456 3660 1592 3721; x_wconf 87' lang='lat' dir='ltr'><strong>obscuri-</strong></span> 
     </span>
     <span class='ocr_line' id='line_1_37' title="bbox 238 3745 1661 3831; baseline -0.006 -15"><span class='ocrx_word' id='word_1_349' title='bbox 238 3762 299 3827; x_wconf 75' lang='lat' dir='ltr'><strong>tas,</strong></span> <span class='ocrx_word' id='word_1_350' title='bbox 325 3773 363 3815; x_wconf 80' lang='lat' dir='ltr'><strong>ex</strong></span> <span class='ocrx_word' id='word_1_351' title='bbox 387 3753 443 3813; x_wconf 92' lang='lat' dir='ltr'><strong>hoc</strong></span> <span class='ocrx_word' id='word_1_352' title='bbox 466 3752 567 3814; x_wconf 91' lang='lat' dir='ltr'><strong>nulla:</strong></span> <span class='ocrx_word' id='word_1_353' title='bbox 606 3761 639 3812; x_wconf 90' lang='lat' dir='ltr'><strong>ut</strong></span> <span class='ocrx_word' id='word_1_354' title='bbox 661 3772 736 3831; x_wconf 91' lang='lat' dir='ltr'><strong>pene</strong></span> <span class='ocrx_word' id='word_1_355' title='bbox 761 3754 984 3814; x_wconf 89' lang='lat' dir='ltr'><strong>concedendum</strong></span> <span class='ocrx_word' id='word_1_356' title='bbox 1012 3754 1169 3824; x_wconf 88' lang='lat' dir='ltr'><strong>videatur,</strong></span> <span class='ocrx_word' id='word_1_357' title='bbox 1205 3760 1301 3811; x_wconf 90' lang='lat' dir='ltr'><strong>toturn</strong></span> <span class='ocrx_word' id='word_1_358' title='bbox 1324 3750 1397 3811; x_wconf 93' lang='lat' dir='ltr'><strong>illud</strong></span> <span class='ocrx_word' id='word_1_359' title='bbox 1422 3750 1595 3810; x_wconf 90' lang='lat' dir='ltr'><strong>immensum</strong></span> <span class='ocrx_word' id='word_1_360' title='bbox 1657 3745 1661 3754; x_wconf 85' lang='lat'>&#39;</span> 
     </span>
     <span class='ocr_line' id='line_1_38' title="bbox 239 3844 623 3925; baseline 0.005 -23"><span class='ocrx_word' id='word_1_361' title='bbox 239 3844 372 3925; x_wconf 83' lang='lat' dir='ltr'><strong>epatium</strong></span> <span class='ocrx_word' id='word_1_362' title='bbox 397 3860 522 3902; x_wconf 88' lang='lat' dir='ltr'><strong>vacuum</strong></span> <span class='ocrx_word' id='word_1_363' title='bbox 546 3861 623 3904; x_wconf 90' lang='lat' dir='ltr'><strong>esse.</strong></span> 
     </span>
    </p>

    <p class='ocr_par' dir='ltr' id='par_1_6' title="bbox 240 3925 1601 5082">
     <span class='ocr_line' id='line_1_39' title="bbox 328 3925 1597 4008; baseline -0.006 -16"><span class='ocrx_word' id='word_1_364' title='bbox 328 3931 398 3993; x_wconf 85' lang='lat' dir='ltr'><strong>Etsi</strong></span> <span class='ocrx_word' id='word_1_365' title='bbox 427 3930 518 4008; x_wconf 85' lang='lat' dir='ltr'><strong>igitur</strong></span> <span class='ocrx_word' id='word_1_366' title='bbox 541 3931 627 3991; x_wconf 87' lang='lat' dir='ltr'><strong>avide</strong></span> <span class='ocrx_word' id='word_1_367' title='bbox 651 3938 735 3991; x_wconf 91' lang='lat' dir='ltr'><strong>tuum</strong></span> <span class='ocrx_word' id='word_1_368' title='bbox 759 3930 897 3991; x_wconf 86' lang='lat' dir='ltr'><strong>Galilaee</strong></span> <span class='ocrx_word' id='word_1_369' title='bbox 921 3931 1152 3993; x_wconf 89' lang='lat' dir='ltr'><strong>instrumentum</strong></span> <span class='ocrx_word' id='word_1_370' title='bbox 1176 3937 1313 4006; x_wconf 88' lang='lat' dir='ltr'><strong>expecto,</strong></span> <span class='ocrx_word' id='word_1_371' title='bbox 1342 3937 1454 3998; x_wconf 90' lang='lat' dir='ltr'><strong>tamen,</strong></span> <span class='ocrx_word' id='word_1_372' title='bbox 1488 3925 1514 3987; x_wconf 87' lang='lat' dir='ltr'><strong>si</strong></span> <span class='ocrx_word' id='word_1_373' title='bbox 1539 3946 1597 4005; x_wconf 91' lang='lat' dir='ltr'><strong>qua</strong></span> 
     </span>
     <span class='ocr_line' id='line_1_40' title="bbox 240 4019 1595 4098; baseline -0.007 -14"><span class='ocrx_word' id='word_1_374' title='bbox 240 4021 311 4084; x_wconf 89' lang='lat' dir='ltr'><strong>mihi</strong></span> <span class='ocrx_word' id='word_1_375' title='bbox 336 4039 402 4082; x_wconf 88' lang='lat' dir='ltr'><strong>sors</strong></span> <span class='ocrx_word' id='word_1_376' title='bbox 427 4020 592 4098; x_wconf 85' lang='lat' dir='ltr'><strong>allulgebit,</strong></span> <span class='ocrx_word' id='word_1_377' title='bbox 617 4028 649 4079; x_wconf 92' lang='lat' dir='ltr'><strong>ut</strong></span> <span class='ocrx_word' id='word_1_378' title='bbox 673 4020 847 4080; x_wconf 89' lang='lat' dir='ltr'><strong>mechanica</strong></span> <span class='ocrx_word' id='word_1_379' title='bbox 871 4021 993 4080; x_wconf 92' lang='lat' dir='ltr'><strong>remotis</strong></span> <span class='ocrx_word' id='word_1_380' title='bbox 1009 4019 1172 4080; x_wconf 89' lang='lat' dir='ltr'><strong>obstaculis</strong></span> <span class='ocrx_word' id='word_1_381' title='bbox 1193 4027 1311 4078; x_wconf 90' lang='lat' dir='ltr'><strong>tentare</strong></span> <span class='ocrx_word' id='word_1_382' title='bbox 1327 4019 1450 4097; x_wconf 91' lang='lat' dir='ltr'><strong>possim,</strong></span> <span class='ocrx_word' id='word_1_383' title='bbox 1475 4026 1595 4077; x_wconf 89' lang='lat' dir='ltr'><strong>strenue</strong></span> 
     </span>
     <span class='ocr_line' id='line_1_41' title="bbox 240 4107 1596 4190; baseline -0.008 -16"><span class='ocrx_word' id='word_1_384' title='bbox 240 4130 287 4174; x_wconf 88' lang='lat' dir='ltr'><strong>me</strong></span> <span class='ocrx_word' id='word_1_385' title='bbox 313 4110 342 4190; x_wconf 82' lang='lat' dir='ltr'><strong>ip</strong></span> <span class='ocrx_word' id='word_1_386' title='bbox 367 4109 404 4169; x_wconf 88' lang='lat' dir='ltr'><strong>iis</strong></span> <span class='ocrx_word' id='word_1_387' title='bbox 429 4108 593 4181; x_wconf 82' lang='lat' dir='ltr'><strong>exercebo,</strong></span> <span class='ocrx_word' id='word_1_388' title='bbox 624 4109 712 4187; x_wconf 90' lang='lat' dir='ltr'><strong>idque</strong></span> <span class='ocrx_word' id='word_1_389' title='bbox 736 4109 857 4186; x_wconf 89' lang='lat' dir='ltr'><strong>gemina</strong></span> <span class='ocrx_word' id='word_1_390' title='bbox 881 4110 939 4168; x_wconf 85' lang='lat' dir='ltr'><strong>ria.</strong></span> <span class='ocrx_word' id='word_1_391' title='bbox 986 4109 1065 4169; x_wconf 74' lang='lat' dir='ltr'><strong>Nam</strong></span> <span class='ocrx_word' id='word_1_392' title='bbox 1095 4109 1141 4167; x_wconf 87' lang='lat' dir='ltr'><strong>vel</strong></span> <span class='ocrx_word' id='word_1_393' title='bbox 1173 4107 1378 4185; x_wconf 88' lang='lat' dir='ltr'><strong>rnnltiplicabo</strong></span> <span class='ocrx_word' id='word_1_394' title='bbox 1405 4107 1501 4166; x_wconf 86' lang='lat' dir='ltr'><strong>lentes</strong></span> <span class='ocrx_word' id='word_1_395' title='bbox 1526 4124 1596 4183; x_wconf 89' lang='lat' dir='ltr'><strong>per-</strong></span> 
     </span>
     <span class='ocr_line' id='line_1_42' title="bbox 240 4194 1595 4276; baseline -0.007 -14"><span class='ocrx_word' id='word_1_396' title='bbox 240 4199 389 4262; x_wconf 78' lang='lat' dir='ltr'><strong>fectarum</strong></span> <span class='ocrx_word' id='word_1_397' title='bbox 414 4198 636 4276; x_wconf 90' lang='lat' dir='ltr'><strong>sphaericarum</strong></span> <span class='ocrx_word' id='word_1_398' title='bbox 661 4197 728 4257; x_wconf 92' lang='lat' dir='ltr'><strong>hinc</strong></span> <span class='ocrx_word' id='word_1_399' title='bbox 754 4198 821 4258; x_wconf 93' lang='lat' dir='ltr'><strong>inde</strong></span> <span class='ocrx_word' id='word_1_400' title='bbox 846 4198 1066 4275; x_wconf 87' lang='lat' dir='ltr'><strong>superficierum</strong></span> <span class='ocrx_word' id='word_1_401' title='bbox 1091 4196 1241 4255; x_wconf 86' lang='lat' dir='ltr'><strong>lenissime</strong></span> <span class='ocrx_word' id='word_1_402' title='bbox 1266 4194 1497 4273; x_wconf 77' lang='lat' dir='ltr'><strong>assurgentium,</strong></span> <span class='ocrx_word' id='word_1_403' title='bbox 1523 4213 1595 4252; x_wconf 89' lang='lat' dir='ltr'><strong>cas-</strong></span> 
     </span>
     <span class='ocr_line' id='line_1_43' title="bbox 241 4282 1599 4370; baseline -0.006 -21"><span class='ocrx_word' id='word_1_404' title='bbox 241 4307 297 4370; x_wconf 89' lang='lat' dir='ltr'><strong>que</strong></span> <span class='ocrx_word' id='word_1_405' title='bbox 323 4287 416 4348; x_wconf 88' lang='lat' dir='ltr'><strong>certis</strong></span> <span class='ocrx_word' id='word_1_406' title='bbox 441 4285 610 4347; x_wconf 86' lang='lat' dir='ltr'><strong>intervallis</strong></span> <span class='ocrx_word' id='word_1_407' title='bbox 635 4286 663 4345; x_wconf 93' lang='lat' dir='ltr'><strong>in</strong></span> <span class='ocrx_word' id='word_1_408' title='bbox 688 4287 832 4347; x_wconf 87' lang='lat' dir='ltr'><strong>arundine</strong></span> <span class='ocrx_word' id='word_1_409' title='bbox 864 4287 1034 4365; x_wconf 85' lang='lat' dir='ltr'><strong>disponam,</strong></span> <span class='ocrx_word' id='word_1_410' title='bbox 1070 4286 1234 4346; x_wconf 78' lang='lat' dir='ltr'><strong>exteriores</strong></span> <span class='ocrx_word' id='word_1_411' title='bbox 1263 4285 1352 4360; x_wconf 91' lang='lat' dir='ltr'><strong>paulo</strong></span> <span class='ocrx_word' id='word_1_412' title='bbox 1388 4282 1529 4355; x_wconf 90' lang='lat' dir='ltr'><strong>latiores,</strong></span> <span class='ocrx_word' id='word_1_413' title='bbox 1567 4290 1599 4341; x_wconf 92' lang='lat' dir='ltr'><strong>ut</strong></span> 
     </span>
     <span class='ocr_line' id='line_1_44' title="bbox 241 4371 1598 4453; baseline -0.008 -13"><span class='ocrx_word' id='word_1_414' title='bbox 241 4385 343 4440; x_wconf 65' lang='lat' dir='ltr'><strong>umen</strong></span> <span class='ocrx_word' id='word_1_415' title='bbox 377 4377 480 4437; x_wconf 74' lang='lat' dir='ltr'><strong>ocellus</strong></span> <span class='ocrx_word' id='word_1_416' title='bbox 514 4376 593 4436; x_wconf 89' lang='lat' dir='ltr'><strong>intra</strong></span> <span class='ocrx_word' id='word_1_417' title='bbox 623 4376 780 4436; x_wconf 89' lang='lat' dir='ltr'><strong>terminum</strong></span> <span class='ocrx_word' id='word_1_418' title='bbox 814 4375 1033 4436; x_wconf 80' lang='lat' dir='ltr'><strong>intersectionis</strong></span> <span class='ocrx_word' id='word_1_419' title='bbox 1068 4374 1279 4453; x_wconf 86' lang='lat' dir='ltr'><strong>parallelorum</strong></span> <span class='ocrx_word' id='word_1_420' title='bbox 1312 4372 1440 4431; x_wconf 89' lang='lat' dir='ltr'><strong>omniurn</strong></span> <span class='ocrx_word' id='word_1_421' title='bbox 1474 4371 1598 4430; x_wconf 92' lang='lat' dir='ltr'><strong>lentium</strong></span> 
     </span>
     <span class='ocr_line' id='line_1_45' title="bbox 241 4456 1600 4543; baseline -0.006 -17"><span class='ocrx_word' id='word_1_422' title='bbox 241 4464 462 4530; x_wconf 89' lang='lat' dir='ltr'><strong>constituntur:</strong></span> <span class='ocrx_word' id='word_1_423' title='bbox 512 4465 548 4523; x_wconf 91' lang='lat' dir='ltr'><strong>de</strong></span> <span class='ocrx_word' id='word_1_424' title='bbox 586 4463 692 4543; x_wconf 92' lang='lat' dir='ltr'><strong>quibus</strong></span> <span class='ocrx_word' id='word_1_425' title='bbox 727 4465 861 4525; x_wconf 87' lang='lat' dir='ltr'><strong>terminis</strong></span> <span class='ocrx_word' id='word_1_426' title='bbox 895 4465 961 4524; x_wconf 85' lang='lat' dir='ltr'><strong>vide</strong></span> <span class='ocrx_word' id='word_1_427' title='bbox 1000 4462 1112 4541; x_wconf 89' lang='lat' dir='ltr'><strong>Optica</strong></span> <span class='ocrx_word' id='word_1_428' title='bbox 1151 4481 1218 4521; x_wconf 88' lang='lat' dir='ltr'><strong>rnen</strong></span> <span class='ocrx_word' id='word_1_429' title='bbox 1265 4464 1309 4538; x_wconf 88' lang='lat' dir='ltr'><strong>(p.</strong></span> <span class='ocrx_word' id='word_1_430' title='bbox 1344 4456 1441 4528; x_wconf 72' lang='grc'>246);</span> <span class='ocrx_word' id='word_1_431' title='bbox 1478 4459 1526 4518; x_wconf 89' lang='lat' dir='ltr'><strong>vel</strong></span> <span class='ocrx_word' id='word_1_432' title='bbox 1567 4469 1600 4518; x_wconf 94' lang='lat' dir='ltr'><strong>ut</strong></span> 
     </span>
     <span class='ocr_line' id='line_1_46' title="bbox 241 4549 1599 4631; baseline -0.007 -16"><span class='ocrx_word' id='word_1_433' title='bbox 241 4555 270 4616; x_wconf 93' lang='lat' dir='ltr'><strong>iu</strong></span> <span class='ocrx_word' id='word_1_434' title='bbox 294 4553 386 4615; x_wconf 87' lang='lat' dir='ltr'><strong>unica</strong></span> <span class='ocrx_word' id='word_1_435' title='bbox 414 4553 569 4631; x_wconf 85' lang='lat' dir='ltr'><strong>superlicio</strong></span> <span class='ocrx_word' id='word_1_436' title='bbox 594 4572 724 4613; x_wconf 86' lang='lat' dir='ltr'><strong>errorem</strong></span> <span class='ocrx_word' id='word_1_437' title='bbox 749 4554 790 4618; x_wconf 88' lang='lat' dir='ltr'><strong>(si</strong></span> <span class='ocrx_word' id='word_1_438' title='bbox 815 4555 880 4631; x_wconf 86' lang='lat' dir='ltr'><strong>quis</strong></span> <span class='ocrx_word' id='word_1_439' title='bbox 905 4557 1003 4624; x_wconf 89' lang='lat' dir='ltr'><strong>esset)</strong></span> <span class='ocrx_word' id='word_1_440' title='bbox 1030 4552 1145 4613; x_wconf 83' lang='lat' dir='ltr'><strong>lucilius</strong></span> <span class='ocrx_word' id='word_1_441' title='bbox 1170 4551 1318 4627; x_wconf 74' lang='lat' dir='ltr'><strong>corrigere</strong></span> <span class='ocrx_word' id='word_1_442' title='bbox 1342 4549 1474 4628; x_wconf 88' lang='lat' dir='ltr'><strong>possim,</strong></span> <span class='ocrx_word' id='word_1_443' title='bbox 1509 4567 1599 4607; x_wconf 84' lang='lat' dir='ltr'><strong>urnam</strong></span> 
     </span>
     <span class='ocr_line' id='line_1_47' title="bbox 241 4637 1599 4720; baseline -0.007 -15"><span class='ocrx_word' id='word_1_444' title='bbox 241 4644 338 4706; x_wconf 81' lang='lat' dir='ltr'><strong>solam</strong></span> <span class='ocrx_word' id='word_1_445' title='bbox 362 4644 471 4703; x_wconf 87' lang='lat' dir='ltr'><strong>lentem</strong></span> <span class='ocrx_word' id='word_1_446' title='bbox 497 4663 550 4703; x_wconf 89' lang='lat' dir='ltr'><strong>seu</strong></span> <span class='ocrx_word' id='word_1_447' title='bbox 574 4643 730 4703; x_wconf 77' lang='lat' dir='ltr'><strong>umbonum</strong></span> <span class='ocrx_word' id='word_1_448' title='bbox 754 4641 904 4720; x_wconf 83' lang='lat' dir='ltr'><strong>effigiabo,</strong></span> <span class='ocrx_word' id='word_1_449' title='bbox 930 4644 1026 4703; x_wconf 86' lang='lat' dir='ltr'><strong>altera</strong></span> <span class='ocrx_word' id='word_1_450' title='bbox 1041 4640 1196 4720; x_wconf 85' lang='lat' dir='ltr'><strong>superficie</strong></span> <span class='ocrx_word' id='word_1_451' title='bbox 1213 4639 1346 4717; x_wconf 80' lang='lat' dir='ltr'><strong>proxime</strong></span> <span class='ocrx_word' id='word_1_452' title='bbox 1366 4638 1465 4714; x_wconf 91' lang='lat' dir='ltr'><strong>plana,</strong></span> <span class='ocrx_word' id='word_1_453' title='bbox 1493 4637 1599 4716; x_wconf 89' lang='lat' dir='ltr'><strong>quippe</strong></span> 
     </span>
     <span class='ocr_line' id='line_1_48' title="bbox 241 4723 1601 4809; baseline -0.007 -14"><span class='ocrx_word' id='word_1_454' title='bbox 241 4732 271 4796; x_wconf 88' lang='lat' dir='ltr'><strong>in</strong></span> <span class='ocrx_word' id='word_1_455' title='bbox 294 4731 520 4793; x_wconf 81' lang='lat' dir='ltr'><strong>convexitatem</strong></span> <span class='ocrx_word' id='word_1_456' title='bbox 535 4731 723 4809; x_wconf 88' lang='lat' dir='ltr'><strong>sphaericam</strong></span> <span class='ocrx_word' id='word_1_457' title='bbox 739 4730 831 4790; x_wconf 88' lang='lat' dir='ltr'><strong>solius</strong></span> <span class='ocrx_word' id='word_1_458' title='bbox 857 4730 970 4790; x_wconf 91' lang='lat' dir='ltr'><strong>dimidii</strong></span> <span class='ocrx_word' id='word_1_459' title='bbox 994 4731 1104 4807; x_wconf 82' lang='lat' dir='ltr'><strong>gradus</strong></span> <span class='ocrx_word' id='word_1_460' title='bbox 1130 4750 1182 4788; x_wconf 87' lang='lat' dir='ltr'><strong>seu</strong></span> <span class='ocrx_word' id='word_1_461' title='bbox 1198 4723 1252 4789; x_wconf 75' lang='lat'><strong>34‘</strong></span> <span class='ocrx_word' id='word_1_462' title='bbox 1272 4735 1460 4805; x_wconf 85' lang='lat' dir='ltr'><strong>assurgente,</strong></span> <span class='ocrx_word' id='word_1_463' title='bbox 1485 4725 1601 4803; x_wconf 87' lang='lat' dir='ltr'><strong>reliqua</strong></span> 
     </span>
     <span class='ocr_line' id='line_1_49' title="bbox 242 4812 1599 4900; baseline -0.007 -18"><span class='ocrx_word' id='word_1_464' title='bbox 242 4840 301 4884; x_wconf 89' lang='lat' dir='ltr'><strong>non</strong></span> <span class='ocrx_word' id='word_1_465' title='bbox 326 4819 495 4900; x_wconf 83' lang='lat' dir='ltr'><strong>sphaerica,</strong></span> <span class='ocrx_word' id='word_1_466' title='bbox 522 4840 597 4898; x_wconf 92' lang='lat' dir='ltr'><strong>quae</strong></span> <span class='ocrx_word' id='word_1_467' title='bbox 623 4821 659 4879; x_wconf 87' lang='lat' dir='ltr'><strong>ad</strong></span> <span class='ocrx_word' id='word_1_468' title='bbox 685 4820 801 4878; x_wconf 91' lang='lat' dir='ltr'><strong>oculum</strong></span> <span class='ocrx_word' id='word_1_469' title='bbox 827 4820 938 4896; x_wconf 81' lang='lat' dir='ltr'><strong>vergit,</strong></span> <span class='ocrx_word' id='word_1_470' title='bbox 964 4839 999 4877; x_wconf 93' lang='lat' dir='ltr'><strong>ne</strong></span> <span class='ocrx_word' id='word_1_471' title='bbox 1025 4819 1093 4878; x_wconf 93' lang='lat' dir='ltr'><strong>mihi</strong></span> <span class='ocrx_word' id='word_1_472' title='bbox 1119 4818 1285 4895; x_wconf 90' lang='lat' dir='ltr'><strong>contingat,</strong></span> <span class='ocrx_word' id='word_1_473' title='bbox 1311 4817 1389 4895; x_wconf 93' lang='lat' dir='ltr'><strong>qnod</strong></span> <span class='ocrx_word' id='word_1_474' title='bbox 1414 4815 1457 4886; x_wconf 95' lang='lat' dir='ltr'><strong>(in</strong></span> <span class='ocrx_word' id='word_1_475' title='bbox 1473 4812 1599 4894; x_wconf 89' lang='lat' dir='ltr'><strong>Optica)</strong></span> 
     </span>
     <span class='ocr_line' id='line_1_50' title="bbox 243 4904 1600 4985; baseline -0.007 -13"><span class='ocrx_word' id='word_1_476' title='bbox 243 4909 379 4972; x_wconf 80' lang='lat' dir='ltr'><strong>ostendit</strong></span> <span class='ocrx_word' id='word_1_477' title='bbox 399 4907 521 4970; x_wconf 89' lang='lat' dir='ltr'><strong>schema</strong></span> <span class='ocrx_word' id='word_1_478' title='bbox 538 4906 591 4971; x_wconf 78' lang='lat'><strong>81.</strong></span> <span class='ocrx_word' id='word_1_479' title='bbox 609 4909 660 4970; x_wconf 83' lang='lat' dir='ltr'><strong>sol.</strong></span> <span class='ocrx_word' id='word_1_480' title='bbox 677 4905 748 4969; x_wconf 78' lang='lat'>251.</span> <span class='ocrx_word' id='word_1_481' title='bbox 767 4907 877 4985; x_wconf 89' lang='lat' dir='ltr'><strong>fiatque</strong></span> <span class='ocrx_word' id='word_1_482' title='bbox 893 4906 1020 4985; x_wconf 89' lang='lat' dir='ltr'><strong>partium</strong></span> <span class='ocrx_word' id='word_1_483' title='bbox 1036 4907 1076 4966; x_wconf 88' lang='lat' dir='ltr'><strong>rei</strong></span> <span class='ocrx_word' id='word_1_484' title='bbox 1095 4907 1176 4966; x_wconf 86' lang='lat' dir='ltr'><strong>visae</strong></span> <span class='ocrx_word' id='word_1_485' title='bbox 1192 4906 1331 4966; x_wconf 88' lang='lat' dir='ltr'><strong>distortio</strong></span> <span class='ocrx_word' id='word_1_486' title='bbox 1351 4912 1382 4964; x_wconf 87' lang='lat' dir='ltr'><strong>et</strong></span> <span class='ocrx_word' id='word_1_487' title='bbox 1398 4904 1531 4965; x_wconf 87' lang='lat' dir='ltr'><strong>confusio</strong></span> <span class='ocrx_word' id='word_1_488' title='bbox 1548 4904 1600 4973; x_wconf 80' lang='lat' dir='ltr'><strong>(de</strong></span> 
     </span>
     <span class='ocr_line' id='line_1_51' title="bbox 244 4990 1601 5082; baseline -0.009 -20"><span class='ocrx_word' id='word_1_489' title='bbox 244 5017 303 5082; x_wconf 77' lang='lat' dir='ltr'><strong>qna</strong></span> <span class='ocrx_word' id='word_1_490' title='bbox 322 5005 372 5060; x_wconf 84' lang='lat' dir='ltr'><strong>eat</strong></span> <span class='ocrx_word' id='word_1_491' title='bbox 387 5015 472 5080; x_wconf 90' lang='lat' dir='ltr'><strong>prop.</strong></span> <span class='ocrx_word' id='word_1_492' title='bbox 493 4994 557 5072; x_wconf 85' lang='grc'>18),</span> <span class='ocrx_word' id='word_1_493' title='bbox 582 4997 636 5057; x_wconf 90' lang='lat' dir='ltr'><strong>sed</strong></span> <span class='ocrx_word' id='word_1_494' title='bbox 655 4997 684 5058; x_wconf 93' lang='lat' dir='ltr'><strong>iu</strong></span> <span class='ocrx_word' id='word_1_495' title='bbox 703 4995 858 5058; x_wconf 88' lang='lat' dir='ltr'><strong>umbonem</strong></span> <span class='ocrx_word' id='word_1_496' title='bbox 875 5004 1062 5074; x_wconf 83' lang='lat' dir='ltr'><strong>assurgente,</strong></span> <span class='ocrx_word' id='word_1_497' title='bbox 1084 5005 1117 5057; x_wconf 89' lang='lat' dir='ltr'><strong>ut</strong></span> <span class='ocrx_word' id='word_1_498' title='bbox 1131 5005 1178 5056; x_wconf 88' lang='lat' dir='ltr'><strong>est</strong></span> <span class='ocrx_word' id='word_1_499' title='bbox 1193 4995 1222 5056; x_wconf 96' lang='lat' dir='ltr'><strong>in</strong></span> <span class='ocrx_word' id='word_1_500' title='bbox 1237 4995 1390 5055; x_wconf 86' lang='lat' dir='ltr'><strong>schemate</strong></span> <span class='ocrx_word' id='word_1_501' title='bbox 1405 4990 1458 5056; x_wconf 82' lang='lat'><strong>83.</strong></span> <span class='ocrx_word' id='word_1_502' title='bbox 1475 4994 1601 5054; x_wconf 88' lang='lat' dir='ltr'><strong>demon-</strong></span> 
     </span>
    </p>
   </div>
   <div class='ocr_carea' id='block_1_3' title="bbox 0 0 1872 5842">
    <p class='ocr_par' dir='ltr' id='par_1_7' title="bbox 0 0 1872 5842">
     <span class='ocr_line' id='line_1_52' title="bbox 0 0 1872 5842; baseline 0 0"><span class='ocrx_word' id='word_1_503' title='bbox 0 0 1872 5842; x_wconf 95' lang='lat' dir='ltr'><strong> </strong></span> 
     </span>
    </p>
   </div>
  </div>
 </body>
</html>
