3692 5842
724 494 755 543 de
773 494 845 543 rebus
863 491 966 557 Opticla.
1478 486 1517 554 61

161 672 252 736 alteri
275 672 375 752 imago
400 671 429 732 in
455 668 480 733 G
504 669 632 743 directe,
667 668 754 730 alteri
776 668 876 747 imago
900 668 929 727 in
956 665 980 728 C
1004 686 1061 727 non
1093 666 1227 738 videtur,
1260 666 1313 727 sed
1338 667 1398 728 alia
1421 666 1519 748 imago

159 763 191 824 in
215 761 244 823 B
269 761 312 824 illi
337 761 473 835 offertur,
497 760 551 822 sed
575 758 703 837 oblique,
728 757 836 837 quippe
861 756 908 835 qui
935 774 992 816 non
1017 756 1046 816 io
1069 756 1096 817 B
1121 755 1222 816 sedin
1248 752 1272 816 C
1297 755 1428 817 directus
1453 775 1520 818 esse

160 850 286 932 ponitur
308 850 347 911 ob
371 848 553 910 evidentiam
575 846 672 928 partis
697 845 811 927 speculi
826 846 867 917 B,
893 864 968 924 quae
993 845 1032 905 ad
1056 863 1088 905 se
1112 842 1193 921 rapit
1216 851 1371 924 utrumque
1396 846 1520 906 oculum.

164 940 244 1003 Vide
268 939 325 1000 hac
350 939 386 1000 de
410 957 442 999 re
456 936 567 1017 Optica
591 935 667 1016 Cap.
684 936 722 1009 V,
740 932 769 997 3.
785 952 870 1012 prop.
887 930 983 1007 2-7,
1009 933 1169 1013 praecipue
1193 951 1276 1011 prop.
1293 932 1323 994 7.
1356 933 1425 995 Etsi
1441 934 1520 996 enim

162 1031 200 1091 de
225 1028 316 1108 globo
332 1045 426 1107 aqneo
451 1046 550 1088 sermo
565 1034 629 1099 est,
655 1025 744 1086 facile
760 1034 860 1085 tarnen
886 1022 1102 1083 demonstratio
1127 1022 1369 1083 accommodatur
1393 1022 1431 1083 ad
1448 1042 1520 1103 spe-

162 1119 262 1182 culum
285 1135 460 1178 concavum.
507 1116 612 1195 ltaque
635 1114 720 1175 vides
744 1112 836 1174 etiarn
859 1109 887 1171 in
913 1109 1032 1190 Opticis
1056 1131 1101 1173 me
1126 1112 1181 1173 hoc
1206 1111 1293 1185 dare,
1318 1129 1375 1172 non
1401 1130 1519 1173 omnem

162 1209 262 1270 locum
285 1205 425 1285 imaginis
449 1224 516 1266 esse
539 1225 559 1265 a
582 1204 727 1264 facultate
759 1200 919 1263 oculorum.
968 1197 1048 1270 Quid
1072 1200 1164 1279 igitur
1187 1219 1262 1281 opus
1287 1207 1350 1272 est,
1386 1208 1420 1261 ut
1448 1200 1520 1262 rnibi

164 1297 201 1359 de
224 1294 393 1376 pertinacia
415 1301 534 1355 metuas
558 1292 587 1353 in
617 1298 760 1371 suscepta
783 1309 855 1351 sen-

163 1384 282 1448 tentia?
327 1383 375 1445 Ex
403 1381 528 1444 infinitis
558 1380 645 1443 unius
677 1381 780 1459 puncti
804 1400 855 1441 ra·
1141 1393 1194 1460 rig.
1214 1390 1255 1442 ar.

164 1474 223 1536 diis
255 1492 362 1545 unum,
392 1472 452 1546 ais,
489 1472 586 1533 solnm
609 1469 639 1530 in
664 1470 781 1532 oculum
805 1489 854 1530 re-

164 1563 234 1643 cipi.
288 1561 388 1623 Video
433 1559 519 1622 nobis
561 1560 711 1639 imponere
749 1576 854 1619 vocum

164 1650 391 1732 ambiguitates.
411 1650 582 1730 Loquamur
595 1649 713 1710 elarius.
738 1648 855 1709 Puncta

164 1740 319 1804 radiantia
341 1740 461 1812 sintA,
477 1737 517 1812 C,
542 1738 644 1800 radius
668 1757 773 1810 conns,
800 1756 853 1798 eu-

159 1832 211 1911 jus
234 1828 319 1892 basis
338 1830 403 1909 jam
427 1836 477 1889 est
493 1825 547 1889 EF
570 1826 698 1888 latitudo
722 1826 852 1905 pupillae

165 1907 332 1981 foraminis.
367 1917 447 1996 Ergo
462 1916 529 1994 lege
544 1916 759 1977 mathematica
778 1916 857 1976 intra

163 2008 218 2070 EF
241 2015 276 2069 nt
298 2006 416 2068 infinita
439 2013 509 2066 sunt
531 2014 657 2085 puncta,
682 2004 726 2067 sic
749 2004 856 2066 infiniti

164 2116 281 2178 quoqne
306 2115 343 2156 ex
358 2096 386 2157 A
404 2094 493 2170 radii,
518 2094 624 2156 infiniti
650 2095 740 2156 etiam
765 2114 802 2156 ex
817 2092 854 2156 0.

162 2187 188 2249 li
213 2205 318 2249 omnes
343 2184 549 2264 ingrediuntur
573 2185 621 2255 (et
643 2184 687 2244 sic
707 2184 855 2263 recipiun-

162 2278 228 2348 tur)
253 2275 282 2335 in
307 2274 434 2335 oculum.
474 2271 651 2333 Sentiuntur
674 2281 773 2333 tamen
789 2292 854 2333 om·

162 2384 217 2426 nes
250 2364 387 2442 ejusdem
415 2362 482 2423 coni
512 2360 620 2421 radioli
651 2362 705 2420 sub
738 2362 854 2421 ratione

161 2453 259 2516 nnius.
291 2451 465 2514 Incidentes
480 2449 557 2511 enirn
573 2449 601 2509 in
617 2448 852 2529 clrrystallinum,

161 2543 227 2624 ejus
264 2540 409 2603 beneficio
446 2539 662 2602 contrabuntur
700 2538 728 2598 in
767 2558 853 2599 unum

160 2640 323 2712 punctum,
348 2650 451 2691 omnes
475 2630 557 2690 exA
581 2628 609 2688 in
633 2628 674 2698 B,
698 2647 802 2689 omnes
818 2647 855 2687 ex

160 2720 241 2785 Cin
266 2720 305 2782 D.
353 2719 395 2779 Et
413 2720 478 2798 jam
509 2718 556 2779 hic
581 2716 670 2789 inB,
695 2717 724 2778 D
748 2736 854 2779 occur-

140 2830 230 2873 ·rens
241 2807 407 2872 retiformis
422 2807 535 2887 excipit
549 2805 732 2868 radiationes
752 2825 854 2877 onmes

160 2899 318 2962 distincte.
356 2896 442 2957 Haec
461 2897 489 2957 in
506 2894 614 2975 opticis
639 2895 852 2957 demonstrari.

160 2988 311 3050 Videmus
334 2985 435 3067 itaque
458 2994 582 3065 uterque
598 3003 669 3044 vera
693 2984 800 3059 dicere,
826 2985 851 3045 si

158 3078 203 3140 sic
227 3077 416 3158 explicemus
440 3082 544 3136 nostra
567 3072 669 3134 verba.

249 3184 469 3245 Brenggerus:
495 3179 600 3244 Negavi,
617 3180 698 3229 lucem
720 3196 737 3230 a
757 3186 886 3246 superficie
905 3187 1011 3250 corporis
1037 3184 1155 3250 diaphani
1171 3186 1271 3252 refringi
1296 3202 1378 3252 posse,
1404 3204 1433 3239 eo
1454 3192 1519 3255 qnod

157 3255 286 3306 densitate
311 3258 406 3302 careat.
450 3251 487 3300 Tu
512 3266 568 3299 vero
590 3254 723 3314 opposuisti
747 3255 808 3303 mihi
834 3257 895 3321 Cap.
917 3257 935 3305 l.
956 3273 990 3320 pr.
1013 3254 1053 3305 13.
1084 3257 1189 3321 Opticae
1222 3265 1295 3313 tuae,
1327 3261 1370 3309 nbi
1398 3263 1517 3319 ostendis.

158 3325 302 3391 superficiei
324 3322 502 3388 quodammodo
525 3330 664 3386 competere
690 3324 846 3376 densitatem.
885 3329 948 3376 Eam
965 3329 1015 3392 legi
1035 3337 1061 3378 et
1080 3329 1242 3377 animadverti
1263 3344 1314 3379 rem
1328 3331 1364 3379 ita
1381 3345 1408 3381 se
1427 3333 1519 3383 habere

123 3453 127 3462 1
156 3406 185 3447 nt
207 3397 330 3461 scripsisti
351 3391 387 3457 (p.
411 3391 465 3453 57).
505 3393 564 3442 Esto
587 3395 652 3443 eninr
677 3409 764 3458 corpus
790 3399 854 3461 qnod
879 3399 1051 3456 condensetur,
1077 3413 1179 3448 necesse
1202 3407 1241 3448 est
1261 3403 1314 3461 ejus
1339 3402 1519 3465 longitudinem

157 3477 184 3519 et
208 3466 370 3518 latitudinem
392 3470 418 3513 et
437 3479 481 3528 per
502 3479 654 3528 consequens
675 3468 754 3528 ipsam
778 3485 874 3534 quoque
895 3469 1049 3533 superficiem
1071 3470 1224 3519 condensari.
1262 3470 1355 3521 Vamm
1380 3474 1520 3535 superficiei

156 3540 204 3590 boc
231 3539 328 3590 accidit
351 3550 401 3585 non
425 3551 469 3600 per
491 3551 518 3585 se
543 3536 587 3585 sed
608 3552 653 3599 per
672 3538 799 3598 accidens,
826 3555 873 3590 nec
895 3541 1023 3598 absolute,
1046 3541 1090 3590 sed
1114 3541 1249 3590 secundnm
1271 3543 1335 3606 quid.
1374 3543 1433 3592 ldeo
1451 3551 1520 3595 recte

157 3626 173 3662 a
199 3619 225 3661 te
252 3610 343 3660 addita
369 3615 408 3657 est
438 3608 565 3663 limitatio,
594 3609 659 3671 quod
689 3617 815 3672 competat
845 3615 868 3661 ei
893 3613 1001 3661 densitas
1020 3612 1306 3676 ‘,‚quodammodo.“
1346 3614 1385 3662 Fit
1410 3615 1518 3665 conden-

157 3685 223 3732 satio
236 3697 283 3746 per
301 3679 498 3731 contractionem
521 3694 566 3728 sen
584 3679 787 3741 proximationem
811 3681 850 3744 (ut
876 3685 910 3731 sic
936 3680 1029 3742 dicam)
1051 3684 1157 3746 partium
1178 3684 1282 3745 corporis
1305 3686 1424 3733 continui.
1461 3686 1520 3736 Janr

156 3769 213 3804 nero
239 3751 398 3817 superficies,
424 3750 444 3798 si
464 3749 641 3815 longitudinem
660 3758 757 3813 spectes
778 3759 804 3801 et
831 3754 1000 3810 latitudinem,
1024 3761 1063 3804 est
1083 3754 1183 3803 dividua
1202 3762 1227 3803 et
1246 3754 1323 3804 habet
1343 3765 1436 3819 partes,
1455 3772 1520 3820 quae

154 3829 180 3875 in
208 3831 346 3890 angustum
372 3823 484 3871 contrahi
507 3829 617 3885 possunt,
642 3830 670 3871 nt
685 3824 721 3870 sic
743 3823 788 3872 liat
810 3825 907 3875 densior
929 3840 972 3874 suo
994 3825 1074 3874 modo.
1113 3827 1147 3873 At
1169 3826 1304 3875 secundum
1327 3827 1520 3889 profunditatem

155 3900 210 3960 ejus
235 3910 296 3960 pars
321 3894 391 3942 nulla
415 3901 467 3950 est,
498 3907 574 3956 quare
603 3894 737 3942 secundum
762 3895 827 3944 hano
849 3895 890 3957 (de
914 3911 963 3959 qua
988 3897 1139 3959 potissimum
1164 3896 1232 3945 nobis
1254 3912 1333 3946 sermo
1359 3896 1409 3958 est)
1431 3900 1520 3949 nullius

155 3982 239 4032 capu
264 3973 304 4016 est
332 3965 471 4013 densitatis.
508 3964 554 4012 His
579 3965 715 4021 stantibus,
748 3968 770 4014 si
795 3967 932 4031 fingamus,
960 3967 1055 4016 radium
1081 3966 1204 4031 quendam
1223 3970 1327 4018 transire
1349 3985 1393 4032 per
1412 3970 1518 4035 longitn-

154 4040 240 4089 dinem
265 4036 413 4100 superficiei,
440 4050 496 4084 eum
520 4035 630 4084 dicemus
655 4037 752 4101 refringi
773 4051 789 4085 a
810 4038 933 4087 densitate
953 4038 1103 4101 superficiei:
1129 4045 1156 4087 at
1180 4039 1242 4088 radii
1260 4047 1417 4090 transeuntes
1430 4057 1515 4105 snper·

154 4111 252 4168 ficiem,
275 4122 326 4157 non
349 4120 399 4172 qua
423 4107 498 4171 longa
521 4113 565 4154 aut
581 4106 649 4167 lata,
676 4108 719 4157 sed
738 4123 782 4171 per
803 4117 985 4165 transversum,
1016 4116 1139 4172 quatenns
1163 4110 1258 4159 scilicet
1276 4111 1381 4160 indivisa
1406 4118 1445 4161 est
1469 4125 1520 4161 nec

154 4188 242 4247 partes
268 4178 365 4228 hebens
389 4192 436 4227 nec
462 4179 619 4234 densitatem,
645 4179 676 4226 ab
700 4179 744 4227 illa
764 4180 865 4244 refringi
886 4195 935 4228 non
956 4187 1068 4243 possunt,
1093 4181 1137 4230 sed
1161 4186 1259 4230 tantum
1282 4195 1298 4230 a
1323 4182 1446 4231 densitate
1465 4196 1519 4231 cor·

153 4253 223 4317 poris
253 4249 385 4314 disphani,
421 4263 485 4313 qnae
514 4250 573 4313 quia
602 4264 652 4298 non
681 4251 706 4298 in
731 4253 784 4312 ejus
814 4252 956 4300 summitate
987 4252 1110 4300 duntaxat
1131 4258 1157 4300 et
1180 4253 1246 4301 circa
1264 4252 1416 4315 superficiem
1439 4252 1519 4301 locum

153 4325 251 4379 habet,
278 4320 324 4371 sed
346 4334 390 4383 per
415 4334 499 4370 omnes
518 4320 682 4370 dimensiones
703 4323 778 4370 totius
803 4321 893 4371 diffusa
917 4328 968 4377 est.
996 4324 1058 4370 ratio
1077 4322 1156 4371 dictat
1177 4323 1258 4372 radios
1278 4323 1409 4371 luminosos
1429 4337 1478 4370 non
1493 4324 1519 4371 in

154 4394 305 4445 summitate
331 4398 444 4448 uotum,
467 4391 512 4441 sed
534 4392 560 4440 in
585 4397 636 4440 toto
662 4407 762 4455 corpore
786 4395 927 4457 passionem
948 4392 1016 4441 illam
1041 4394 1172 4447 sustinere,
1192 4407 1266 4457 quam
1292 4394 1365 4456 optici
1388 4409 1437 4442 non
1457 4393 1518 4441 satis

154 4463 288 4517 commode
309 4462 484 4511 refractionem
509 4461 642 4525 appellant.
680 4463 821 4512 Persuadeo
847 4478 893 4528 ego
912 4463 980 4519 mihi,
1004 4466 1029 4511 in
1051 4463 1174 4526 diaphano
1196 4464 1272 4512 denso
1292 4464 1372 4512 radios
1397 4461 1517 4517 contrahi,

154 4539 219 4603 quia
242 4541 329 4599 partes
353 4532 418 4582 illins
442 4540 500 4582 sunt
524 4540 668 4583 contractae
693 4541 718 4583 et
740 4540 898 4591 coarctatae;
921 4536 947 4583 in
969 4548 1023 4583 raro
1043 4548 1099 4583 vero
1125 4534 1223 4583 dilatari
1244 4550 1287 4598 pro
1309 4536 1405 4583 ratione
1428 4533 1517 4582 dilata·

153 4607 235 4659 ιὶοιιίι
259 4606 369 4670 partium
394 4605 500 4669 corporis
525 4604 642 4667 diaphani
663 4607 720 4654 rari.

248 4677 451 4756 Keplerus:
477 4676 605 4737 Pulchre
620 4695 755 4756 pugnas,
780 4676 955 4752 ostendens,
982 4676 1128 4756 quomodo
1143 4675 1220 4736 radii
1245 4673 1385 4752 diophani
1410 4691 1518 4751 snper-

153 4767 258 4831 ticiem
283 4764 457 4844 trajiciant,
492 4784 551 4827 non
584 4783 643 4844 qua
673 4765 725 4826 illa
755 4773 803 4825 est
833 4766 927 4826 densa
951 4786 983 4827 se
1008 4765 1088 4843 ipsa,
1124 4764 1183 4824 imo
1208 4781 1266 4843 qua
1289 4762 1400 4823 nullam
1424 4762 1518 4823 habet

154 4865 282 4940 partem
305 4852 365 4916 sibi
388 4854 569 4916 obstantem.
602 4856 647 4915 At
670 4873 782 4934 quaeso
806 4862 850 4928 te,
875 4854 945 4935 quid
970 4862 1059 4933 putas
1075 4851 1103 4913 in
1119 4851 1244 4931 chalybe
1268 4849 1347 4924 lieri,
1372 4850 1444 4930 quid
1467 4870 1517 4912 re-

152 4943 295 5028 percutit
317 4941 435 5006 radinm
458 4941 559 5007 Solis?
596 4941 797 5024 Superficies?
837 4941 882 5004 At
905 4943 1007 5004 radius
1031 4940 1075 5002 illi
1098 4939 1155 5000 hae
1179 4938 1297 5012 incidit,
1323 4956 1381 5018 qua
1404 4939 1517 5002 nullam

154 5033 258 5098 hahet
279 5040 414 5114 partem,
448 5040 481 5094 ut
503 5042 536 5094 to
560 5032 648 5094 modo
671 5032 806 5106 dixeras,
841 5030 949 5111 qnippe
978 5036 1062 5092 caret
1091 5026 1306 5109 profunditate.
1353 5027 1403 5090 An
1426 5026 1518 5110 igitur
