3692 5842
851 467 985 519 Praelatio.
1519 487 1521 492 ·
1533 472 1575 538 52
1578 471 1598 538 5

331 635 407 701 Cum
431 650 494 704 tam
517 640 612 700 multa
635 641 732 719 prosit
746 643 848 722 optica
862 644 991 706 scientia
1005 645 1215 726 philosophiae
1236 647 1377 720 naturali,
1398 649 1466 727 jure
1482 650 1596 729 optimo

233 725 327 790 Pena
349 727 438 807 plura
461 728 552 791 etiarn
577 728 615 789 ab
640 731 740 809 optica
770 742 945 812 exspectat,
978 734 1007 795 in
1031 735 1132 814 magia
1158 742 1189 796 et
1212 736 1365 814 theologia
1388 738 1599 819 Porphyriana

230 815 330 897 inque
356 817 519 882 manuariis
543 817 717 898 praestigiis
742 819 953 885 discutiendis:
988 844 1043 884 nec
1067 843 1164 904 pauca
1187 824 1338 903 promittit
1360 824 1409 888 Jo.
1436 826 1596 905 Baptistae

230 903 355 968 Portae
379 908 485 988 Magia
516 906 682 981 naturalis,
718 928 806 989 quam
836 912 931 972 lector
963 913 1070 986 adeat;
1108 912 1225 976 videbit
1254 914 1383 993 opticam
1408 915 1596 994 disciplinam

232 999 310 1057 tota
333 994 399 1057 vita
421 996 552 1059 humana
575 994 768 1060 admirabiles
793 1001 944 1080 explicare
969 1002 1129 1063 utilitates.

332 1083 489 1148 Hactenus
513 1084 605 1165 igitur
628 1086 712 1148 Pena
735 1087 821 1149 uobis
845 1091 966 1151 auditus
990 1097 1055 1151 esto
1086 1092 1122 1151 de
1146 1090 1339 1170 praestantia
1362 1090 1478 1169 optices
1503 1091 1598 1172 deque

234 1174 402 1254 stupendis
426 1176 492 1255 ejus
516 1173 670 1236 effectibus
695 1176 724 1237 in
749 1197 845 1238 rerum
869 1187 978 1239 natura
1002 1180 1172 1258 detegenda
1196 1179 1373 1240 doctissime
1398 1198 1552 1257 perorans.

331 1262 420 1325 Nunc
453 1273 585 1341 tenipus,
620 1272 652 1323 ut
684 1266 839 1343 promissis
864 1269 951 1329 fidem
983 1276 1137 1347 praestem
1171 1268 1352 1347 doceamque
1388 1268 1445 1329 hac
1483 1268 1598 1347 optices

236 1357 348 1432 parte,
375 1371 463 1433 quarn
487 1351 705 1429 Dioptricen
730 1356 932 1434 appellamus,
958 1357 1081 1438 ejusque
1105 1356 1242 1436 subjecto
1276 1357 1456 1436 perspicillis
1482 1377 1537 1419 nos
1561 1359 1598 1419 de

239 1459 344 1502 rerum
368 1448 477 1504 natura
501 1441 588 1519 longe
613 1441 876 1506 admirabilissima
901 1445 984 1507 brevi
1017 1447 1160 1525 temporis
1192 1446 1292 1525 spatio
1324 1446 1483 1519 didicisse;
1522 1447 1599 1507 adeo

242 1529 381 1612 quidem,
414 1538 448 1592 ut
479 1528 605 1611 puerilia
632 1532 727 1592 videri
760 1534 875 1612 possint
901 1554 1093 1615 quaecunque
1127 1536 1273 1596 hacteuus
1307 1534 1423 1613 optices
1455 1533 1598 1596 beneficio

244 1619 370 1682 detecta
393 1639 430 1680 ex
452 1620 537 1681 Pena
559 1620 761 1698 produximus.

334 1708 487 1770 Versatur
509 1708 538 1769 in
562 1708 700 1770 manibus
725 1712 853 1773 omnium
878 1711 1063 1774 Siderous
1089 1710 1264 1773 Galilaei
1290 1710 1446 1772 nuncius
1480 1718 1511 1772 et
1534 1731 1601 1772 mea
1641 1753 1652 1766 .

246 1795 460 1878 qualiscunque
484 1816 550 1858 curu
575 1798 630 1858 hoc
654 1799 759 1859 nuncio
784 1800 1037 1874 Dissertatio,
1069 1807 1132 1861 tum
1161 1800 1254 1861 etiam
1279 1799 1599 1875 Narratiuncula,

245 1884 356 1950 Nuncii
381 1886 490 1965 siderei
514 1887 744 1949 confirmatoria.
784 1888 895 1950 Lector
918 1890 1020 1970 itaque
1044 1890 1175 1950 breviter
1199 1889 1368 1967 perpendat
1392 1888 1495 1966 capita
1518 1888 1600 1950 illius
1638 1901 1643 1920 ¹

246 1974 367 2050 Nuucii‚
392 1995 467 2055 quae
492 1983 523 2037 et
546 1984 660 2056 quanta
681 1978 845 2057 perspicilli
872 1979 950 2039 illius
974 1978 1126 2050 beneficio,
1151 1979 1234 2056 cujus
1259 1977 1393 2038 rationes
1416 1977 1473 2037 hoc
1497 1976 1599 2038 libello

247 2063 434 2139 demonstro,
459 2065 569 2126 luerint
593 2065 722 2126 detecta.
772 2067 956 2128 Testabatur
974 2066 1066 2139 visus,
1093 2086 1160 2127 esse
1185 2066 1306 2143 aliquod
1330 2067 1359 2126 in
1384 2066 1467 2126 coelo
1492 2084 1600 2145 corpus

246 2152 387 2228 lucidum,
414 2154 492 2235 quod
515 2153 631 2214 Lunam
656 2153 791 2227 dicimus,
816 2156 1052 2236 demonstratum
1078 2155 1134 2215 fuit
1157 2174 1196 2215 ex
1220 2154 1386 2215 ratiouibus
1410 2153 1536 2232 opticis,
1568 2155 1599 2216 id

246 2260 356 2321 corpus
381 2262 448 2304 esse
476 2244 651 2317 rotundum,
687 2246 871 2306 astronomia
901 2246 992 2306 etiarn
1022 2243 1301 2306 ratiocinationibus
1329 2242 1478 2304 nonnullis
1509 2262 1599 2322 super

246 2331 352 2413 optica
376 2331 571 2393 fundamenta
595 2332 752 2394 collocatis
777 2342 969 2395 exstruxerat
993 2334 1057 2413 ejus
1082 2332 1271 2393 altitudinem
1290 2353 1309 2392 a
1323 2333 1417 2393 Terra
1440 2332 1601 2410 sexaginta

246 2418 370 2484 circiter
384 2420 673 2482 semidiametrorum
690 2424 810 2484 Terrae.
844 2423 1043 2503 Apparebant
1066 2422 1095 2482 in
1121 2422 1171 2482 illo
1191 2440 1314 2501 corpore
1329 2421 1432 2481 variae
1448 2421 1600 2494 maculae;

245 2517 279 2572 ct
302 2517 411 2569 secuta
433 2517 482 2571 est
505 2510 632 2571 obscura
656 2511 754 2589 opinio
778 2532 939 2591 paucorum
968 2511 1228 2591 philosophorum,
1262 2510 1350 2570 illata
1380 2510 1418 2570 ab
1441 2510 1598 2570 Hecataeo

244 2597 274 2660 in
299 2597 421 2658 fabulas
446 2599 482 2659 de
506 2599 765 2680 Hyperboreorum
790 2601 898 2670 insula,
923 2600 1067 2663 montium
1092 2608 1123 2661 et
1145 2600 1281 2672 vallium,
1312 2597 1444 2660 humoris
1469 2605 1501 2659 et
1524 2616 1599 2658 con·
1659 2609 1661 2614 '

245 2687 406 2750 tinentium
431 2688 583 2749 alternata
615 2680 746 2768 conspici
778 2691 949 2751 simulacra.
996 2691 1042 2751 At
1069 2708 1145 2750 nunc
1173 2687 1377 2768 perspicillum
1401 2686 1502 2748 omnia
1525 2687 1601 2748 baec

245 2777 323 2838 adeo
348 2775 387 2837 ob
411 2776 513 2837 oculos
538 2776 683 2850 collocat,
717 2789 749 2839 ut
773 2780 861 2858 plane
887 2779 1021 2840 timidum
1046 2797 1112 2839 esse
1142 2784 1298 2857 oporteat,
1334 2776 1383 2857 qui
1417 2776 1471 2838 tali
1499 2776 1601 2837 fruens

232 2872 375 2946 'aspectu
399 2866 561 2927 etiamnum
592 2866 787 2929 dubitandum
816 2869 979 2929 existimet.
1026 2867 1109 2930 Nihil
1137 2874 1185 2927 est
1214 2865 1341 2939 certius,
1377 2884 1467 2944 quam
1497 2874 1602 2943 partes

243 2954 352 3018 Lunae
376 2953 588 3015 meridionales
611 2955 748 3033 plurimis
773 2957 866 3037 iisque
891 2958 1044 3018 immensis
1069 2964 1186 3017 scatere
1211 2956 1377 3028 montibus,
1402 2962 1507 3034 partes
1531 2972 1616 3030 vero,

245 3043 520 3124 septentrionales,
560 3044 764 3123 depressiores
802 3047 928 3126 quippe,
972 3046 1097 3107 lacubus
1135 3044 1329 3124 amplissimis
1368 3044 1548 3103 defluentem
1586 3063 1604 3102 a

244 3131 373 3196 meridie
396 3133 547 3194 humorem
572 3133 718 3213 excipere.
767 3133 852 3204 Quae
876 3136 958 3214 prius
984 3136 1066 3195 Pena
1096 3134 1282 3212 produxerat
1315 3133 1432 3210 optices
1460 3130 1603 3192 beneficio

243 3222 407 3304 patefacta
430 3222 582 3300 dogmata,
607 3222 661 3283 illa
685 3242 704 3282 a
728 3225 866 3285 tenuibus
891 3225 973 3284 risus
994 3221 1181 3284 adminiculis
1207 3221 1350 3300 originem
1374 3220 1528 3280 trahentia
1551 3238 1604 3298 per

246 3311 356 3391 longas
387 3310 633 3372 ratiocinationes
657 3312 735 3372 inter
759 3332 791 3372 se
816 3333 909 3373 nexas
926 3312 1219 3383 demonstrabantur,
1246 3311 1289 3371 sic
1313 3319 1346 3368 ut
1370 3308 1479 3370 rationi
1502 3309 1604 3387 potius

245 3401 410 3474 humanae,
437 3419 524 3479 quarn
549 3399 643 3461 oculis
668 3402 955 3463 transcriberentur:
989 3412 1021 3461 at
1052 3401 1098 3460 hic
1125 3399 1190 3477 jam
1219 3398 1295 3458 oculi
1328 3397 1384 3475 ipsi
1408 3415 1488 3457 nova
1511 3396 1604 3457 veluti

241 3489 341 3570 janua
360 3489 436 3549 coeli
451 3488 608 3566 patefacta
632 3489 659 3549 in
685 3500 878 3568 conspectum
903 3510 1000 3552 rerum
1025 3489 1230 3550 abstrusarum
1255 3487 1452 3547 adducuntur.
1488 3482 1604 3555 Quodsi

245 3577 292 3640 cni
322 3576 390 3656 jam
422 3596 513 3656 super
545 3577 632 3638 novis
662 3578 745 3639 hisce
774 3579 1037 3640 observationibus
1070 3577 1173 3639 lubeat
1196 3576 1288 3636 etiam
1313 3573 1439 3637 rationis
1464 3573 1522 3634 vim
1547 3592 1603 3634 ex-

247 3674 372 3729 cutere:
411 3666 558 3746 quianon
589 3665 690 3742 videt,
724 3686 812 3746 quam
846 3669 934 3748 longe
964 3666 1179 3746 contemplatio
1211 3673 1337 3725 naturae
1369 3683 1424 3724 sua
1451 3661 1605 3741 pomoeria

245 3756 407 3837 prolatura
430 3754 487 3829 sit;
519 3756 587 3816 dum
613 3754 798 3835 quaerimus,
824 3758 870 3818 cui
895 3760 972 3819 bono
998 3757 1025 3817 iu
1051 3757 1136 3817 Luna
1161 3755 1221 3816 sint
1252 3752 1395 3814 montium
1423 3750 1603 3829 valliumque

246 3853 386 3917 tractus,
421 3844 546 3905 marium
570 3845 758 3924 amplissima
781 3847 896 3925 spatia;
935 3856 966 3907 et
999 3867 1035 3906 an
1068 3865 1124 3906 000
1149 3843 1307 3922 ignobilior
1339 3842 1441 3923 aliqua
1465 3850 1605 3903 creatura

247 3953 340 4015 quam
364 3932 453 3994 homo
477 3934 571 3995 statui
595 3935 704 4012 possit,
729 3954 804 4014 quae
829 3945 945 3998 tractus
970 3935 1039 3996 illos
1063 3933 1232 3995 inhabitet?

339 4022 406 4084 Nec
429 4021 526 4083 minus
551 4023 699 4085 deciditur
722 4024 791 4086 hinc
817 4032 848 4086 et
871 4026 924 4086 illa
949 4026 1104 4104 quaestio,
1139 4041 1215 4103 quae
1246 4040 1320 4102 pene
1355 4040 1420 4082 cum
1444 4019 1511 4099 ipsa
1534 4018 1604 4099 phi-

247 4110 390 4191 losophia
411 4119 494 4187 nata,
520 4120 677 4174 exercetur
699 4114 787 4175 hodie
813 4136 831 4174 a
854 4113 1050 4175 nobilissimis
1075 4111 1221 4191 ingeniis,
1255 4110 1390 4190 possitne
1414 4110 1508 4170 Terra
1539 4126 1605 4168 mo-

247 4201 314 4263 veri
339 4201 435 4281 (quod
458 4201 593 4262 theorica
617 4203 754 4264 doctrina
769 4203 958 4281 planetarum
975 4203 1062 4264 valde
1082 4202 1250 4271 desiderat)
1275 4199 1338 4259 siue
1363 4198 1498 4276 gravium
1521 4195 1606 4258 ruina

250 4297 307 4352 aut
329 4289 396 4351 sine
424 4289 594 4351 turbatione
628 4300 727 4352 motus
761 4293 986 4353 elementorum.
1034 4292 1112 4354 lt'anr
1147 4292 1172 4350 si
1198 4290 1289 4348 Terra
1318 4308 1337 4347 a
1367 4294 1471 4347 centro
1504 4283 1605 4345 mundi

251 4379 374 4451 exulat,
398 4386 534 4440 metuunt
557 4380 688 4441 nonnulli
714 4400 749 4441 ne
774 4401 870 4461 aquae
896 4382 985 4461 globo
1010 4382 1121 4442 Terrae
1146 4380 1267 4439 deserto
1292 4376 1321 4437 in
1345 4374 1447 4436 mundi
1471 4383 1605 4435 centrum

249 4470 391 4532 refluant.
439 4467 535 4548 Atqui
558 4469 694 4530 videmus
719 4479 750 4529 et
780 4471 809 4530 iu
833 4472 919 4531 Luna
944 4471 1042 4532 inesse
1076 4469 1137 4529 rim
1170 4465 1310 4537 humoris,
1346 4464 1506 4542 depressas
1540 4463 1606 4542 ejus

249 4555 334 4637 globi
349 4557 474 4619 lacunas
490 4556 697 4619 obsidentem:
725 4559 773 4638 qui
789 4559 895 4638 globus
912 4559 1048 4639 quamvis
1074 4559 1102 4619 in
1126 4558 1191 4637 ipso
1216 4556 1338 4615 aethere
1358 4553 1607 4623 circumducatur,

249 4655 341 4709 extra
365 4653 470 4708 centra
492 4666 549 4708 non
573 4647 672 4708 mundi
698 4657 816 4709 tantum
841 4650 892 4709 sed
919 4658 950 4710 et
965 4650 1077 4709 Terrae
1093 4655 1226 4717 nostrae,
1250 4664 1308 4704 non
1329 4650 1429 4704 tamen
1450 4642 1605 4722 quicquam

251 4735 413 4818 impeditur
445 4738 533 4816 copia
566 4756 710 4816 aquarum
734 4737 912 4811 Lunarium,
939 4757 995 4817 quo
1030 4736 1127 4797 minus
1160 4735 1197 4795 ad
1231 4743 1365 4794 centrum
1396 4731 1441 4792 sui
1471 4731 1605 4811 corporis

250 4826 381 4888 tendens
404 4825 509 4887 Lunae
538 4825 628 4906 globo
652 4835 794 4888 constans
819 4827 993 4888 adhaereat.
1042 4827 1147 4905 Itaque
1179 4823 1280 4903 optica
1310 4822 1454 4883 reformat
1477 4820 1525 4881 rel
1550 4820 1605 4881 hoc

250 4913 383 4978 Lunaris
415 4913 496 4995 globi
536 4915 672 4996 exemplo
706 4917 872 4978 doctrinam
910 4916 1044 4995 gravium
1079 4922 1110 4976 et
1142 4913 1270 4986 levium,
1310 4911 1523 4990 confirmatque
1557 4908 1604 4970 bic

250 5002 503 5068 introductionem
527 5026 624 5067 meam
648 5006 676 5066 in
702 5004 928 5068 Commentaria
951 5004 1060 5068 Martis
1085 5012 1227 5066 motuum.
