3692 5842
242 470 309 538 638
723 474 761 526 ns
781 474 861 526 sena
877 475 952 526 xm
969 475 1123 540 mnam

245 649 282 710 de
305 650 415 711 rirtute
439 649 524 710 unita
549 649 673 710 fortiori.
720 607 806 714 Nudo
830 661 931 712 autem
955 652 1014 714 etsi
1042 659 1163 714 movent
1190 649 1312 732 quidern
1337 655 1479 710 naturam
1502 645 1598 708 suble-

244 757 357 810 narem,
382 757 439 798 non
465 749 564 798 tamen
590 749 710 800 merent
734 753 766 800 nt
794 742 917 820 agentia
946 740 1098 802 naturalia
1127 740 1270 802 rirtnbem
1294 737 1430 818 aliquam
1453 733 1494 796 ob
1515 753 1598 814 prae-

242 827 372 888 sentiam
395 826 528 904 patibilis
552 829 594 888 rei
620 829 811 897 effundentia,
836 830 889 890 sed
914 825 959 890 sic'
982 839 1105 890 movent
1123 841 1274 900 naturam,
1297 841 1334 888 ut
1347 825 1473 906 objecta
1487 835 1599 884 moreat

241 935 358 988 sensus,
385 917 434 975 lux
458 916 575 988 oeulos,
601 935 692 976 sonus
717 918 869 989 eruditum,
894 919 977 980 calor
1001 931 1125 979 tactum.
1172 917 1279 996 Neque
1298 915 1381 976 euirn
1400 911 1597 992 horumquic·

241 1024 330 1084 quarn
356 1013 439 1064 tanto
464 1015 511 1064 est
536 1004 676 1076 debilius,
703 1019 813 1085 quanto
836 1007 963 1085 plurium
979 1025 1087 1068 sensus
1102 1005 1201 1085 aperti
1224 1015 1296 1066 sunt
1319 1004 1362 1064 ad
1385 1001 1598 1082 excipiendum,

242 1094 294 1152 sed
329 1092 457 1153 tribntus
492 1103 540 1153 est
572 1093 618 1152 nis
652 1097 788 1154 omnibns
822 1097 950 1156 effluxns
982 1093 1103 1177 quidaro
1136 1093 1286 1154 naturalis
1320 1103 1353 1152 et
1386 1089 1600 1154 immateriales

242 1181 398 1262 qualitatis
423 1181 487 1260 ejus
511 1201 600 1262 quarn
624 1183 789 1262 possident,
815 1184 899 1262 cujus
923 1185 1041 1263 speeies
1064 1184 1131 1244 sine
1145 1181 1371 1260 defatigatione
1390 1199 1472 1242 snae
1483 1177 1601 1258 originis

243 1270 312 1330 ferit
340 1289 445 1330 sensus
478 1271 516 1329 ad
541 1270 788 1348 defatigationem
821 1291 924 1352 usqne.
971 1273 1030 1333 Hic
1063 1279 1224 1352 exspectat
1254 1268 1463 1350 philosophus
1491 1265 1600 1347 aliquia,

242 1369 275 1418 ut
298 1377 374 1438 qnae
398 1359 426 1418 in
452 1360 595 1437 exemplis
620 1361 681 1420 dixi
706 1362 742 1420 de
767 1361 858 1420 variis
882 1380 979 1422 rerum
1003 1361 1211 1442 qualitatibus,
1235 1378 1274 1420 aa
1296 1357 1326 1418 in
1344 1355 1449 1418 stellis
1463 1355 1598 1434 applica!

243 1448 280 1506 ad
306 1466 408 1507 earum
435 1447 563 1507 lumina:
589 1449 689 1528 itaque
714 1469 789 1528 qnae
814 1449 861 1509 hic
884 1469 931 1510 me
955 1459 1044 1528 putat
1066 1448 1309 1528 subjunctururn,
1344 1455 1442 1506 antea
1469 1463 1502 1504 se
1529 1443 1600 1504 dicet

245 1536 337 1608 seire;
362 1535 498 1596 nimirum
523 1537 619 1597 adlrue
644 1539 773 1598 militare
797 1549 902 1598 contra
925 1557 971 1597 rue
996 1537 1142 1599 rationem
1165 1535 1248 1608 Pici,
1280 1554 1349 1596 cunr
1380 1533 1520 1596 binorum
1539 1533 1599 1612 pla·

247 1632 385 1684 netarum
409 1623 578 1700 conjunctio
603 1627 693 1687 nihilo
718 1627 834 1687 auctius
860 1627 974 1687 elliciat
998 1628 1095 1686 lumen
1120 1637 1328 1705 utrorumque,
1353 1621 1443 1704 quia,
1466 1633 1598 1702 quantun

209 1755 214 1766 .
245 1713 446 1791 possederant
475 1715 618 1790 separati,
648 1728 764 1776 tanturn
789 1716 947 1775 conferunt
970 1716 999 1775 iu
1032 1733 1237 1792 congressum.
1294 1711 1363 1790 Ego
1393 1729 1467 1772 xero
1495 1727 1598 1790 nequa-

246 1801 464 1880 quam'loquor
489 1803 524 1861 de
550 1803 657 1864 lrnnine
684 1804 711 1862 in
736 1823 896 1882 praesens,
921 1804 1006 1881 cujus
1030 1815 1078 1864 est
1101 1822 1175 1862 sane
1199 1811 1232 1862 et
1255 1801 1341 1862 calor
1364 1809 1398 1859 et
1421 1799 1546 1860 claritas
1566 1795 1598 1856 ad

244 1889 364 1949 modum
387 1890 538 1968 corporis,
573 1911 627 1951 nnn
659 1894 696 1952 ad
726 1892 978 1973 propinquitatem
1006 1904 1140 1954 mutuam
1164 1892 1307 1964 duorum,
1342 1907 1471 1968 quorum
1493 1885 1599 1968 quiden

243 1978 322 2038 alter·
346 1979 434 2040 alteri
458 1997 515 2038 non
540 1979 580 2038 sit
605 2000 698 2040 cansa
722 1982 848 2041 luminis.

332 2065 466 2126 Luminis
491 2087 561 2127 reru
587 2079 617 2128 et
641 2079 807 2130 ceterorum
832 2069 1018 2130 sensibilium
1042 2067 1239 2128 similitudine
1264 2085 1338 2127 usus
1361 2083 1431 2126 sum
1455 2061 1596 2140 adexpli-

245 2154 397 2216 cationem
427 2155 469 2215 rei
501 2156 655 2217 obscurae.
709 2159 829 2219 Etenim
859 2157 886 2218 in
923 2156 1134 2235 conjunctione
1167 2157 1292 2216 duorum
1326 2156 1522 2234 planetarum
1548 2167 1597 2210 non

242 2245 307 2323 jam
334 2245 430 2304 lumen
456 2244 509 2303 sed
534 2246 601 2323 ipsa
623 2247 696 2306 lraec
712 2247 828 2321 relatio,
853 2248 917 2326 ipse
935 2247 1022 2318 situs,
1048 2264 1135 2326 quem
1150 2243 1394 2321 conjunctionem
1411 2241 1597 2320 appellamus.

245 2332 355 2409 objecti
380 2331 475 2392 ricem
500 2333 587 2411 gerit.
636 2333 733 2405 Quale
757 2337 859 2414 itaque
883 2335 1050 2414 objectum,
1083 2333 1155 2394 talis
1188 2333 1218 2392 in
1251 2341 1362 2392 natura
1384 2327 1542 2392 sublunari
1557 2339 1598 2386 est

243 2440 359 2480 seusus.
407 2418 566 2498 Objectnm
591 2443 627 2482 ex
653 2425 830 2484 relationum
854 2424 953 2484 classe
976 2432 1039 2496 est,
1069 2421 1170 2500 itaque
1194 2431 1226 2480 et
1249 2431 1391 2480 naturam
1417 2417 1597 2480 sublunarem

245 2510 272 2568 ri
303 2509 484 2588 percipiendi
514 2512 677 2573 relationes
712 2515 786 2573 istas
820 2514 989 2590 praeditam
1020 2530 1087 2572 esse
1121 2529 1244 2570 necesse
1273 2518 1333 2570 est.
1380 2507 1427 2568 Et
1457 2521 1490 2567 ut
1518 2503 1597 2564 rerba

246 2597 353 2670 dicam,
381 2609 518 2659 naturam
543 2600 733 2662 sublunarem
760 2602 840 2662 breri
865 2602 941 2680 pede
965 2600 1127 2660 metiuntur
1146 2598 1265 2676 quidam
1285 2594 1474 2676 philosophi,
1499 2593 1598 2654 nullum

245 2707 314 2746 esse
339 2706 469 2755 sensum,
494 2687 604 2748 nullam
629 2709 725 2751 rerum
749 2689 981 2766 intelligibilium
1001 2686 1225 2766 perceptionem
1249 2686 1467 2746 existimantes
1491 2693 1599 2762 practer

245 2795 298 2834 eas
327 2794 401 2854 quas
433 2776 519 2836 lrorno
549 2778 685 2854 possidet
714 2779 886 2840 facultates.
939 2777 987 2838 Ex
1016 2777 1072 2837 hac
1100 2773 1295 2854 persuasione
1325 2775 1423 2834 oritur
1452 2771 1597 2834 temeritas

241 2864 434 2944 oppugnandi
461 2884 508 2924 res
533 2867 805 2928 manifestissimas.

330 2952 386 3012 Dic
411 2952 481 3012 milri
508 2954 585 3026 l'ice,
612 2975 667 3032 qno
692 2975 782 3016 sensu
808 2953 890 3014 canis
915 2952 1045 3030 vestigia
1068 2950 1180 3012 donrini
1200 2949 1344 3030 percipit:
1371 2967 1444 3009 nunr
1460 2943 1597 3008 odoratu?

240 3043 286 3101 At
310 3040 409 3100 hercle
434 3039 560 3100 lrorninis
582 3057 641 3102 tarn
672 3045 837 3121 exquisitus
866 3043 1009 3102 odoratus
1038 3060 1096 3102 non
1127 3048 1185 3100 est.
1233 3037 1358 3116 Aliquid
1389 3037 1486 3116 igitur
1517 3033 1597 3093 discis

242 3129 270 3188 in
296 3147 379 3200 cane,
405 3130 482 3206 quod
509 3149 564 3189 rron
591 3132 739 3192 didiceras
764 3133 792 3192 in
818 3130 953 3201 lrornine;
978 3149 1032 3189 nec
1051 3129 1234 3189 credidisses
1249 3128 1286 3187 de
1302 3146 1377 3186 carre
1394 3125 1597 3186 referentibus.

242 3217 297 3277 nisi
325 3217 353 3277 iu
379 3235 440 3276 rem
465 3231 653 3294 praesentem
678 3222 798 3299 saepius
824 3219 886 3298 ipse
911 3218 1056 3278 venisses,
1103 3217 1160 3277 Die
1185 3217 1331 3294 amplius,
1363 3233 1459 3292 quare
1491 3213 1597 3272 radicis

243 3318 276 3366 et
300 3305 380 3366 bulbi
402 3305 559 3366 lierbarnnr
584 3310 699 3369 colores
725 3310 874 3386 excipiunt
900 3309 1028 3378 all'usos,
1052 3306 1141 3379 croci,
1163 3305 1285 3366 Brasilii
1311 3303 1396 3378 ligni,
1420 3313 1550 3370 ceteros,
1570 3309 1597 3358 ut

244 3394 299 3455 lros
324 3393 352 3454 in
378 3395 480 3454 llorern
506 3409 612 3472 postca
636 3399 839 3458 transferant?
877 3396 969 3456 Dices
993 3415 1129 3466 succum,
1162 3412 1249 3474 qneur
1274 3393 1433 3456 hauriunt,
1467 3389 1597 3448 intictuur

247 3505 323 3545 esse.
371 3483 439 3544 lion
464 3485 657 3547 satisfecisti:
684 3488 855 3565 quantulum
879 3495 937 3556 est,
962 3483 1040 3564 quod
1059 3483 1319 3564 caryoplryllorum
1334 3477 1490 3540 radicibus
1509 3479 1595 3538 alfun-

246 3573 347 3634 ditur?
371 3586 514 3650 quantnrn
540 3589 644 3635 contra
669 3577 771 3636 florum
796 3593 832 3633 ex
857 3573 941 3632 caule
967 3571 1175 3652 preliandum?
1199 3571 1247 3629 nbi
1272 3569 1452 3648 proportio?
1495 3567 1595 3636 Quare.

243 3681 308 3722 cnm
333 3660 486 3721 diluantur
510 3666 626 3722 citiores
651 3663 746 3734 affusi,
773 3662 892 3739 limpido
918 3661 1040 3721 humore
1065 3660 1156 3732 bulbi,
1181 3679 1271 3720 succo
1295 3671 1407 3729 terrae,
1433 3653 1597 3717 nunctiant

244 3750 367 3810 diluitur
392 3749 419 3808 in
447 3752 517 3809 llnre
543 3753 645 3811 colnr?
692 3749 791 3819 Quare
817 3749 876 3810 alio
901 3749 1027 3809 artilicio
1051 3767 1176 3826 sparsae
1202 3748 1335 3806 existunt
1361 3745 1389 3805 in
1409 3746 1483 3806 flore
1502 3755 1596 3820 guttae

242 3839 411 3909 coloratae,
450 3839 509 3896 alin
544 3851 624 3900 totns
659 3841 713 3900 llos
746 3839 910 3898 imbuitur?
957 3839 1021 3897 Imo
1054 3855 1145 3915 quare
1180 3855 1238 3896 nou
1273 3833 1422 3912 digeritur
1455 3833 1597 3892 coloratus

243 3944 365 3998 succus,
398 3937 430 3984 nt
461 3939 567 3986 exutus
592 3928 652 3986 snis
678 3927 912 4005 proprietatibus
937 3925 1027 3985 cedat
1052 3925 1080 3986 iu
1105 3944 1214 4004 cerpus
1237 3923 1380 4002 plantae,
1413 3921 1494 4000 quud
1522 3919 1596 3978 tide!

242 4015 278 4072 de
303 4013 371 4072 aliis
396 4013 529 4074 alimenti
554 4016 789 4094 proprietatibus
814 4014 897 4073 lieri?
945 4015 1051 4092 ltaque
1076 4015 1186 4078 latere,
1219 4011 1449 4089 impressionem
1473 4009 1594 4086 aliquam

241 4101 372 4161 existere
406 4101 433 4159 in
465 4103 632 4180 spiritalem
665 4105 813 4182 quandam
844 4104 1020 4163 laenitatem
1052 4101 1269 4162 lururatricemt
1302 4118 1391 4178 quam
1422 4097 1474 4159 alii
1503 4098 1595 4156 dicunt

239 4191 385 4250 rationem
410 4191 610 4252 seminariam.

332 4276 392 4338 Sed
418 4279 487 4356 quid
513 4301 568 4356 ego
593 4280 711 4340 humilis·
737 4280 815 4339 inter
838 4279 960 4357 plantas
983 4277 1076 4358 repo?
1123 4277 1346 4354 Praegnantem
1371 4273 1496 4353 adspice
1515 4289 1592 4332 orent

239 4365 346 4427 Jacobi
376 4366 581 4428 l'ntriarclrae.
639 4368 820 4446 variegatos
853 4368 905 4426 illa
938 4368 1060 4428 baculos
1093 4367 1149 4426 sub
1182 4365 1268 4443 aquis
1302 4363 1437 4442 limpidis
1469 4359 1593 4422 contuita

241 4454 370 4532 speciem
397 4455 423 4514 in
450 4457 560 4516 lbetnm
593 4457 750 4518 derivarit.
798 4455 954 4524 Qtremodo
986 4456 1104 4533 specics
1135 4453 1210 4514 llaec
1241 4474 1260 4512 a
1289 4451 1397 4512 baculu
1428 4451 1458 4510 in
1486 4449 1592 4508 oculum

240 4543 370 4612 venerit,
403 4562 457 4600 nnn
484 4565 609 4622 quaern;
642 4547 764 4623 vulgare
796 4555 853 4605 est.
901 4545 946 4604 Αι
974 4543 1121 4622 quernodo
1150 4543 1189 4602 ab
1223 4540 1308 4600 oculu
1343 4539 1371 4599 iu
1406 4551 1538 4606 uterum,
1568 4535 1590 4594 ln

243 4630 443 4690 formatricem
460 4633 646 4706 facultatem,
672 4635 699 4693 in
717 4635 838 4702 lircturn,
864 4633 1020 4710 qncnnodu,
1048 4633 1177 4710 inquam,
1203 4629 1242 4690 ab
1267 4629 1323 4688 linc
1340 4629 1448 4688 baculu
1464 4627 1503 4688 acl
1519 4625 1590 4684 illum

241 4719 402 4796 angulum?
432 4718 486 4779 lruc
520 4734 590 4799 eget
623 4723 838 4801 explicntinne,
868 4732 953 4798 eget,
983 4721 1118 4798 inquam,
1149 4717 1345 4798 impressione
1375 4717 1507 4796 quadarn
1533 4715 1590 4792 plus

241 4824 328 4882 quam
354 4806 474 4866 usitata.

330 4894 378 4952 Ad
413 4892 488 4954 lrunc
518 4897 634 4956 modurn
664 4897 730 4955 dicn
759 4909 791 4956 et
818 4897 936 4956 colores
966 4896 1154 4974 planetarum
1189 4899 1239 4964 (nt
1269 4893 1368 4954 obiter
1403 4891 1588 4972 respondeam

241 4975 312 5038 Pico
336 4980 375 5040 ad
390 4999 436 5054 ea,
462 5003 535 5062 quae
558 4985 666 5044 alicubi
687 4984 805 5062 nbjicit)
826 4993 856 5042 et
877 4985 958 5061 ipsos
978 5003 1079 5044 eernnr
1101 5003 1283 5060 congressus
1298 4993 1328 5042 et
1349 4979 1588 5060 configurationes
