3692 5842
289 1337 672 1402 REVERENDISSIMO
696 1339 751 1400 ET
773 1338 1059 1403 SERENISSIMO
1084 1341 1268 1405 PRlNOlPl
1294 1341 1351 1404 AC
1375 1344 1412 1404 D.

210 1477 256 1578 u.
294 1476 572 1577 msto
612 1478 1089 1581 AacmPIScoPo
1129 1479 1502 1597 conomunsn

239 1658 372 1722 Romani
405 1658 527 1739 Imperii
561 1656 749 1738 Septemviro
781 1660 916 1722 Electori
950 1669 982 1723 et
1009 1680 1063 1741 per
1094 1663 1214 1724 ltaliam
1247 1631 1533 1738 archicancellario,

210 1749 326 1828 riscopo
355 1746 533 1822 Leodieusi,
565 1748 814 1812 Administratori
842 1751 1011 1812 Monaster.
1055 1751 1242 1812 Hildeshem.
1273 1758 1305 1811 et
1335 1751 1533 1830 Frisingensi,

210 1837 307 1917 incipi
320 1838 351 1899 in
371 1834 488 1900 Stabel.
509 1833 620 1899 Coruiti
636 1838 733 1900 Palat.
751 1838 862 1912 Rheni,
888 1858 954 1919 sup.
979 1850 1011 1901 et
1032 1839 1116 1900 inser.
1135 1840 1294 1912 Bavariae,
1310 1839 1532 1919 westphaliae,

263 1926 345 2006 Aug.
370 1926 424 1988 irc.
448 1925 536 2000 Duci,
560 1927 678 1990 March.
703 1928 812 1990 Franci
834 1935 927 1990 mont.
953 1929 1082 1990 Domino
1107 1947 1172 1990 ruso
1197 1928 1443 1990 clementissimo.

266 2083 531 2147 Reverendissime
550 2093 582 2147 et
600 2083 800 2149 Serenissims
819 2087 964 2166 Princeps
978 2087 1112 2163 Elector,
1137 2087 1265 2149 Domine
1288 2087 1533 2151 clementissime.

210 2191 252 2236 rm
286 2174 490 2254 superioribus
521 2175 608 2238 aunis
640 2176 679 2237 ad
710 2195 849 2255 maguum
888 2176 1036 2238 cumulum
1075 2176 1295 2242 inventionum,
1317 2177 1404 2257 hujus
1436 2177 1534 2240 ultimi

210 2263 268 2326 culi
293 2262 477 2325 accessisset
500 2265 614 2326 arundo
638 2264 797 2345 dioptrica‚
822 2283 1009 2346 nequaquam
1027 2267 1106 2328 inter
1129 2267 1270 2345 vulgares
1294 2267 1535 2328 connumeranda

210 2352 425 2428 schinaticues,
450 2353 588 2434 circaque
613 2373 679 2415 eam
703 2354 755 2416 alii
779 2355 815 2417 de
839 2356 942 2435 palma
964 2355 1079 2435 primas
1104 2355 1286 2417 inventionis
1311 2352 1533 2431 certarent-¹¹),

210 2439 225 2504 i
245 2441 283 2502 de
303 2441 488 2521 perfectione
506 2443 696 2505 instrumenti
714 2463 782 2505 sese
801 2444 955 2523 jactarent
975 2442 1113 2524 amplius,
1138 2444 1276 2525 quodibi
1298 2464 1386 2506 casus
1406 2443 1533 2525 potissi-

210 2549 254 2592 rm
287 2529 379 2605 insit,
414 2530 462 2592 hic
490 2531 569 2592 ratio
603 2532 792 2595 dominetur:
827 2531 987 2594 Galilaens
1017 2552 1086 2595 reto
1120 2551 1209 2612 super
1237 2553 1292 2596 usu
1324 2534 1480 2613 patefacto
1503 2533 1533 2595 in

211 2619 382 2700 rquirendis
406 2621 525 2682 arcanis
554 2621 764 2683 astronomicis
792 2621 1048 2703 speciosissimum
1075 2621 1257 2703 triumphum
1282 2630 1406 2702 ageret,
1430 2630 1464 2686 ut
1486 2622 1534 2684 cui

211 2707 334 2770 usilium
370 2709 619 2790 suppeditaverat
651 2710 800 2772 industria
824 2730 878 2774 uec
906 2730 1079 2773 successum
1111 2718 1276 2790 negaverat
1309 2711 1444 2773 fortunar
1478 2729 1533 2790 ego

210 2807 284 2862 retus
316 2796 445 2859 honesta
477 2800 606 2878 quadam
639 2799 840 2862 aemulatione
869 2819 977 2861 norum
1010 2799 1232 2862 mathematicis
1265 2818 1402 2878 campum
1430 2799 1534 2880 aperui

210 2887 338 2948 serendi
363 2887 420 2948 vim
446 2887 567 2967 ingenii,
593 2888 648 2950 hoc
673 2897 722 2950 est
743 2908 900 2950 causarum
926 2889 992 2969 lege
1016 2889 1199 2969 geometrica
1223 2888 1532 2962 demonstrandarum,

210 2975 286 3038 ribus
310 2982 374 3038 tam
398 2977 535 3057 exoptati
559 2985 622 3040 tam
641 2978 776 3057 jucunda
799 2978 948 3040 varietate
973 2978 1152 3058 multiplices
1177 2978 1301 3040 effectus
1324 2978 1532 3040 inniterentur.

210 3083 254 3126 um
279 3063 358 3127 enim
383 3074 454 3127 ante
479 3085 532 3128 sex
557 3086 651 3128 annos
675 3065 818 3146 Opticam
842 3067 1057 3130 Astrcnomiae
1081 3076 1199 3147 partem
1222 3067 1395 3141 edidissem,
1419 3066 1451 3129 in
1475 3086 1532 3148 qua

231 3153 418 3216 derisionis
450 3155 537 3217 modo
570 3175 649 3217 nova
681 3156 798 3217 ratione
823 3156 913 3217 etde
942 3155 1124 3234 perspicillis
1155 3155 1269 3235 primus
1302 3156 1432 3217 omnium
1456 3154 1535 3236 quod

211 3241 270 3304 iarn
304 3243 380 3305 talia
410 3244 650 3325 disputaveram,
684 3264 760 3325 quae
789 3246 828 3307 ad
862 3246 939 3306 hunc
971 3264 1063 3326 usque
1102 3244 1180 3307 diem
1219 3252 1305 3306 stant
1336 3245 1531 3308 inconcussa:

210 3342 412 3395 roseutaueum
446 3341 528 3409 erat,
563 3342 597 3395 ut
629 3333 838 3408 ostenderem,
878 3333 983 3394 cadem
1022 3334 1231 3408 fundamenta,
1269 3334 1375 3415 quihus
1408 3335 1534 3397 visionis

212 3421 296 3484 oduru
322 3422 487 3502 quibusque
511 3422 748 3502 perspicillorum
779 3421 958 3502 simplicium
982 3423 1106 3484 effoetus
1137 3429 1410 3501 superstruxeram‚
1443 3423 1535 3484 etiam

210 3511 391 3591 impositioni
415 3510 600 3574 diversarum
625 3511 748 3574 lentium
771 3510 997 3592 perspicuarum
1021 3512 1050 3572 in
1076 3529 1164 3572 unam
1196 3510 1370 3573 arundinem
1394 3512 1535 3574 ferendae

210 3599 338 3662 allicere:
372 3597 507 3681 adeoque
536 3620 573 3662 ne
598 3601 717 3680 quidem
743 3619 834 3679 posse
858 3599 921 3661 fieri
950 3600 1044 3679 (quod
1068 3598 1207 3661 veritatis
1232 3608 1438 3678 argumentum
1462 3601 1535 3674 est),

210 3688 306 3750 taliis
340 3688 564 3769 quibuscunque
598 3689 753 3769 principiis
783 3709 872 3770 quam
905 3689 1012 3768 quihus
1036 3707 1092 3769 ogo
1116 3708 1182 3750 sum
1206 3708 1286 3762 usus,
1320 3688 1536 3751 demonstratio

210 3795 257 3838 aec
280 3777 469 3858 expediatur.
515 3780 564 3840 Ac
588 3797 655 3839 cum
678 3777 821 3840 Euclides
846 3778 973 3858 Optices
997 3778 1128 3858 speciem
1151 3777 1259 3839 fecerit
1282 3775 1535 3859 Catoptricen,

210 3883 260 3926 rae
283 3867 320 3927 de
344 3866 430 3929 radio
456 3885 632 3947 repercusso
656 3867 735 3945 agit,
768 3868 885 3930 nomine
919 3868 1048 3929 deducto
1073 3888 1092 3928 a
1114 3866 1276 3948 praecipuo
1299 3868 1386 3949 hujus
1418 3868 1538 3948 generis

211 3953 441 4029 achinamento,
466 3956 596 4036 speculis
620 3975 778 4036 eorumque
802 3957 878 4020 mira
901 3964 933 4018 et
951 3957 1086 4036 jucunda
1107 3956 1276 4018 varietate:
1308 3959 1347 4018 ad
1371 3959 1537 4040 exemplum

210 4057 241 4104 rc
263 4063 328 4107 meo
361 4043 465 4108 libello
496 4053 599 4106 natum
632 4052 681 4105 est
710 4063 818 4107 nomen
846 4046 1055 4125 Dioptrice,
1090 4046 1160 4126 quia
1192 4045 1258 4125 agit
1288 4048 1477 4126 potissimum
1502 4047 1537 4107 de

212 4131 266 4194 dic
289 4135 421 4216 refracto
447 4152 467 4195 a
489 4134 596 4195 modiis
620 4134 779 4212 pellucidis
803 4135 922 4207 densis,
946 4141 1011 4196 tam
1033 4133 1222 4197 naturalibus
1246 4135 1275 4195 in
1300 4136 1386 4198 oculo
1410 4137 1538 4197 humano

210 4235 270 4284 rau
292 4219 500 4287 artificialibus
523 4221 553 4284 iu
576 4222 816 4302 perspicillorum
840 4223 1011 4298 varietate;
1040 4242 1097 4304 quo
1122 4223 1259 4302 subjecto
1288 4233 1396 4286 contra
1419 4223 1538 4303 (latop-

210 4301 296 4386 iceu,
329 4320 364 4375 ut
396 4310 516 4393 species
548 4320 655 4373 contra
686 4312 837 4393 speciem,
872 4311 1086 4392 distinguitnr;
1114 4312 1158 4374 sic
1181 4321 1294 4390 tamen,
1325 4320 1359 4375 ut
1390 4312 1471 4394 prior
1498 4311 1540 4374 sit

210 4389 354 4478 icptrice,
387 4399 537 4480 posterior
561 4399 749 4481 Catoptrice,
783 4410 946 4481 propterea
976 4401 1057 4482 quod
1080 4397 1255 4480 Catoptrice
1284 4399 1365 4463 circa
1393 4401 1539 4481 imagines

210 4497 327 4565 rrsetur,
352 4508 429 4571 quae
444 4487 514 4568 quid
529 4489 648 4551 omuino
664 4488 726 4552 sint
739 4490 817 4552 citra
840 4490 1043 4570 coguitionem
1063 4489 1141 4551 oculi
1156 4508 1194 4550 ex
1207 4488 1364 4570 Dioptrice
1378 4491 1539 4571 petendam

210 4575 309 4658 colligi
332 4577 447 4660 nequit.
920 4635 923 4640 .

272 4664 340 4739 Qua
363 4667 456 4728 etiam
470 4666 507 4726 de
526 4682 620 4726 causa
643 4666 751 4744 repetii
766 4667 885 4727 modum
909 4665 1035 4727 visionis
1055 4674 1087 4727 et
1101 4665 1279 4747 simplicium
1303 4666 1541 4746 perspicillorum

210 4752 316 4818 -ticues
327 4775 337 4831 ς
361 4773 428 4817 cum
443 4763 478 4817 ut
490 4753 647 4833 Dioptrice
667 4755 885 4833 quodammodo
905 4756 1043 4836 perlecta
1063 4765 1153 4829 esset,
1174 4765 1239 4818 tum
1258 4755 1329 4836 quia
1350 4756 1542 4818 instrumenti

210 4843 318 4907 alona
342 4845 382 4907 ab
405 4842 535 4906 hominis
559 4843 645 4905 oculo
669 4862 764 4904 nexae
788 4852 868 4919 sunt,
893 4844 1048 4924 ipsumque
1070 4844 1301 4907 instrumentum
1325 4845 1542 4926 esimplicibus

210 4932 366 5014 aspicitis
389 4932 609 5013 compositum:
634 4939 669 4992 ut
691 4932 818 4995 alterum
843 4931 907 4994 siue
932 4933 1029 4995 altero
1053 4933 1187 5013 expediri
1209 4953 1267 4994 uon
1290 4934 1397 5013 possit.
1443 4932 1541 4996 Deni-

210 5029 243 5084 ¹c
267 5023 338 5105 quia
360 5029 543 5086 censuerunt
566 5019 667 5101 aliqui,
692 5020 722 5082 in
737 5018 855 5103 Opticis
873 5020 950 5083 haec
969 5042 988 5081 a
1001 5040 1049 5084 ma
1071 5030 1261 5102 pertractata
1279 5041 1347 5084 essa
1371 5021 1542 5097 obscurins;
