3692 5842
240 448 307 516 570
762 453 944 504 amentiores
963 452 1070 504 Edtcrb

240 625 401 676 madenam
418 625 464 689 ipsi
483 624 584 682 Lunae,
609 625 708 690 qurlem
726 634 753 678 et
770 629 826 692 ipss
842 642 860 678 a
877 628 952 678 Luna
972 627 998 678 iu
1022 624 1217 691 pntunuerttus
1240 624 1324 676 ustis
1345 621 1458 674 usus
1472 625 1524 672 tsts
1538 619 1580 670 lus

241 706 291 746 tem
324 711 350 746 rs
368 697 417 746 reci
434 697 463 745 it.

293 710 478 830 poEditiopOp.
502 767 556 816 Gal.
582 767 725 819 Florentius
749 770 795 819 vol.
816 770 889 825 Vlll,
913 785 937 833 p.
957 767 1000 818 98.
1028 767 1128 818 exbibet
1144 765 1274 830 epistolam
1292 764 1397 829 Kepleri
1417 762 1453 814 sd
1469 761 1582 812 talin

241 838 352 890 Medicas
371 836 408 899 (d.
429 837 485 888 Oct
506 835 586 898 toto)
605 841 630 888 in
649 855 699 904 qua
715 840 781 890 banc
799 842 910 890 nltimam
931 837 1152 898 ,Dissertaticnis“
1171 845 1268 901 partem
1286 838 1325 886 sio
1341 835 1460 899 explieat.
1477 829 1583 884 lieri·-

242 918 267 958 et
284 910 369 959 literas
387 922 454 965 snas,
473 923 534 974 quas
553 911 583 959 de
602 910 642 959 illo
661 912 694 960 ad
713 912 852 960 Galilaeum
870 912 984 968 dederat,
1002 918 1120 975 spectans
1137 906 1173 970 (r.
1191 924 1213 957 s.
1231 923 1257 971 p.
1276 903 1362 968 tto:

331 999 402 1070 Legi
425 999 546 1053 Galilaei
568 1000 664 1054 literas
680 1004 715 1054 ad
730 1002 946 1055 illustrissimam
960 1000 1181 1056 Dominat-ionem
1194 1000 1336 1060 Vestram,
1356 1007 1390 1051 et
1403 997 1480 1051 illum
1494 996 1584 1067 prsee'·

242 1097 296 1150 pue
318 1081 415 1142 locum,
437 1081 484 1132 ubi
506 1081 661 1141 existimat,
689 1098 730 1133 me
752 1082 833 1134 nimio
858 1082 1026 1151 properandi
1047 1080 1137 1133 studio
1164 1078 1332 1133 transiliisse
1352 1078 1446 1132 locum
1464 1077 1584 1150 insignes

242 1161 269 1212 in
291 1160 338 1212 illo
360 1160 455 1212 hostili
476 1161 578 1229 scripto
600 1161 751 1214 adversarii
772 1161 822 1223 sui,
844 1161 891 1214 ubi
914 1163 941 1214 in
961 1160 1098 1231 palpabili
1119 1159 1297 1229 perversione
1319 1158 1399 1228 scopi
1420 1157 1474 1211 mei
1492 1157 1584 1228 praesi-

244 1256 327 1310 puum
348 1240 554 1293 tundamentum
576 1258 654 1294 suum
675 1242 770 1311 ponit:
800 1242 878 1310 quasi
900 1257 955 1310 ego
980 1255 1111 1294 erroneas
1137 1239 1311 1302 occasiones,
1334 1237 1436 1309 quibus
1456 1237 1585 1292 Gslilssrs

242 1321 279 1374 sit
299 1321 441 1389 deceptus,
462 1337 530 1390 pag.
552 1319 591 1374 34
611 1320 813 1374 dissertationis
834 1337 913 1374 meae
932 1324 966 1388 (r.
979 1342 999 1375 s.
1019 1343 1042 1390 p.
1063 1323 1126 1387 508)
1143 1319 1293 1374 clarissime
1314 1317 1496 1374 detexissetu.

331 1418 374 1469 Ad
395 1417 466 1469 haec
486 1419 656 1486 respondeo:
680 1419 746 1470 Cum
768 1420 803 1470 ad
825 1418 982 1471 Galilaeum
1003 1417 1159 1480 scriberem,
1180 1416 1311 1487 ignarus,
1334 1432 1372 1469 au
1394 1415 1445 1469 ille
1464 1415 1585 1486 publia

243 1498 335 1551 facere
364 1498 452 1549 uellet
481 1497 627 1566 epistolam
657 1514 759 1560 meam,
790 1498 883 1550 nullus
913 1497 1052 1559 dubitari,
1083 1497 1149 1567 quin
1176 1496 1307 1550 Galilaea
1335 1495 1391 1564 ipsi
1418 1495 1490 1550 citra
1515 1511 1585 1549 m

244 1575 450 1631 instructionem
472 1576 553 1629 facile
577 1578 742 1646 apparitura
756 1585 831 1630 esset
851 1578 965 1631 sinistra
985 1576 1111 1647 acceptio
1125 1577 1178 1629 mei
1198 1581 1314 1635 textus:
1336 1577 1441 1629 ceteris
1460 1591 1527 1630 rero
1544 1591 1586 1629 un

243 1659 377 1727 putabam
398 1673 440 1708 mc
461 1656 588 1719 scribere,
611 1664 641 1710 et
661 1658 684 1709 si
706 1657 788 1710 etiam
810 1659 940 1710 ederetur
961 1657 1089 1726 epistola,
1111 1673 1165 1710 non
1187 1656 1345 1709 defuturum
1366 1655 1422 1709 sibi
1436 1655 1585 1714 Gallim

245 1738 292 1790 sed
314 1745 382 1790 nota
403 1737 545 1789 luculenta
560 1737 708 1789 lectoribus
723 1738 990 1790 sacile'detecturum
1004 1738 1129 1790 fraudem
1143 1753 1193 1789 seu
1207 1734 1381 1790 commissam
1400 1753 1454 1790 seu
1468 1735 1585 1796 amissa

244 1833 331 1887 eoque
352 1816 438 1869 deleri
469 1823 556 1869 totam
582 1816 659 1870 illam
690 1817 792 1870 bandis
823 1817 1005 1871 detectionem
1026 1835 1064 1872 ex
1084 1815 1221 1886 epistolae
1249 1832 1330 1870 meae
1355 1823 1511 1886 conceptot
1538 1831 1585 1868 aas

245 1905 338 1951 tentus
359 1896 436 1949 illam
457 1896 630 1965 absorpsisse
657 1897 748 1950 verbis
770 1898 862 1950 hisce:
894 1898 940 1960 ,in
959 1897 1067 1967 reliqua
1087 1898 1194 1958 rideo,“
1218 1903 1248 1949 et
1274 1903 1378 1966 postea
1406 1895 1585 1970 paragraph:

247 1975 374 2040 ,Invenit
394 1983 487 2029 tamen
508 1976 580 2030 ista
600 1978 852 2047 sycophantia‘·
877 1976 933 2041 dc,
955 1977 1039 2031 item:
1064 1978 1119 2040 ,Et
1139 1976 1304 2045 imperabis*
1329 1975 1380 2030 dc.

334 2074 387 2128 Sed
402 2073 467 2144 quia
486 2073 592 2127 mavult
607 2074 750 2127 Galilaens
765 2077 831 2129 meis
847 2091 929 2146 quam
943 2075 999 2128 suis
1020 2074 1111 2128 verbis
1125 2082 1224 2144 patere
1239 2075 1338 2128 lectori
1358 2089 1472 2128 sensum
1486 2087 1586 2128 mu

248 2155 393 2208 verborum
414 2169 480 2223 pag.
496 2151 535 2206 34
555 2153 765 2217 dissertationis,
789 2172 843 2226 age
858 2174 894 2208 ex
909 2172 970 2208 meo
991 2163 1124 2224 concepto
1145 2154 1302 2207 exscribam
1324 2155 1447 2208 delecta.
1476 2152 1585 2208 sicem

245 2241 308 2288 erat
329 2234 459 2303 scriptum
480 2232 575 2286 initio:
603 2234 723 2294 „Exstat
744 2235 865 2304 epistola
885 2252 955 2299 mea,
977 2234 1028 2289 illa
1048 2234 1206 2305 loquatur.“
1250 2234 1314 2304 lpse
1341 2233 1468 2290 transilit
1488 2233 1585 2306 trigin

246 2325 303 2370 tres
324 2314 444 2384 paginas
465 2313 543 2366 etin
563 2314 661 2366 ultima
682 2314 779 2383 arripit
807 2315 898 2368 nescio
920 2315 997 2385 quid,
1026 2333 1079 2386 quo
1105 2313 1291 2368 infelicissime
1318 2315 1467 2370 intellecto
1492 2313 1585 2384 stupet

246 2403 334 2449 tatem
354 2394 447 2464 prodit
467 2394 580 2463 ingenii.
621 2393 773 2447 Existimat
799 2412 840 2448 me
862 2396 929 2448 disci
955 2395 1070 2465 planum
1095 2395 1147 2449 boc
1172 2394 1280 2460 dicere,
1310 2397 1385 2465 quod
1407 2395 1480 2450 alias
1503 2395 1586 2450 luter

246 2476 340 2527 dicunt
360 2474 527 2528 exteriorem
548 2482 577 2526 et
598 2475 632 2525 ad
652 2474 752 2527 stellas
774 2492 941 2529 conversam.
983 2476 1067 2539 Toto,
1094 2484 1126 2528 ut
1145 2474 1230 2536 rides,
1251 2476 1333 2529 coelo
1358 2485 1447 2530 emt
1486 2475 1545 2545 Ego
1559 2487 1585 2526 er

248 2555 324 2609 noris
345 2554 467 2624 planetis
496 2554 584 2605 discos
612 2554 748 2617 feceram,
769 2573 823 2608 non
844 2573 881 2608 er
907 2555 1003 2617 ritn's;
1030 2556 1140 2607 illorum
1166 2555 1281 2624 planum
1303 2555 1372 2620 (non
1393 2554 1460 2608 vitri
1480 2549 1586 2624 ptus-l

248 2636 399 2689 adderem
420 2650 579 2687 conversum
594 2650 655 2685 esse
677 2635 810 2688 dixeram.
839 2635 884 2689 Sic
907 2650 1010 2705 ,supra
1023 2643 1055 2688 et
1068 2635 1141 2688 infra
1160 2635 1287 2688 irradiari
1309 2634 1586 2704 perpendiculariter'.

248 2715 384 2785 intelligit
403 2714 452 2767 ille
473 2714 615 2766 surdaster
635 2715 669 2765 de
690 2714 776 2778 vitre,
798 2716 868 2784 quod
884 2716 952 2768 duas
973 2715 1061 2768 habet
1081 2715 1247 2784 superficies,
1270 2716 1444 2785 superiorem
1465 2725 1495 2768 et
1514 2711 1586 2768 aas

248 2812 340 2856 orem;
362 2811 421 2848 cum
435 2812 488 2865 ego
503 2796 536 2846 de
557 2793 679 2863 planetis
700 2794 839 2848 irradiatis
855 2795 961 2865 loquar,
983 2797 1092 2866 quando
1107 2809 1192 2864 supra
1205 2796 1304 2848 Jorem
1326 2801 1443 2849 currunt
1456 2803 1487 2848 et
1499 2793 1587 2865 qussdr

249 2876 329 2930 infra.
357 2876 395 2928 Et
416 2876 486 2943 quod
508 2874 632 2937 irradiat,
654 2874 826 2927 intellectum
847 2883 890 2927 est
904 2875 1015 2944 Jupiter
1036 2875 1171 2929 irradians
1193 2874 1302 2936 vitrum,
1325 2891 1389 2928 cum
1402 2874 1432 2928 in
1446 2892 1506 2930 meo
1525 2887 1588 2928 seur

247 2955 296 3009 Sol
318 2954 402 3009 fuerit
422 2953 557 3008 irradians
578 2954 718 3023 planetas.
745 2954 791 3008 Sic
805 2955 927 3008 diversos
948 2956 1064 3020 colores,
1086 2955 1209 3008 diversas
1228 2955 1373 3024 planities,
1396 2953 1590 3022 mmsscoepil

247 3036 280 3087 de
300 3035 381 3097 vitro,
403 3051 457 3104 ego
479 3035 512 3086 de
533 3033 655 3104 planetis
676 3033 723 3087 dte.

336 3116 413 3167 Haec
435 3133 470 3167 ex
502 3114 588 3166 reteri
619 3122 750 3182 concepto
773 3115 799 3167 in
825 3116 947 3185 gratiam
969 3116 1103 3177 Galilaei,
1134 3115 1181 3184 qui
1207 3130 1243 3167 es
1267 3115 1368 3168 maluit
1399 3115 1514 3168 edisseri
1540 3113 1590 3168 nsit

250 3211 330 3266 quam
353 3195 408 3247 suis
431 3195 530 3248 verbis.
572 3194 626 3247 Per
647 3211 676 3246 se
698 3195 769 3247 enim
799 3195 913 3265 indigna
941 3204 1018 3257 sunt,
1050 3212 1122 3266 quae
1152 3194 1319 3248 referantur.
1361 3193 1519 3264 Repudisri
1538 3194 1591 3246 esis

249 3277 275 3328 in
297 3275 464 3328 Narratione
494 3290 556 3327 mea
585 3273 627 3326 bis
659 3274 784 3326 nundinis
815 3292 921 3328 excusa
949 3283 1005 3329 tam
1036 3276 1109 3329 hanc
1138 3292 1243 3339 meam,
1275 3291 1360 3347 quam
1390 3275 1471 3330 illam
1492 3275 1592 3328 Gulilttt

249 3356 482 3425 speculationem:
505 3364 534 3408 et
555 3355 608 3407 huc
630 3354 738 3416 inclino,
761 3365 793 3406 ut
814 3357 930 3418 credam,
954 3372 1013 3408 cum
1034 3356 1179 3410 Medieaea
1199 3365 1266 3408 sunt
1286 3355 1416 3425 proxime
1437 3357 1532 3410 Jorem
1551 3365 1592 3406 tss

249 3437 389 3489 evidentia
409 3436 478 3496 risu,
502 3451 609 3504 semper
630 3451 692 3486 esse
718 3451 803 3502 supra
823 3436 937 3494 Jorem3
964 3451 1024 3487 cum
1046 3451 1111 3487 vero
1137 3445 1201 3488 sunt
1230 3435 1427 3504 inconspicua,
1455 3447 1520 3489 tune
1539 3433 1593 3486 inlrs

249 3534 328 3578 esse;
350 3517 421 3585 quod
443 3517 465 3567 si
487 3531 579 3567 rerum
605 3523 694 3576 esset,
722 3523 884 3583 sequeretur
904 3516 1000 3568 Jovem
1026 3515 1115 3584 ipsum
1141 3532 1215 3577 esse,
1246 3516 1291 3586 qui
1314 3515 1367 3568 illa
1387 3517 1476 3570 etiam
1495 3515 1594 3585 globosa

249 3597 401 3649 existentia
421 3595 565 3657 illuminet,
588 3601 616 3645 et
637 3593 729 3661 potius
752 3594 887 3647 illuminet
902 3597 935 3647 de
956 3596 1118 3664 propinquo,
1141 3611 1223 3664 quam
1238 3595 1285 3648 Sol
1307 3597 1342 3647 de
1364 3595 1527 3667 longinquo.
1555 3591 1593 3646 Sel

250 3677 441 3745 exspectanda
462 3686 525 3728 sunt
546 3675 629 3745 plura
650 3674 851 3742 experinnnta.

337 3755 414 3809 Haec
436 3758 470 3809 ad
491 3754 761 3808 communicationem
782 3755 925 3808 literarum
947 3754 1069 3808 Galilaei
1095 3755 1200 3824 scripta
1232 3753 1429 3808 illustrissima
1455 3751 1593 3808 nummu

250 3837 352 3890 Vestra
372 3836 437 3888 boni
458 3836 592 3896 consulat,
616 3833 659 3887 cui
679 3850 722 3887 me
743 3836 906 3889 commendo.

341 3927 384 3990 tt)
402 3945 427 3992 p.
448 3927 507 3977 tut.
546 3929 691 3978 Galilaens:
720 3928 824 3992 Fulgor,
853 3930 893 3992 qni
912 3930 938 3976 in
956 3928 1069 3992 deliquiis
1088 3936 1207 3991 apparet,
1234 3929 1260 3976 in
1279 3927 1354 3976 Luna
1372 3926 1450 3994 longe
1472 3928 1594 3977 missen

251 4002 364 4050 subrutus
384 4003 505 4063 aequasi
533 4014 635 4052 aeneus.
664 3999 703 4048 bic
732 4014 788 4048 rero
817 4001 907 4061 (partis
927 3999 1014 4048 Lunae
1041 3995 1201 4057 tenebrosae)
1228 3999 1320 4048 clarior
1344 4011 1371 4048 et
1397 3999 1533 4049 mtbtliur.
1563 3995 1595 4046 Β

250 4075 350 4135 insuper
368 4072 409 4120 ille
421 4072 546 4120 mutabilis
559 4086 589 4120 ae
602 4071 655 4119 loco
668 4072 771 4125 mobilis,
790 4079 896 4132 vagatur
909 4086 935 4118 n.
947 4086 992 4133 per
1004 4070 1093 4120 Lunae
1111 4071 1244 4119 taciem...
1259 4086 1289 4119 ex
1302 4085 1351 4133 quo
1364 4073 1434 4120 umui
1446 4069 1529 4134 presul
1539 4067 1594 4118 dub

252 4144 277 4193 id
297 4143 411 4192 assidere
438 4142 600 4207 intelligimus
620 4156 649 4188 ex
668 4141 789 4189 radiorum
814 4140 936 4190 Solarium
964 4144 1106 4192 vicinitate.
1136 4143 1292 4208 tangentium
1319 4143 1470 4192 crassiorem
1492 4137 1595 4206 quart·

249 4215 385 4279 regionem,
405 4228 468 4277 quse
482 4213 580 4263 Lunam
599 4212 767 4261 orbiculariter
785 4213 869 4270 ambit,
890 4229 919 4262 ex
933 4227 981 4277 quo
994 4220 1114 4262 coaucta
1133 4225 1223 4261 surora
1240 4213 1367 4275 quaedam
1379 4215 1409 4261 ln
1422 4215 1517 4263 ricinus
1526 4210 1595 4261 lut

250 4285 339 4349 plsgss
358 4284 500 4339 effunditur.
530 4299 579 4332 uon
598 4298 669 4330 secus
689 4296 718 4330 ae
738 4285 762 4331 in
782 4283 863 4331 Tern's
882 4295 935 4332 tum
953 4299 1042 4339 mane,
1072 4293 1124 4332 tum
1143 4285 1240 4346 vesperi
1263 4283 1468 4345 crepusculinum
1495 4283 1596 4348 ami!

251 4357 353 4408 inmens
380 4369 428 4418 qua
447 4356 478 4403 de
497 4369 522 4402 re
542 4355 619 4402 insius
639 4356 663 4401 in
689 4353 748 4402 libro
769 4355 799 4402 de
819 4355 1009 4415 systemate
1037 4355 1149 4403 mundi
1177 4357 1389 4416 pertractabimus
1408 4354 1456 4405 de.
1494 4355 1594 4405 llus*

251 4428 327 4476 cludit
346 4427 473 4475 Galilaens
492 4424 557 4473 haue
577 4425 666 4473 Nuntii
686 4437 780 4487 partem
810 4425 840 4473 de
862 4426 950 4474 luna:
977 4427 1019 4482 „ls
1037 4429 1102 4474 inter
1121 4426 1182 4473 duos
1200 4425 1277 4475 boses
1300 4425 1388 4488 globos
1406 4437 1521 4476 sarrstur
1534 4433 1594 4474 tert·

251 4498 384 4559 atquibus
409 4497 558 4558 temporibus
584 4497 689 4543 maxime
708 4511 724 4543 a
744 4496 815 4544 Luna
840 4497 977 4545 illustratur
995 4497 1094 4552 Tellus,
1119 4496 1208 4545 iisdem
1234 4498 1316 4545 minus
1341 4495 1596 4548 vicemalus

251 4568 401 4616 illuminetur
421 4567 501 4620 Luna.
521 4577 546 4614 et
565 4581 578 4613 e
598 4577 692 4613 contra.

342 4641 423 4699 Atque
442 4636 505 4684 haee
525 4650 607 4698 pauca
625 4637 655 4684 de
674 4636 721 4683 bae
740 4652 766 4685 re
785 4639 809 4685 in
829 4639 953 4699 praesenti
973 4639 1026 4687 loeo
1050 4637 1120 4686 diets
1145 4636 1285 4692 sulfieieut,
1305 4637 1385 4687 lusius
1404 4641 1473 4688 enim
1490 4641 1516 4688 is
1526 4645 1595 4706 pfl

252 4707 377 4768 System
386 4717 441 4755 ate
458 4705 576 4765 lluudi,
597 4707 636 4754 ubi
650 4706 812 4768 compluribus
826 4717 851 4754 et
863 4711 999 4756 rationibus
1011 4717 1038 4757 et
1050 4710 1225 4771 experimentis
1244 4708 1402 4759 validissima
1415 4709 1508 4760 Scissis
1518 4707 1595 4758 hart

253 4778 363 4827 e‘lerra
382 4777 480 4826 retexto
501 4777 637 4826 ostenditur
655 4776 711 4828 illis.
730 4778 770 4838 qui
789 4790 844 4824 eam
865 4781 1026 4829 ascellarum
1045 4779 1137 4829 eborea
1159 4779 1297 4828 utendam
1316 4795 1374 4829 esse
1389 4783 1519 4842 laeuum
1536 4785 1595 4828 est·

252 4851 420 4910 potissimum,
449 4847 549 4909 quoda
575 4856 642 4896 motu
670 4855 696 4894 et
714 4861 730 4894 s
748 4847 839 4896 lumine
862 4851 895 4898 sit
922 4862 1011 4900 rscua
1050 4851 1150 4914 Vagam
1168 4864 1194 4898 n.
1222 4850 1292 4900 illam
1309 4864 1342 4900 sc
1363 4851 1464 4902 Luam
1489 4849 1595 4916 ql*

253 4929 426 4979 superantem,
450 4933 500 4966 uon
520 4925 603 4966 antem
627 4916 734 4966 sordium
757 4918 985 4983 mundanarumque
1010 4922 1111 4972 mecum
1129 4923 1256 4972 sautius·
1275 4935 1332 4972 ssss
1350 4922 1595 4974 emmau-s

254 4989 406 5039 mribus
424 5001 521 5052 qaoque
539 4987 673 5038 natatu
692 4990 815 5038 messus
834 4989 1041 5043 coufimbinus.
