3692 5842
347 458 413 527 786
868 458 1176 518 mutassemus·

347 642 450 706 secuto
471 640 656 703 macularum
678 640 871 713 observatum
894 638 989 719 eripio
1011 659 1083 721 ergo
1107 639 1168 701 tilio
1187 648 1240 703 tuo
1254 640 1387 722 palmam
1401 642 1485 706 hanc
1502 644 1613 708 eedem
1629 647 1703 727 jure,

346 750 406 813 qno
428 732 543 793 Marius
568 729 708 792 Galilaea
741 729 878 792 satellitii
899 729 1030 792 Jovialis
1062 730 1188 810 primurn
1219 730 1277 794 risi
1307 731 1430 793 landem
1458 732 1585 815 eripuit
1629 735 1703 798 llam

346 821 373 884 si
398 840 454 901 ego
477 820 601 894 nescivi,
624 839 672 882 me
687 818 767 882 Solis
786 820 886 883 videre
904 818 1049 894 maculas,
1072 817 1202 881 nescirit
1217 827 1249 882 et
1265 820 1317 882 ille
1335 818 1501 902 principio,
1523 842 1560 886 se
1572 822 1703 890 Joviales

348 907 499 972 satellites
513 909 681 991 adspicere,
700 929 767 972 cum
782 917 883 972 tamen
904 907 1085 987 adspiceret
1121 908 1192 972 Non
1216 921 1318 972 tamen
1337 929 1393 972 nec
1412 930 1489 974 mea
1510 931 1570 975 nee
1591 913 1646 977 filii
1665 918 1705 979 tni

348 998 470 1079 propria
484 1006 534 1061 est
552 998 641 1077 hujus
656 999 837 1060 inventionis
855 997 961 1077 gloria.
999 997 1089 1059 Vidit
1110 1008 1181 1058 ante
1204 995 1381 1061 annoe80ll
1402 1010 1604 1064 astronomus
1626 1004 1705 1078 abes,

346 1098 458 1169 putans
481 1106 515 1149 se
537 1087 640 1150 videre
660 1087 850 1149 Mercurium.
898 1085 982 1147 Vicit
1003 1086 1052 1148 hic
1076 1086 1209 1159 tandem,
1231 1087 1397 1167 patefactis
1418 1090 1567 1166 maculis,
1591 1092 1706 1155 hest.

347 1177 436 1253 linus,
460 1195 526 1239 curn
550 1196 583 1237 se
602 1177 703 1257 jama
725 1196 772 1238 me
797 1177 908 1238 rictum
932 1175 996 1255 ipse
1021 1176 1122 1237 lassus
1145 1182 1240 1248 esset,
1262 1175 1384 1239 herbam
1408 1177 1484 1240 milri
1508 1179 1706 1260 praebuisset,

346 1275 432 1330 ratus
455 1274 488 1328 et
509 1266 585 1346 ipse,
609 1285 697 1347 qnam
715 1286 793 1328 annu
816 1263 911 1329 1607.
932 1264 994 1327 ridi
1015 1266 1175 1340 maculam,
1200 1285 1266 1326 earn
1285 1265 1378 1328 luisse
1393 1267 1598 1345 Mercurium,
1620 1291 1706 1355 sup

347 1365 380 1419 et
401 1356 440 1418 de
464 1355 587 1434 antiquo
610 1356 662 1417 illo
686 1363 858 1418 astronomo
881 1355 1004 1417 tandem
1027 1354 1185 1416 confessus
1207 1354 1296 1416 idern.
1336 1355 1426 1418 Adeo
1444 1357 1544 1421 ctiam
1563 1359 1597 1423 in
1613 1373 1708 1426 asne

346 1446 447 1507 nornis
469 1445 589 1507 fortuna
610 1463 728 1525 pugnae
751 1443 858 1517 variat,
884 1444 953 1505 dum
976 1443 1086 1504 mobile
1109 1444 1348 1524 conjecturarum
1371 1464 1484 1525 agmen
1508 1449 1570 1512 lide
1599 1451 1709 1518 lubrica

347 1533 405 1596 bno
428 1533 498 1596 illuc
521 1542 620 1597 nutat
665 1534 806 1596 Mercurii
830 1533 895 1608 hic,
930 1531 1108 1608 oFabrici,
1141 1533 1232 1613 culpa
1254 1532 1337 1595 nulla
1359 1543 1424 1610 est;
1447 1536 1524 1617 joco
1549 1545 1587 1602 tn
1609 1543 1708 1606 exels-

347 1644 423 1699 mas,
448 1643 522 1686 sero.

436 1712 525 1773 Vidit
547 1730 618 1772 vero
642 1718 674 1772 et
694 1711 918 1774 Avenrodan
944 1711 1020 1772 dnas
1041 1710 1072 1772 in
1095 1708 1169 1771 Sole
1192 1710 1327 1776 maculas
1351 1713 1402 1785 (nt
1422 1714 1525 1777 refert
1542 1716 1709 1783 PicnsHi.

350 1802 550 1874 randulanne,
583 1799 661 1861 libro
693 1808 800 1862 contra
822 1799 1030 1880 Astrologiam
1063 1799 1214 1879 scripto),
1246 1801 1423 1884 censuitque
1454 1804 1624 1870 vicinitate
1654 1809 1710 1873 diei

348 1892 492 1972 deceptus
505 1890 685 1952 Mercurium
708 1890 764 1951 sub
780 1887 883 1951 Solem
907 1888 1077 1968 ingressum
1099 1908 1132 1950 se
1156 1889 1280 1950 vidisse.
1326 1888 1419 1961 Qnod
1440 1911 1512 1956 cnm
1533 1915 1573 1957 ex
1593 1897 1708 1962 ssiam.

348 1981 457 2042 dnlano
490 1979 734 2058 transcripsisset
766 1976 967 2058 Copemicus‚
1007 1997 1114 2040 nomen
1137 1987 1239 2039 tamen
1270 1980 1456 2043 Arenrodan
1495 1984 1527 2046 in
1561 1988 1709 2052 Areum

346 2067 561 2134 transmutavit
593 2067 785 2148 exhibuitque
815 2068 979 2128 Maestlino
1011 2067 1144 2128 laborem
1179 2067 1296 2129 irritum
1331 2072 1499 2149 quaerendi
1529 2074 1633 2139 locum
1662 2098 1709 2160 per

347 2177 451 2224 omnes
474 2158 619 2220 Acerrois
643 2155 893 2219 Commentarios.
1108 2233 1111 2238 Ι

435 2247 478 2309 Et
500 2246 571 2328 quid
593 2246 619 2307 si
644 2246 847 2325 Virgilium
874 2244 1074 2325 antiquiorem
1102 2242 1240 2305 omnibus
1268 2246 1465 2325 produxero?
1497 2251 1570 2314 lt'on
1596 2255 1707 2336 quiden

350 2357 417 2400 cnm
440 2336 540 2399 canit:

617 2424 682 2489 „sor
703 2425 751 2479 nbi
771 2431 931 2480 nascentem
950 2424 1066 2479 maculis
1087 2423 1240 2478 variaverit
1259 2425 1367 2480 ortnm“

436 2514 506 2578 Non
530 2521 601 2578 sunt
623 2514 701 2574 enim
717 2511 807 2586 Solis,
833 2514 887 2574 sed
905 2514 1015 2593 plagae
1037 2512 1163 2574 orientis
1186 2512 1255 2574 illae
1275 2515 1423 2589 maculae,
1447 2519 1593 2599 seqnitur
1616 2523 1707 2584 enirn:

616 2613 765 2677 „Conditus
786 2612 814 2667 in
834 2614 934 2668 nubem
954 2612 1096 2684 medioque
1117 2612 1255 2683 refugerit
1274 2613 1370 2666 orbe.“

438 2701 501 2766 Sed
524 2702 555 2765 in
578 2702 635 2764 hoc
658 2721 768 2764 versu:

616 2802 682 2865 „Sin
702 2802 829 2856 maculae
849 2801 983 2871 incipient
1001 2801 1086 2856 rutilo
1107 2799 1283 2855 inmiscerier
1302 2800 1372 2873 igni,

612 2882 798 3017 fflmtffm
817 2883 924 2953 pariter
942 2889 1027 2937 vento
1047 2880 1200 2952 nimbisque
1220 2882 1325 2935 ridebis

438 3048 490 3112 Sic
514 3058 548 3112 nt
569 3049 789 3129 intelligamus,
822 3059 893 3112 tuuc
916 3049 1031 3110 enitere
1055 3050 1204 3122 maculas,
1238 3068 1304 3110 cunr
1331 3070 1386 3130 per
1408 3071 1539 3133 aqueum
1565 3075 1707 3137 vaporem

349 3141 436 3204 urnbo
451 3139 569 3201 Solaria
592 3140 725 3218 corporis
749 3139 909 3228 hebetatus
930 3149 978 3200 est
1000 3138 1136 3217 radiique
1160 3138 1263 3212 retusi,
1289 3151 1402 3203 utnon
1434 3143 1514 3204 adeo
1537 3147 1709 3224 percellant

349 3230 482 3309 adeoque
507 3239 670 3290 occaecent
692 3229 805 3289 oculos.

437 3317 509 3379 Qnse
526 3317 621 3383 reliqua
637 3325 696 3367 sunt
714 3332 811 3374 eornm,
830 3330 893 3382 quae
912 3316 1035 3379 Keplerns
1053 3317 1080 3365 in
1097 3317 1254 3380 praefatione
1272 3316 1305 3365 ad
1323 3316 1502 3380 prernerldse
1519 3335 1579 3371 em
1598 3323 1705 3374 mm

348 3391 409 3456 egit,
427 3391 542 3455 leguntm
559 3390 585 3437 in
604 3387 695 3453 Optics
712 3404 736 3453 p.
759 3386 807 3437 109
827 3404 873 3447 ss,
892 3388 1120 3451 interponeudaque
1137 3395 1196 3437 sunt
1211 3388 1285 3437 modo
1307 3390 1443 3451 praemissa
1460 3406 1522 3458 pag.
1546 3393 1601 3444 tto
1618 3397 1705 3446 m&

405 3462 589 3520 „intrumentis
608 3461 680 3510 inerit
697 3461 885 3525 investigatus.“
906 3466 949 3508 et:
970 3459 1023 3516 „Ex
1041 3460 1210 3508 observatione
1227 3458 1361 3509 Mercurii·
1382 3458 1428 3511 de.

437 3532 535 3583 Deinde
552 3531 735 3582 Galilaenm
754 3533 874 3582 allocutus
893 3533 929 3580 sic
947 3532 1044 3596 pergit:

703 3614 757 3673 Ad
786 3613 824 3673 D.
850 3611 1017 3674 Galilaei
1045 3611 1128 3671 loca
1161 3611 1345 3691 quaedam.

438 3700 519 3772 Quis
556 3721 624 3763 curn
663 3703 719 3763 hoc
762 3711 823 3763 turn
867 3700 1070 3781 superioribus
1116 3702 1248 3763 numeris
1291 3701 1385 3762 multa
1429 3711 1461 3763 et
1500 3704 1537 3765 de
1584 3709 1704 3770 maculis

350 3791 431 3854 Solis
456 3799 488 3852 et
512 3792 548 3851 de
572 3810 637 3851 meo
661 3792 871 3852 Phaenomeno
904 3790 1048 3868 singulari
1073 3791 1166 3868 (quod
1200 3790 1307 3850 salsum
1336 3809 1410 3851 sane
1438 3791 1561 3854 titolum
1597 3797 1705 3859 habet:

350 3881 591 3943 Mercurius
629 3880 669 3941 in
706 3881 822 3953 Sole)
860 3889 930 3940 sunt
967 3880 1062 3952 dicta,
1098 3880 1279 3941 luculentam
1315 3880 1420 3941 videor
1458 3880 1605 3962 injuriam
1644 3890 1704 3948 lar-

348 3981 433 4034 tnrns
457 3968 595 4031 Galilaeo
619 3970 793 4030 Florentino
816 3968 1000 4046 Philosopbo
1030 3968 1264 4030 eminentissimo
1288 3969 1413 4049 (quippe
1443 3971 1703 4052 profundissimo),

349 4061 375 4121 si
402 4059 457 4120 hoc
490 4058 555 4119 loco
589 4058 681 4119 libelli
715 4059 781 4137 ejus
805 4060 842 4119 de
865 4059 971 4118 eadem
1002 4057 1129 4118 materia
1163 4059 1249 4137 longe
1280 4067 1350 4118 ante
1378 4060 1579 4124 fabricianss
1613 4066 1704 4127 inter·

347 4149 528 4230 pellaliones
559 4147 676 4208 Romae
710 4149 846 4227 impressi
871 4152 979 4214 (Galileo
998 4154 1087 4206 Gelilei
1105 4155 1196 4206 latoris
1214 4168 1228 4205 e
1244 4155 1431 4206 Dimostrationi
1448 4159 1549 4209 intorno
1568 4163 1622 4214 ade
1640 4179 1703 4216 ne.

349 4238 404 4289 ebie
422 4237 504 4293 solen,
523 4251 537 4286 e
555 4237 606 4286 loro
625 4237 758 4287 accidenti.
795 4236 891 4286 Romae
914 4233 988 4284 1613.
1027 4236 1056 4284 ln
1075 4235 1140 4284 ecit
1161 4235 1267 4299 Operum
1287 4236 1392 4287 Galilaei
1411 4239 1566 4298 Homtins.
1587 4245 1645 4296 Vct
1662 4245 1705 4296 m.

349 4326 373 4373 p.
394 4306 445 4358 369
464 4310 498 4359 sd
513 4309 598 4364 tinem,
617 4310 747 4373 inscriptus
766 4317 804 4358 est
822 4309 863 4359 ille
881 4309 992 4357 libellus:
1022 4307 1094 4356 Delie
1112 4306 1227 4358 blacchia
1246 4308 1325 4358 Solsri
1343 4324 1358 4357 e
1375 4310 1427 4360 loro
1450 4314 1579 4365 accidenti
1599 4316 1705 4368 lam

349 4380 436 4431 lnsnnt
463 4381 550 4431 literae
570 4380 649 4430 Marci
667 4380 770 4430 Welseri
797 4381 922 4444 „Apellis“
943 4389 968 4428 et
993 4379 1162 4442 responsiones
1181 4379 1286 4429 Galilaei
1307 4380 1331 4429 d
1350 4381 1375 4430 d.
1394 4379 1419 4430 l.
1439 4381 1514 4447 llsl..
1536 4384 1578 4435 tt.
1599 4393 1666 4456 Aug,
1682 4403 1706 4438 a

351 4452 374 4500 l.
396 4452 458 4502 Dec.
478 4454 536 4502 anni
559 4448 634 4499 tert.
673 4451 743 4511 Quae
763 4452 835 4501 affert
854 4453 878 4500 in
903 4451 1061 4515 sequentibus
1079 4449 1202 4512 Keplerus
1221 4466 1235 4499 e
1254 4450 1358 4502 Galilaei
1382 4453 1460 4504 literis
1478 4471 1494 4505 e
1513 4455 1603 4524 dogna
1621 4460 1705 4512 lutto

349 4525 375 4574 in
394 4524 511 4573 Latinam
529 4523 652 4572 translata
670 4522 788 4573 desnmsit
808 4537 821 4573 e
839 4524 916 4572 literis
936 4522 1029 4571 duobus
1045 4523 1219 4584 posterioribus
1238 4538 1322 4572 earnm
1340 4539 1401 4589 quas
1420 4526 1494 4577 modo
1514 4529 1631 4582 dminus
1648 4533 1665 4582 l
1683 4547 1700 4581 e.

351 4620 374 4668 p.
395 4601 444 4652 ter
466 4612 491 4652 et
515 4600 587 4661 473),
612 4595 693 4656 locos
719 4596 805 4668 dnos,
831 4596 869 4655 ad
893 4615 967 4674 quos
992 4594 1039 4654 hic
1063 4612 1122 4653 una
1146 4603 1177 4654 et
1200 4596 1305 4656 eadem
1335 4616 1428 4677 opera
1460 4605 1618 4683 respondi,
1650 4623 1702 4668 nor

351 4703 548 4763 exscrrpsero.

439 4774 499 4833 Par
531 4774 665 4853 equidem
703 4778 769 4832 erat
797 4780 830 4833 ut
857 4774 888 4834 in
920 4770 977 4832 hac
1009 4771 1137 4833 materia
1168 4792 1227 4834 non
1255 4775 1293 4837 ad
1322 4781 1352 4835 te
1375 4775 1551 4841 Fabricium
1585 4781 1641 4842 sed
1667 4782 1702 4842 sd

353 4861 523 4923 Galilaenm
556 4863 652 4941 ipsum
683 4860 847 4922 orationem
881 4860 1060 4938 dirigerem
1093 4862 1149 4922 nisi
1175 4872 1206 4922 et
1231 4873 1261 4924 tu
1286 4863 1385 4941 plures
1418 4866 1489 4926 milri
1524 4882 1626 4932 tecum
1651 4874 1699 4933 bu:

353 4950 419 5011 luco
439 4953 559 5029 agendo
583 4952 774 5030 praebuisses
797 4951 981 5024 occasiones,
1007 4961 1038 5010 et
1062 4951 1111 5010 ille
1127 4950 1259 5015 Galilaei
1284 4953 1400 5014 libellus
1426 4975 1462 5016 ex
1481 4959 1625 5038 professo
1648 4981 1700 5023 non

352 5036 397 5099 its
418 5039 523 5118 paucis
544 5060 599 5121 pro
623 5040 770 5116 dignitate
794 5060 849 5102 sua
872 5040 970 5101 excuti
994 5050 1107 5120 posset.

1716 365 1743 438 ,d
