3692 5842
248 484 314 553 510
870 487 990 539 ΝΜ

247 666 391 740 rationes,
419 684 514 744 neque
539 684 615 743 quas
639 664 798 726 Galilaeus
822 663 937 738 attulit,
961 683 1056 744 neque
1080 683 1155 745 quas
1176 663 1245 744 Ego
1268 664 1300 727 in
1316 665 1472 747 Epistola.
1518 665 1605 729 Adde

248 756 447 833 incompertae
476 754 652 815 celeriorum
683 754 773 814 trium
804 753 943 832 periodos
975 762 1008 814 et
1042 754 1144 815 nescio
1175 774 1215 815 an
1245 773 1376 834 unquam
1399 755 1604 818 inveniendas.

248 841 282 905 Si
306 844 384 904 eninr
408 843 494 904 libuit
519 842 659 904 Galilaea
685 843 814 915 mentiri,
839 861 891 903 cur
914 861 973 902 non
998 844 1058 916 (uti
1081 861 1242 904 memorem
1265 844 1352 922 ajunt
1374 853 1518 924 oportere
1540 861 1605 906 esee

247 931 436 1005 mendacem)
460 932 664 1012 apparitiones
689 932 758 992 illas
782 950 819 992 ex
843 931 935 991 certis
958 932 1078 993 circulis
1096 945 1128 993 et
1143 930 1277 1013 periodis
1301 943 1469 1011 conceptas
1482 931 1604 994 ordina·

247 1021 292 1082 vit
315 1030 347 1081 et
371 1020 455 1099 quasi
481 1040 520 1080 ex
535 1021 724 1099 ephemeride
740 1019 929 1099 depromsit?
961 1021 1012 1081 An
1036 1039 1095 1083 non
1119 1021 1249 1099 ingenua
1271 1021 1489 1083 estconfessio
1511 1039 1603 1084 rerum

247 1111 485 1181 observatorum,
512 1129 572 1188 qua
594 1109 791 1182 credibilium,
817 1127 875 1187 qua
899 1108 1142 1170 incredibilium?
1174 1109 1240 1170 Has
1263 1127 1320 1188 ego
1344 1109 1482 1172 rationes
1497 1129 1602 1172 assem

249 1217 301 1259 sus
325 1198 381 1258 mei
405 1198 597 1277 praecipitati
624 1198 650 1258 si
676 1198 798 1257 fuissem
817 1198 974 1276 professus
988 1198 1017 1258 in
1033 1198 1193 1276 Epistola:
1219 1198 1288 1278 quid
1303 1198 1387 1260 aliud
1401 1199 1475 1261 milri
1501 1199 1603 1262 suaso

250 1286 504 1366 exspectandum,
537 1306 626 1367 quarn
651 1299 683 1349 ut
706 1286 822 1348 calidus
846 1286 956 1365 aliquis
974 1287 1094 1367 juvenis
1119 1288 1318 1360 exclamaret,
1343 1306 1390 1348 mo
1420 1287 1496 1350 nibil
1525 1287 1602 1350 aliud

247 1375 284 1437 iis
314 1374 481 1436 rationibus
518 1393 628 1454 agere,
667 1395 755 1455 qnam
785 1383 818 1435 ut
848 1373 1006 1437 Galilaeas
1034 1375 1263 1437 observationes
1295 1375 1452 1438 refutem?
1486 1376 1600 1457 quando

247 1464 321 1525 haec
350 1464 550 1544 sycophantia
578 1484 613 1524 ne
638 1464 824 1544 sicquidem
849 1483 917 1525 mea
930 1464 1074 1544 Epistola
1087 1464 1287 1545 pervertenda
1309 1464 1471 1527 abstinuit.
1509 1471 1600 1538 (οη.

245 1576 270 1624 p.
289 1556 341 1609 453
361 1558 407 1619 ιε.)
453 1551 555 1621 Quare
579 1571 615 1613 ne
639 1572 715 1614 nunc
739 1571 856 1632 quoque
880 1553 1094 1614 refutationem
1106 1552 1209 1632 potius
1232 1571 1322 1634 quam
1346 1554 1598 1616 confirmationem

246 1639 415 1701 instituisse
449 1641 565 1715 videar,
603 1643 642 1704 ad
676 1642 759 1719 ipsas
789 1661 872 1701 meas
896 1642 1126 1703 observationes
1149 1649 1234 1703 recta
1256 1661 1304 1702 me
1327 1642 1464 1704 coelem.
1511 1641 1598 1704 man

249 1728 310 1788 erit
333 1729 439 1802 lector,
472 1729 528 1789 lias
561 1750 644 1791 meas
677 1750 742 1791 cnm
776 1728 924 1791 Galilaeis
956 1732 1112 1803 conferre,
1145 1729 1172 1790 si
1204 1731 1293 1791 modo
1316 1729 1427 1791 iisdem
1450 1729 1597 1792 diebusir

248 1815 453 1878 observaverit
478 1835 607 1897 suasque
632 1819 769 1881 ediderit.
816 1820 895 1880 Nam
928 1819 1019 1880 testis
1051 1828 1101 1880 est
1127 1818 1199 1879 mibi
1221 1819 1343 1897 Praga,
1376 1819 1435 1880 has
1458 1838 1544 1882 meas
1564 1819 1596 1882 ad

247 1903 417 1967 Galilaeurn
446 1925 503 1967 non
529 1907 649 1982 missas,
674 1927 769 1988 eoque
792 1927 829 1968 ne
853 1907 961 1987 scripsi
984 1908 1104 1987 quidem
1129 1908 1167 1968 ad
1191 1907 1289 1987 ipsum
1311 1907 1442 1982 interea,
1466 1908 1597 1989 quamvis

245 1994 486 2074 respondendum
519 2004 595 2057 erat.
652 1995 753 2059 Ceteri
782 2016 853 2057 vcro
882 2007 1003 2075 praeter
1035 1998 1174 2057 nuncium
1204 1996 1247 2057 rei
1274 1996 1305 2057 in
1333 2015 1447 2076 genere
1470 1994 1596 2076 peracri-

245 2083 316 2144 bore
340 2103 379 2144 ex
405 2083 517 2145 chartis
540 2085 619 2146 domi
642 2105 727 2147 meae
750 2086 893 2164 repositis
917 2086 990 2146 nihil
1004 2094 1185 2164 potueruut:
1211 2084 1254 2146 uti
1277 2102 1333 2146 nec
1356 2084 1397 2146 ab
1420 2084 1475 2146 illo
1498 2085 1539 2147 ad
1555 2104 1596 2148 mr

244 2171 325 2233 mitti
349 2171 489 2234 adhunc
513 2193 606 2253 usque
622 2174 699 2235 diem
723 2183 887 2254 potueruut
911 2175 1138 2235 observationes
1161 2174 1276 2235 dierum
1300 2172 1423 2254 omnino
1447 2174 1594 2253 proximo·

243 2278 318 2321 rum.
369 2260 476 2340 Itaque
500 2273 602 2324 certus
632 2283 699 2326 esse
723 2275 828 2343 potes,
861 2264 935 2324 nihil
959 2262 1187 2324 communicatis
1210 2262 1276 2341 geri
1297 2261 1447 2324 consiliis.
1494 2261 1594 2334 Quod-

152 2374 159 2391 ν
243 2348 270 2409 si
293 2349 388 2410 lector
412 2349 546 2412 invenies
570 2353 700 2432 aliquam
724 2354 800 2415 situs
824 2351 1071 2431 discrepantiam,
1095 2361 1149 2412 aut
1170 2351 1212 2423 si,
1238 2361 1273 2412 ut
1295 2351 1419 2431 opinor,
1442 2353 1593 2431 pauciores

245 2436 395 2498 interdum
419 2438 532 2500 vidisse
556 2459 603 2502 me
627 2442 833 2522 deprehendes
857 2460 946 2521 quarn
971 2439 1160 2502 Galilaenm:
1193 2440 1224 2500 id
1255 2440 1338 2502 circa
1359 2458 1425 2502 rem
1448 2441 1548 2521 ipsam
1567 2451 1593 2504 ta

243 2545 300 2586 non
326 2525 437 2587 turbet.
484 2528 586 2589 Prima
610 2531 688 2592 enim
711 2531 785 2591 haec
809 2550 875 2590 mea
899 2529 1068 2591 rudimenta
1090 2539 1161 2591 snut
1188 2528 1277 2607 hujus
1306 2527 1430 2608 generis
1453 2531 1594 2594 observa·

243 2616 373 2689 tionum3
396 2615 511 2678 coelum
534 2618 707 2699 plerumque
732 2619 959 2690 subnubilum,
983 2619 1071 2679 Luna
1093 2636 1238 2697 praesens
1269 2617 1427 2696 negotium
1456 2618 1592 2692 inhibuit:

242 2704 472 2766 instrumentum
497 2705 553 2766 luit
575 2726 630 2769 nec
654 2707 797 2787 optimum
819 2727 874 2769 nec
889 2707 1172 2780 commodissimum,
1198 2706 1384 2768 sustentatio
1409 2705 1592 2770 iustrumead

242 2792 272 2853 in
297 2792 357 2853 situ
380 2794 503 2854 immoto
527 2803 560 2854 et
583 2796 780 2876 deprehensio
809 2795 939 2875 quaesiti
961 2794 1049 2856 Jovis
1081 2794 1273 2868 difficillima3
1310 2813 1367 2856 nec
1398 2793 1591 2860 instruam

242 2880 368 2942 distinxi
391 2889 424 2942 et
446 2884 600 2945 numeravi
622 2886 752 2956 minuta,
775 2892 935 2947 contentus
959 2885 988 2946 in
1011 2893 1076 2946 tam
1098 2882 1182 2945 brevi
1215 2892 1350 2962 tempore
1383 2884 1590 2948 aestimatiora

244 2968 434 3032 instrumenti
458 2989 572 3034 crassa.

331 3058 437 3120 Mense
462 3061 602 3139 Augusto
630 3062 911 3124 Reverendissimus
936 3069 968 3122 et
991 3059 1208 3122 Serenissimus
1226 3059 1489 3140 Archiepiscopus
1503 3059 1588 3123 Colo-

242 3146 369 3218 niensis,
397 3147 523 3210 Elector
552 3160 583 3212 et
606 3151 757 3212 llavariae
779 3153 850 3213 Dux
881 3150 1031 3211 Ernestus
1064 3159 1142 3223 etc,
1177 3147 1300 3211 Vienna
1321 3148 1471 3210 Austriae
1504 3149 1588 3211 redux

243 3236 474 3299 instrumentum
507 3239 578 3300 milri
611 3241 829 3314 commodavit,
867 3241 947 3320 quod
980 3258 999 3299 a
1031 3237 1172 3300 Galilaeo
1205 3237 1264 3298 sibi
1297 3238 1424 3300 missum
1457 3237 1587 3310 dicebam

243 3325 321 3404 quod
344 3326 408 3404 ipse
433 3327 550 3407 quidem
575 3329 644 3390 aliis
672 3330 868 3409 quibusdam,
903 3346 979 3409 quae
1010 3346 1111 3389 secum
1134 3326 1277 3400 habebat,
1302 3346 1341 3389 ex
1371 3327 1585 3396 commoditate.

242 3432 330 3493 quam
354 3415 418 3495 ipse
443 3416 511 3477 inde
535 3418 663 3479 videndo
687 3427 819 3497 caperet,
845 3420 934 3497 longe
962 3417 1149 3497 postposuit,
1175 3425 1300 3495 questus
1330 3415 1442 3477 stellas
1472 3433 1586 3496 reprae-

242 3504 355 3565 sentari
380 3506 613 3585 quadrangulas.

329 3593 435 3673 Itaque
468 3614 554 3655 mane
588 3595 647 3656 diei
680 3593 733 3659 30.
758 3594 889 3672 Augusti
926 3594 1006 3675 stylo
1043 3611 1121 3655 novo
1144 3591 1253 3652 Jovem
1284 3591 1365 3654 inter
1397 3591 1502 3654 nubila
1530 3607 1585 3652 suu

241 3684 460 3761 contemplatus
491 3694 651 3763 praesente
675 3684 855 3763 Benjamino
879 3683 990 3745 Ursino
1023 3681 1225 3742 astronomiae
1257 3680 1415 3755 studioso,
1450 3680 1500 3760 qui
1527 3697 1584 3742 cun

240 3779 336 3830 artem
360 3780 442 3831 amet
465 3781 497 3834 et
519 3793 658 3835 exercere
681 3772 920 3853 philosophando
944 3770 1120 3838 instituerit,
1143 3788 1332 3849 nequaquam
1359 3769 1477 3848 cogitat
1499 3769 1583 3837 fidem.

241 3876 318 3936 quae
342 3869 515 3922 astronomo
539 3863 638 3924 futuro
663 3871 711 3923 est
733 3861 938 3933 neccessarie,
963 3859 1068 3920 statim
1091 3880 1111 3919 a
1133 3858 1279 3937 principio
1303 3858 1383 3919 falso
1406 3859 1468 3920 ullo
1487 3857 1583 3920 indicio

241 3945 416 4026 decoquere.
436 3944 477 4016 ¹⁶)
514 3951 556 4011 Et
580 3953 663 4013 visus
687 3971 743 4030 ego
768 3970 832 4012 sum
855 3950 958 4010 videre
983 3949 1135 4009 stellulam
1160 3947 1337 4008 orientalem
1360 3945 1471 4008 adore
1486 3963 1581 4008 aaran·

203 4028 209 4041 ⁸
239 4032 309 4096 dum
333 4037 489 4115 eclipticas
523 4040 654 4101 ductum.
701 4040 736 4103 Id
768 4047 868 4102 autem
901 4037 1190 4099 verisimilitudinem
1214 4035 1345 4117 acquirit
1376 4034 1417 4096 ab
1448 4035 1580 4098 strena·

239 4123 320 4184 tione
343 4129 490 4205 sequenti.

328 4214 385 4275 Die
419 4215 471 4277 31.
503 4216 634 4294 Augusti
667 4235 792 4296 vespere
825 4215 987 4277 Saturnum
1019 4223 1052 4275 et
1083 4215 1215 4277 Martem
1247 4212 1447 4293 contemplati
1482 4227 1579 4280 sumus

240 4301 338 4362 nullas
363 4304 390 4363 in
412 4305 519 4366 vicinia
539 4306 667 4366 vidimus
687 4306 883 4385 amplitudine
902 4304 1102 4377 instrumenti,
1128 4323 1205 4385 quae
1222 4318 1299 4380 pene
1319 4301 1474 4364 dimidiam
1487 4299 1576 4362 Lusa

240 4389 416 4454 diametrum
440 4395 589 4473 capiebat.
637 4394 725 4455 Luna
748 4413 893 4474 praescus
917 4401 1059 4472 suspecta
1083 4392 1168 4453 nobis
1192 4400 1259 4452 erat
1282 4390 1320 4452 de
1343 4391 1558 4471 impedimento.

327 4480 418 4542 lllane
442 4484 579 4562 sequenti
612 4483 660 4543 die
698 4484 724 4545 l.
750 4483 936 4565 Septembris
968 4482 1043 4541 hora
1074 4493 1145 4560 post
1177 4480 1308 4542 mediam
1335 4491 1456 4542 noctem
1479 4497 1534 4540 una
1551 4485 1575 4534 et

239 4567 355 4628 duabus
379 4590 473 4649 eoque
497 4572 643 4650 amplius,
669 4574 755 4632 Luna
773 4574 837 4651 jam
863 4571 990 4632 cadente
1014 4569 1143 4631 vidimus
1166 4570 1260 4648 primo
1284 4570 1427 4632 Pleiades
1451 4581 1573 4632 numero-

239 4657 386 4719 sissimas.
425 4659 502 4720 Dein
519 4662 649 4722 hlartenr
665 4662 859 4740 contemplati
877 4660 941 4739 (qui
965 4660 1027 4720 iere
1052 4669 1119 4720 erat
1142 4659 1170 4719 in
1196 4659 1276 4720 linea
1299 4679 1338 4720 ex
1361 4657 1462 4721 media
1481 4671 1572 4736 supre-

238 4764 352 4805 marum
377 4747 445 4808 Ceti
470 4751 507 4809 ad
533 4770 660 4828 sequens
685 4769 775 4812 cornu
800 4750 924 4822 Arietis,
949 4749 1070 4827 propior
1094 4747 1137 4808 illi
1162 4748 1278 4809 mediae
1297 4767 1388 4827 quam
1412 4747 1464 4809 illa
1485 4757 1571 4807 exur-

239 4834 305 4906 mis,
331 4845 364 4896 ut
388 4837 486 4897 media
510 4858 575 4898 cum
600 4840 699 4900 Marte
733 4850 765 4899 et
796 4846 941 4916 sequente
964 4837 1043 4916 apud
1074 4856 1108 4896 se
1133 4837 1278 4897 formaret
1300 4837 1442 4916 angulum
1465 4843 1569 4898 rectum·

240 4922 324 4982 lllars
357 4926 437 5007 apud
474 4947 507 4986 se
544 4947 609 4988 cum
647 4929 751 4988 eadem
784 4928 883 4987 media
916 4935 948 4985 et
977 4925 1176 5005 praecedente
1210 4926 1299 5006 paulo
1322 4926 1468 4988 minorem
1488 4917 1569 4987 tecit)

240 5007 368 5076 vidimus
401 5014 481 5076 intra
514 5016 740 5097 amplitudinem
776 5013 967 5078 instrumenti
1001 5014 1111 5076 stellas
1138 5023 1266 5094 quatuor
1296 5015 1431 5078 minutas
1460 5014 1568 5077 eirena·
