3692 5842
783 454 905 506 derebus
925 452 1028 520 Optlcls.
1363 500 1367 506 .
1550 457 1591 527 13

229 632 332 690 eadelm
352 633 424 697 plura
443 649 467 681 a.
487 626 537 682 no'n
555 645 662 696 possum.
700 630 756 681 Non
775 638 858 683 auum
878 630 963 679 dubito
988 634 1047 697 quin
1066 631 1179 682 clementi
1200 632 1269 683 vultu
1288 632 1416 692 Deusta,
1444 652 1515 687 suum
1534 654 1592 688 con·

230 714 343 755 stantem
362 706 464 753 militem
483 714 509 753 et
527 719 583 753 rere
602 712 751 765 martyrem,
768 706 799 751 sit
818 708 981 764 respectums.
1172 762 1176 769 .

324 774 397 835 Quod
416 776 446 822 de
465 776 550 838 eclipsi
569 771 602 833 Q
622 776 718 825 scribis.
739 790 769 823 ea
788 776 871 822 emilia
890 774 980 822 dudum
1000 774 1231 834 animadverteram,
1253 775 1367 825 videlicet
1386 778 1449 840 quod
1469 779 1508 827 lux
1528 781 1592 829 radii

231 848 336 909 arnpliet
356 843 388 905 Q
410 854 435 894 et
452 849 548 894 alienat
568 839 594 908 J
616 844 770 893 diametrum.
799 846 889 893 Verum
909 846 929 891 si
943 854 1020 893 scena
1032 860 1075 892 seu
1089 846 1264 894 observationis
1285 847 1351 895 locus
1370 851 1403 897 sit
1416 850 1519 912 amplior
1537 853 1591 905 lcu-

230 918 339 979 jusmodi
361 916 441 964 locum
460 919 484 964 in
503 924 587 964 nostro
605 916 696 979 templo
716 932 769 966 esse
790 915 880 972 nesti).
909 917 948 962 isti
967 917 1142 978 impedimento
1166 919 1263 980 egregie
1283 921 1433 981 prospicitur.
1471 921 1591 970 foramen

230 993 257 1040 h.
277 992 374 1037 lactum
393 1002 467 1049 quam
484 988 538 1036 ueri
556 994 638 1049 potest
662 988 789 1035 minimum
809 986 867 1046 (nec
883 1001 944 1047 opus
965 998 1016 1041 est,
1042 1002 1095 1034 esse
1115 995 1231 1049 puuctum
1250 987 1465 1050 mathematicum)
1485 993 1593 1041 excludit

233 1072 333 1107 munem
354 1059 544 1106 sensibilitatem
559 1058 590 1105 ad
603 1058 754 1105 distantiam.
782 1059 817 1106 lbi
831 1073 854 1105 ιι.
870 1071 962 1105 cornua
976 1065 1086 1106 extrema
1106 1055 1137 1117 Q
1159 1060 1299 1107 acutissime
1314 1068 1453 1109 cernuntur.
1479 1062 1522 1111 Sin
1536 1078 1592 1113 sero

232 1131 345 1180 namen
370 1130 444 1177 fuerit
472 1128 624 1191 aliquantum
652 1131 746 1189 majus.
775 1135 860 1191 utpote
880 1127 999 1175 dimidiati
1020 1129 1089 1191 digiti
1109 1129 1146 1176 vel
1171 1131 1235 1176 ultra
1254 1132 1462 1180 semidiametrusn
1481 1133 1518 1181 vel
1538 1135 1591 1181 dia-

232 1209 338 1250 rnetrnm
355 1199 444 1261 hujus:
463 1200 491 1247 lit
509 1200 616 1253 omnino.
636 1208 664 1248 ut
682 1200 765 1247 nudius
783 1201 890 1261 undique
909 1199 1052 1260 amplietur,
1073 1208 1099 1246 at
1121 1214 1212 1249 currina
1231 1199 1294 1247 fiuut
1313 1202 1409 1250 obtusa.
1438 1202 1511 1266 ldque
1536 1220 1587 1252 cer·

232 1272 354 1320 dasirnnm
375 1278 548 1334 argumentum
568 1277 618 1322 est.
638 1269 833 1318 observationem
847 1269 965 1330 ejusmodi
980 1284 1033 1318 esse
1052 1270 1182 1325 iuliacense
1203 1271 1262 1318 aber
1275 1272 1359 1320 dorten
1372 1274 1437 1335 gibts
1451 1275 1491 1322 die
1505 1274 1589 1337 Spitze

231 1356 259 1391 sc
276 1341 391 1403 scharpf,
421 1341 466 1390 das
485 1355 511 1389 es
530 1341 575 1389 vol
595 1342 784 1389 zuremundern
803 1344 843 1388 ist.
882 1341 913 1387 Et
931 1341 1028 1402 quidem
1048 1343 1072 1389 iu
1093 1342 1210 1403 ejusmodi
1230 1342 1436 1392 observationibus
1456 1345 1587 1409 aliquoties

231 1411 383 1475 deprebemi
402 1412 548 1460 diametrum
568 1405 594 1473 :li
614 1412 748 1464 urinarem.
767 1426 841 1475 quam
860 1410 994 1459 secuudum
1014 1411 1135 1461 calculum
1155 1426 1209 1460 csse
1228 1411 1341 1461 debebat.

322 1480 440 1531 Proxima
458 1482 541 1545 eclipsi
561 1482 655 1531 coelum
675 1484 745 1529 uobis
764 1483 845 1531 denuo
865 1483 910 1529 luit
930 1482 1067 1530 adversum.
1105 1483 1166 1531 Erat
1184 1483 1241 1531 mihi
1256 1486 1360 1540 unimus,
1382 1485 1413 1533 ad
1433 1487 1485 1547 ejus
1505 1486 1587 1535 obser-

232 1554 360 1603 vationem
380 1567 464 1601 ornnes
482 1568 550 1601 meos
570 1554 693 1601 auditores
713 1554 841 1601 advocare.
870 1551 918 1599 Sed
939 1553 1033 1601 coelum
1053 1553 1161 1602 nubilum
1181 1554 1284 1602 obstitit.
1305 1554 1410 1603 Paratus
1424 1556 1455 1603 ad
1475 1557 1590 1607 obsessa·

231 1624 327 1674 tionem
347 1626 455 1679 accessi,
485 1639 568 1673 rerum
587 1638 633 1673 nec
652 1626 747 1671 initium
767 1621 905 1671 acclinem
925 1624 986 1679 vidi;
1015 1626 1160 1673 intermedio
1185 1631 1294 1688 tempore
1312 1626 1387 1674 munel
1407 1634 1481 1693 atque
1500 1629 1589 1677 iterum

235 1694 345 1745 dabatsn
370 1694 439 1744 locus
466 1694 578 1749 videndi,
606 1702 635 1743 at
653 1696 689 1742 rix
709 1696 806 1743 ridendi
826 1694 902 1749 Solis,
931 1696 982 1756 ipse
1001 1709 1024 1742 ιι.
1046 1696 1174 1745 confestim
1198 1710 1225 1744 se
1250 1697 1365 1745 subduxit
1387 1698 1491 1747 aubibus
1510 1700 1590 1749 denuc

233 1764 365 1820 conditus,
384 1766 447 1814 adeo
466 1773 493 1814 ut
511 1779 637 1829 nunquam
656 1764 693 1813 rel
712 1766 845 1814 diametros
866 1761 897 1824 Θ
918 1770 944 1812 et
963 1757 1003 1827 J),
1024 1778 1071 1814 nec
1089 1766 1179 1830 digitos
1192 1765 1336 1818 deficientes
1355 1775 1442 1818 notare
1460 1772 1588 1832 potuerim.

234 1835 344 1886 Unicum
363 1836 409 1884 hoc
429 1838 522 1898 excepi,
542 1836 606 1898 quod
625 1837 766 1884 notabiliter
783 1836 848 1885 ultra
866 1835 992 1883 dimidium
1013 1834 1044 1896 Q
1065 1837 1162 1885 defecit.

324 1907 401 1955 Priori
421 1909 558 1970 quaestioni
576 1907 642 1955 istud
662 1907 734 1955 adde.
771 1907 906 1970 Propositio
927 1906 949 1954 5.
970 1906 1022 1954 libri
1043 1907 1061 1955 l.
1077 1906 1177 1970 Optices
1196 1908 1302 1971 vulgaris
1322 1924 1385 1971 quac
1405 1916 1442 1957 est
1459 1926 1527 1974 prop.
1548 1909 1591 1961 39.

232 1980 268 2028 lib
288 1978 323 2027 ll.
343 1977 444 2033 viteli,
464 1979 483 2025 si
503 1992 588 2026 crassa
606 1980 638 2027 sit
648 1978 793 2032 observatio.
813 1991 871 2027 vera
891 1986 936 2025 est.
965 1977 1055 2026 Verum
1069 1980 1088 2026 si
1103 1992 1134 2026 ea
1147 1992 1253 2041 quapar
1265 1987 1304 2027 est
1316 1981 1445 2044 diligentia
1464 1986 1591 2033 examina·

232 2059 284 2105 tur.
314 2063 365 2097 non
395 2048 538 2111 simpliciter
563 2063 645 2097 seram
666 2064 719 2097 esse
739 2050 832 2112 aliquot
849 2049 957 2111 pluribus
976 2050 1185 2097 observationibus
1205 2049 1361 2111 deprehendi.
1401 2050 1512 2102 Circeius
1529 2069 1592 2103 sane

233 2127 340 2184 apparet
359 2118 470 2182 (opertet
489 2127 571 2168 autem
591 2122 655 2168 inter
673 2120 783 2168 foramen
807 2127 833 2168 et
852 2120 946 2168 radium
966 2127 1096 2182 exceptum
1116 2120 1268 2182 aliquantam
1287 2135 1341 2168 esse
1360 2122 1512 2181 distantiam,
1532 2126 1591 2173 alia·

231 2192 271 2257 qni
290 2191 417 2239 radiorum
436 2206 485 2237 nou
505 2192 612 2240 omniurn
632 2191 702 2238 fieret
720 2192 845 2240 conversio
865 2192 889 2238 iu
904 2188 1067 2253 oppositum),
1097 2195 1124 2238 at
1142 2190 1247 2239 circulus
1265 2190 1306 2239 ille
1328 2192 1464 2241 secundum
1482 2194 1592 2245 fonmea

232 2262 356 2327 angulare
376 2261 405 2309 fit
423 2261 551 2324 gibbosus,
573 2269 599 2310 et
617 2262 734 2310 circulum
753 2263 778 2309 in
796 2261 890 2310 tabella
908 2263 1022 2323 opposita
1034 2261 1181 2324 descriptum
1195 2261 1299 2310 excedit.
1326 2262 1386 2311 Inde
1399 2278 1457 2328 ergo
1476 2279 1523 2314 sua
1541 2280 1591 2315 ser·

233 2342 294 2382 rata
313 2335 412 2381 ntione
431 2331 608 2395 magnitudinis
627 2334 726 2393 majoris
745 2332 870 2381 foraminis
890 2334 966 2380 ctiam
986 2334 1082 2380 rotundi
1100 2332 1157 2380 talis
1167 2333 1279 2394 deceptio
1297 2334 1323 2381 in
1342 2334 1425 2397 eclipsi
1440 2334 1519 2384 Solari
1532 2351 1590 2401 quo·

232 2421 280 2470 qne
299 2406 445 2467 contingere
464 2410 560 2465 potest;
589 2409 751 2467 praecavetur
770 2411 853 2453 antem
872 2403 1003 2451 minutiore
1022 2404 1140 2451 foramine
1163 2417 1239 2466 eoque
1266 2411 1372 2464 remoto,
1399 2407 1432 2455 ibi
1454 2423 1479 2456 n.
1500 2420 1593 2457 cornua

233 2484 284 2525 tans
305 2482 383 2523 acuta
402 2475 481 2528 fiunt.
501 2482 528 2521 nt
547 2474 577 2522 de
596 2474 661 2522 nullo
681 2489 761 2522 errare
780 2473 888 2522 sensibili
907 2476 1013 2536 supersit
1031 2473 1147 2536 suspicio.

321 2544 396 2604 Quae
415 2545 578 2606 superioribus
597 2546 682 2593 diebus
701 2545 731 2592 de
751 2544 859 2608 epistolis
878 2545 939 2593 meis
949 2544 1104 2607 publicandis
1122 2545 1248 2607 scripsisti.
1269 2546 1369 2594 obsecro
1382 2562 1414 2596 ne
1427 2549 1514 2597 facias.
1541 2548 1592 2606 Eas

231 2633 255 2666 a.
269 2619 366 2665 amicas
387 2616 418 2664 ad
438 2617 543 2664 amicum
563 2617 660 2679 scripsi,
681 2630 785 2679 eumque
803 2632 853 2664 non
866 2617 964 2665 demum
982 2631 1026 2678 per
1043 2623 1142 2663 mutuas
1161 2616 1245 2664 literas
1264 2618 1425 2680 acquisitum,
1443 2621 1513 2682 quasi
1533 2626 1592 2669 ante

231 2692 333 2753 ignotus
353 2688 447 2735 luisset.
488 2685 581 2745 Quodsi
600 2688 718 2751 cogitatio
738 2689 847 2735 animum
860 2701 942 2735 meum
961 2700 1069 2750 unquam
1083 2687 1212 2742 subiisset,
1232 2701 1276 2735 eas
1289 2688 1420 2751 aliquando
1430 2690 1592 2752 publicandas

233 2763 301 2813 fore.
322 2758 400 2805 multo
420 2758 620 2820 circumspectius
638 2759 797 2821 scripsissem.
837 2757 908 2817 Quae
927 2760 975 2807 isto
993 2759 1065 2807 modo
1081 2762 1152 2819 juxta
1170 2758 1295 2806 dictamen
1314 2773 1411 2821 pennae
1429 2763 1521 2825 scripta
1539 2763 1591 2813 fue·

232 2838 304 2883 runt.
337 2844 387 2877 uon
408 2844 431 2876 ιι.
451 2829 483 2877 ad
503 2830 578 2887 alios,
607 2828 651 2877 sed
671 2830 703 2877 ad
722 2838 747 2877 te
765 2830 862 2891 scripsi,
887 2832 928 2892 qni
949 2844 1016 2878 esses
1035 2829 1154 2877 candidus
1174 2830 1281 2876 omnium
1299 2830 1425 2879 verborum
1444 2834 1520 2881 etiam
1539 2832 1592 2882 rudi

230 2900 347 2949 Minerva
366 2901 509 2962 scriptarum
531 2902 668 2963 interpres:
689 2902 749 2947 satis
762 2902 820 2948 mibi
842 2900 904 2956 fuit,
926 2907 950 2948 te
965 2902 1072 2948 animum
1085 2914 1167 2947 meum
1180 2900 1326 2962 intelligere,
1347 2908 1402 2949 utut
1415 2903 1488 2952 rerba
1500 2905 1593 2967 scripta

232 2979 325 3021 casam.
365 2970 445 3019 Aliter
463 2978 546 3019 autem
565 2978 621 3025 est.
648 2973 670 3018 si
688 2972 755 3019 intra
773 2973 881 3033 parietes
899 2971 983 3020 muudi
1003 2986 1076 3033 quam
1096 2972 1168 3018 amici
1188 2971 1275 3033 privati
1293 2971 1439 3034 loquendum
1459 2976 1500 3023 sit.
1537 2973 1592 3024 Nec

232 3057 278 3107 age
298 3041 429 3090 consilium
448 3056 530 3089 eornm
549 3043 638 3104 probo.
659 3043 699 3105 qni
717 3049 770 3089 tam
788 3042 874 3090 faciles
893 3050 952 3090 sunt
970 3044 993 3089 in
1014 3043 1147 3089 amicerum
1171 3044 1332 3105 privatorum,
1361 3042 1392 3092 de
1411 3046 1512 3107 puratis
1530 3048 1590 3095 scri·

231 3114 358 3168 beatium,
378 3113 454 3161 literis
472 3113 636 3174 publicandis.
674 3112 716 3161 Ita
734 3127 781 3161 nec
799 3114 842 3160 tibi
862 3128 913 3161 rem
933 3120 1032 3177 gratans
1049 3127 1089 3161 me
1108 3112 1231 3161 facturum
1250 3114 1336 3173 credo,
1356 3115 1376 3161 si
1395 3121 1452 3164 tuas
1471 3117 1588 3179 epistolas

230 3182 266 3247 (in
285 3185 375 3248 quibus
394 3184 517 3232 interdurn
536 3198 618 3232 eoram
637 3184 666 3231 fit
684 3185 791 3242 mentio,
811 3200 834 3231 r.
848 3199 872 3247 g.
887 3198 947 3247 quos
966 3192 1093 3245 suspectos
1110 3183 1232 3240 habuisti,
1253 3185 1323 3247 qnasi
1342 3198 1402 3248 opus
1421 3194 1489 3235 tuum
1509 3194 1587 3237 astro-

227 3258 351 3305 nomicum
372 3254 438 3317 apud
456 3262 566 3302 nostrum
585 3256 720 3317 principem
738 3255 909 3317 impediverint
928 3251 986 3311 ac.)
1005 3253 1118 3302 similiter
1136 3254 1294 3316 publicarem.

319 3326 389 3389 Ego,
409 3333 437 3373 nt
456 3326 486 3373 de
506 3327 566 3374 meis
585 3327 686 3387 privatis
704 3326 777 3374 rebus
790 3327 911 3379 scribam.
932 3325 957 3372 in
975 3326 1083 3373 maximo
1096 3325 1165 3373 luctu
1177 3322 1245 3385 (rere
1258 3324 1386 3387 Heraleid)
1399 3341 1488 3376 versor.
1514 3328 1592 3377 Filius

230 3413 307 3455 nens,
329 3412 402 3460 quens
421 3396 548 3459 hucusque
567 3397 684 3452 educari,
704 3398 811 3452 institui.
830 3411 909 3444 mores
929 3398 982 3457 ejus
1000 3395 1102 3443 formavi
1122 3409 1152 3444 ac
1174 3398 1340 3446 exorbitantes
1362 3397 1449 3447 sedulo
1462 3400 1592 3449 emendari

231 3478 256 3519 et
271 3469 366 3531 judicio
386 3472 439 3529 ejus
455 3471 510 3530 jam
528 3468 596 3517 facto
616 3467 737 3516 adultiore
755 3469 780 3515 in
799 3470 840 3516 ria
857 3472 928 3516 recta
947 3466 1118 3515 confirmttum
1138 3469 1245 3529 sperari,
1265 3469 1285 3516 is
1304 3469 1401 3517 occulte
1419 3483 1484 3532 quae
1503 3471 1527 3518 in
1545 3472 1590 3519 mi·

228 3541 364 3590 nutioribus
383 3539 516 3603 aliquando
536 3542 609 3603 egit?
621 3553 687 3587 nunc
706 3540 731 3586 iu
751 3539 884 3600 majoribus
904 3538 1072 3595 continuarit3
1092 3552 1167 3602 reque
1186 3539 1327 3601 patefacta.
1346 3552 1403 3588 cum
1421 3539 1504 3590 dolere
1522 3542 1589 3592 vide·

230 3612 317 3666 batur.
336 3611 464 3674 'grandiori
484 3609 578 3658 scelere
598 3609 765 3658 accumulavit
783 3617 809 3659 et
825 3610 943 3674 perfugit.
980 3609 1037 3658 Jam
1060 3609 1099 3657 ubi
1119 3611 1151 3656 sit
1162 3610 1255 3664 nescio,
1273 3611 1389 3673 profugus
1409 3616 1455 3666 est,
1474 3611 1589 3672 exulent,

230 3684 254 3732 in
273 3689 435 3745 conspectum
453 3696 536 3730 meum
555 3695 700 3744 suorumque
720 3680 798 3730 redire
817 3689 843 3730 et
860 3681 959 3743 prodire
979 3695 1028 3728 uon
1047 3680 1131 3728 audet.
1170 3678 1272 3727 Utinam
1290 3678 1349 3728 mibi
1379 3682 1432 3744 quis
1450 3683 1589 3737 nunciaret,

230 3757 308 3817 ipsum
327 3756 367 3815 pie
388 3752 532 3801 defunctum
552 3757 577 3800 et
594 3750 727 3800 honorifice
746 3751 868 3816 sepultum
888 3766 951 3801 esse.
991 3750 1091 3799 Interim
1110 3765 1156 3814 ego
1175 3750 1225 3798 filio
1250 3764 1336 3806 careo,
1364 3751 1479 3801 baculum
1501 3766 1588 3802 senm-

230 3827 288 3873 tatis
301 3839 374 3872 meae
388 3825 466 3872 amisi.
495 3822 646 3884 Respublica
662 3823 739 3871 ciuem
759 3823 849 3879 amisit,
868 3823 964 3871 utinam
983 3821 1071 3870 haeres
1092 3831 1210 3871 aeternae
1228 3829 1346 3877 maneat.
1365 3837 1452 3885 meque
1470 3837 1590 3888 suamque

232 3904 310 3944 totam
330 3896 506 3958 cognationem
526 3909 574 3941 non
596 3895 679 3955 aliqua
699 3910 724 3942 re
742 3896 853 3942 inlamet.
881 3893 935 3952 Quo
955 3894 1037 3941 auimo
1050 3893 1103 3953 sim,
1122 3900 1193 3954 potes
1207 3894 1336 3954 conjicere.
1374 3892 1440 3943 Vere
1459 3894 1522 3953 dico,
1543 3910 1589 3961 ego

231 3969 268 4014 rix
286 3981 346 4028 prae
365 3966 490 4013 moestitia
509 3965 574 4027 apud
593 3979 632 4013 rae
651 3978 712 4013 sum.
735 3965 802 4013 Deus
821 3964 936 4026 adjuret!

322 4037 385 4085 l'ele
405 4038 505 4097 optime.
544 4039 632 4085 Actum
652 4036 728 4085 veloci
749 4036 845 4086 calamo
864 4032 975 4096 9.(19.)
994 4034 1050 4083 Oct.
1068 4030 1143 4083 1600.

833 4106 861 4154 Τ.
882 4106 911 4153 Τ.
1339 4106 1375 4156 M.

1287 4174 1323 4224 M.
1342 4176 1378 4225 M.
1397 4176 1433 4225 M.

323 4338 464 4400 Inscriptio:
494 4336 649 4396 Clarissimo,
678 4338 771 4399 pietate
790 4343 816 4385 et
834 4336 925 4399 insigni
944 4334 1081 4384 eruditione
1100 4335 1188 4383 eximio
1207 4334 1279 4390 Viro.
1306 4335 1337 4383 D.
1357 4334 1392 4384 M.
1412 4335 1435 4384 J.
1456 4335 1589 4401 Kepplero,

233 4410 414 4459 Mathematico
433 4410 593 4472 peritissimo,
619 4412 718 4473 ejusque
737 4411 761 4456 in
777 4408 861 4457 schola
880 4408 1026 4456 Graetzensi
1040 4406 1178 4462 ,Professori
1196 4407 1355 4456 celeberrimo
1374 4405 1417 4456 ac.
1438 4406 1545 4457 Domino
1564 4418 1590 4458 et

231 4483 318 4530 Amico
336 4496 380 4528 suo
398 4480 550 4528 honorando.
1418 4494 1419 4497 ¹

323 4551 493 4614 Suspicionem
512 4565 585 4615 quam
605 4550 697 4613 profert
709 4550 856 4599 Maestlinus
871 4550 918 4608 „de
931 4549 1008 4597 literis
1022 4549 1073 4596 suis
1085 4548 1256 4609 publicandis“
1271 4548 1373 4597 firmiter
1390 4549 1483 4598 refutat
1495 4548 1588 4612 Keple-

232 4638 286 4679 ras,
317 4637 396 4686 neque
419 4624 495 4685 ipsius
520 4624 607 4671 literae
626 4636 687 4685 quas
706 4624 758 4670 sine
777 4622 851 4670 dubio
870 4626 968 4683 spectat
986 4619 1134 4668 Messalinus
1154 4618 1190 4681 (d.
1211 4617 1235 4667 9.
1250 4618 1318 4682 Sept.
1333 4617 1413 4679 1600)
1432 4620 1509 4668 ullum
1532 4620 1589 4669 huic

231 4695 366 4757 suspicioni
385 4695 466 4741 locum
485 4694 605 4756 praebent
619 4690 714 4755 (Comp.
736 4692 790 4740 Vol.
805 4692 825 4739 1.
844 4707 868 4755 p.
883 4690 925 4741 al.
941 4688 996 4750 55).
1035 4690 1100 4749 Quid
1119 4689 1167 4737 lilio
1180 4689 1307 4739 Maestlini
1326 4691 1444 4739 acciderit
1456 4692 1588 4741 nescimus.

230 4765 260 4814 ln
278 4766 356 4813 literis
376 4765 408 4811 ad
421 4764 578 4813 Hernartum
597 4765 662 4813 datis
681 4760 1039 4826 (tt.Jnu.1603)Keplems
1057 4762 1091 4809 illi
1109 4763 1224 4809 nunciat:
1243 4760 1271 4808 lu
1291 4760 1481 4812 melancholiam
1493 4761 1588 4814 Maest-

229 4836 294 4885 lians
314 4835 401 4883 incidit
420 4836 450 4882 ob
468 4836 554 4899 fugam
573 4836 628 4891 lilii.
648 4850 720 4900 quem
740 4836 811 4896 alunt
829 4834 920 4883 alicubi
940 4832 1005 4895 apud
1023 4832 1133 4882 Jesuitas
1152 4832 1259 4881 latitare.

323 4905 478 4968 Keplerus
497 4906 628 4956 Decembri
657 4906 716 4955 anni
737 4902 801 4953 ltot
824 4903 985 4956 Maestlinum
1013 4905 1101 4953 iterum
1121 4901 1196 4959 adiit,
1225 4908 1312 4967 petens
1338 4908 1367 4952 nt
1391 4904 1437 4968 ipsi
1463 4906 1588 4955 mitteret:
1639 4922 1643 4927 ⁴

233 4997 331 5062 „ques
356 4987 387 5040 et
411 4986 485 5061 quot
507 4978 637 5060 eclipses
662 4978 709 5040 vel
733 4977 883 5041 invenerit
906 4976 937 5038 iu
960 4975 1112 5039 veteribus
1142 4975 1189 5037 vel
1220 4977 1451 5056 cornputaverit.
1490 4975 1588 5042 Cata·
