3692 5842
836 468 920 532 a..
937 469 970 520 v·
988 466 1014 518 ⁴·
1537 469 1601 538 sn

244 645 429 718 mulinas
448 645 588 716 semes
608 645 700 715 portio
728 645 758 702 in
786 645 874 702 medio
901 646 975 702 oculi
1003 648 1111 712 locata,
1141 649 1214 717 quod
1234 648 1290 703 scio
1310 648 1462 720 ingeniosis
1481 651 1603 708 maxims

244 734 422 806 pedena.
457 723 607 805 liquidam
630 723 727 786 beasti
747 744 813 799 nos,
836 744 854 787 o
869 725 1021 788 excellens
1036 734 1161 789 naturae
1175 735 1296 807 myssa,
1320 728 1373 789 lite
1391 728 1447 791 illa
1463 728 1603 806 diremts,

245 813 429 893 receptione.
445 829 485 876 an
508 811 669 874 emissione
692 813 747 876 bat
767 813 855 876 visio.
905 814 985 877 Nam
1009 815 1087 893 quod
1110 813 1196 876 multi
1218 815 1333 893 passim
1356 816 1405 879 vel
1419 817 1516 881 obiter
1533 827 1605 882 sunt

244 899 403 972 admirati,
436 900 486 964 rel
508 900 707 980 neglexerunt
729 901 825 964 visum
858 903 906 964 vel
934 902 1107 983 diligentius
1138 903 1288 964 excultum
1319 922 1374 982 per
1401 904 1545 967 invidiam
1574 914 1606 968 et

244 987 409 1054 mimam
430 988 548 1070 glorias
571 988 691 1052 divinae
715 989 867 1070 iujuriam,
891 991 993 1072 reique
1016 991 1097 1072 publ.
1122 992 1274 1054 literariae
1297 992 1437 1054 damnum
1461 994 1602 1073 privatim

243 1073 402 1142 asem
432 1076 622 1140 maluerunt:
655 1086 708 1140 aut
740 1079 981 1142 animcdversum
1010 1081 1128 1160 quidem
1157 1079 1258 1151 (utin
1283 1078 1603 1146 Sueviavietoresiu

243 1166 335 1230 doliis
358 1164 456 1228 sbditi
485 1164 694 1245 amplioribus,
723 1174 848 1246 patente
881 1168 989 1248 exiguo
1022 1163 1155 1248 osculo),
1180 1187 1238 1230 non
1267 1176 1391 1247 potuere
1424 1177 1525 1232 tamen
1548 1190 1603 1250 pro

243 1254 393 1335 dignitate
408 1254 553 1322 ¹tradere:
578 1261 611 1317 tu
634 1273 710 1316 unus
734 1264 766 1317 et
779 1256 1022 1318 animadvertisti
1046 1266 1078 1318 et
1091 1256 1268 1335 percoluisti
1287 1265 1320 1319 et
1337 1257 1489 1338 publicum
1503 1258 1603 1322 iecisti

243 1341 505 1422 condignitate:
531 1350 565 1404 ut
586 1360 640 1422 pro
663 1342 793 1406 scientia
816 1353 972 1414 elamore,
996 1346 1046 1425 qui
1069 1345 1097 1406 in
1123 1354 1154 1405 te
1179 1353 1227 1406 est
1240 1353 1366 1408 naturae
1382 1346 1602 1427 mysteriorum,

243 1431 445 1512 disputationi
458 1430 637 1494 utilissimae
652 1433 905 1495 accommodares.
943 1434 1051 1514 Itaque
1074 1433 1152 1514 quod
1177 1452 1224 1495 me
1247 1434 1367 1505 attinet,
1391 1434 1484 1496 babes
1503 1436 1602 1499 admi·

244 1531 379 1588 retorem
403 1520 690 1600 etprsedicatorem
713 1521 757 1583 tui
772 1522 899 1584 nominis
923 1540 981 1584 non
996 1521 1165 1601 ingratum:
1191 1522 1228 1582 de
1252 1522 1361 1584 ceteris
1385 1523 1491 1585 eadem
1505 1531 1603 1588 tecum

244 1628 347 1692 spera
385 1609 493 1689 Neque
514 1617 589 1688 puto
611 1608 660 1670 vel
683 1608 774 1672 aliter
796 1629 885 1691 posse
909 1611 1020 1672 rectius
1036 1610 1202 1672 confirmari
1221 1610 1423 1690 receptionem
1437 1610 1603 1688 specierum

243 1700 273 1763 iu
287 1697 387 1762 visum
410 1706 442 1760 et
459 1696 585 1762 refutari
599 1696 789 1760 emissionem
804 1699 952 1761 radiomm
976 1700 1028 1772 (de
1043 1696 1149 1778 quibus
1165 1699 1231 1759 vide
1243 1699 1431 1762 Macrobium
1455 1699 1505 1762 lib.
1527 1700 1600 1766 VII.

244 1785 477 1860 Saturnalium),
501 1786 580 1866 qnod
594 1785 713 1865 quidem
726 1789 878 1865 posterius
892 1788 1020 1849 Vitellio
1035 1788 1087 1850 lib.
1103 1787 1160 1849 111.
1186 1806 1215 1867 p.
1231 1785 1262 1850 5.
1287 1788 1453 1850 attentavit
1476 1796 1508 1848 et
1525 1788 1600 1850 Ari-

243 1875 375 1938 stoteles
399 1874 501 1937 libello
524 1875 562 1937 de
586 1872 730 1936 Sensibili
754 1895 820 1956 cap.
841 1874 872 1950 2,
897 1895 993 1955 neque
1018 1877 1082 1938 lore
1105 1894 1283 1956 quenquam,
1308 1877 1357 1954 qui
1380 1875 1429 1937 vel
1452 1875 1604 1940 tantillum

245 1963 376 2044 amplius
400 1963 593 2026 dubitaturus
615 1963 677 2025 sit:
709 1964 867 2026 dummodo
892 1966 1016 2028 fatalem
1040 1964 1210 2026 socordiam
1233 1964 1389 2025 excutiant
1411 1963 1603 2045 physicarum

243 2070 343 2116 rerum
374 2051 562 2130 professores
595 2058 627 2112 et
656 2051 731 2113 baec
764 2071 879 2133 quoque
912 2054 1042 2131 paucula
1079 2070 1263 2131 cognoscere
1295 2051 1467 2131 dignentur.
1523 2050 1602 2124 Quin

243 2141 337 2204 etiam
361 2159 401 2202 ex
423 2138 480 2201 boc
503 2148 555 2201 tuo
582 2138 704 2202 invento
732 2140 903 2221 philosophi
927 2141 963 2201 de
988 2142 1067 2215 luce,
1100 2142 1137 2202 de
1170 2139 1334 2214 coloribus,
1368 2141 1406 2201 de
1433 2140 1601 2220 perspicuo,

243 2229 358 2292 rectius
381 2247 471 2309 quam
499 2247 538 2290 ex
565 2227 735 2291 Aristotele
763 2229 968 2310 philosophari
1001 2230 1127 2291 discent.
1173 2228 1332 2290 Absurdus
1365 2236 1413 2291 est
1442 2228 1604 2292 Aristoteli

243 2313 346 2380 libello
363 2319 400 2380 de
421 2316 555 2379 sensibili
570 2317 780 2396 Empedocles,
797 2320 874 2397 quod
889 2340 1035 2399 χρωματα
1050 2316 1161 2380 dixerit
1178 2311 1355 2397 ἀποῤῥοιας.
1379 2317 1604 2380 Incommodum

244 2405 323 2469 euim
347 2412 456 2485 putat,
480 2404 627 2467 visionem
648 2405 713 2467 fieri
736 2425 802 2468 cum
826 2408 929 2468 oculus
953 2408 1065 2469 effluxu
1089 2427 1108 2467 a
1130 2405 1278 2468 coloribus
1302 2406 1384 2466 lacto
1408 2405 1602 2486 contingitur.

242 2495 287 2557 At
310 2493 341 2556 iu
364 2493 444 2556 banc
466 2501 550 2555 tuam
574 2492 732 2557 obscurem
754 2513 905 2557 cameram
929 2495 1092 2571 intueatur,
1116 2494 1232 2556 videbit
1253 2494 1399 2574 parietem
1413 2493 1508 2575 tangi,
1534 2493 1603 2575 quin

243 2583 335 2664 igitur
359 2582 463 2643 oculus
486 2582 570 2661 tangi
594 2583 715 2661 possit?
753 2581 850 2653 Quem
874 2602 946 2645 vero
970 2583 1035 2662 ipse
1054 2582 1217 2645 introducit
1239 2591 1351 2645 motum
1375 2581 1466 2644 medii
1489 2581 1604 2645 lactum

244 2693 263 2734 a
285 2670 438 2745 sensibili,
463 2670 489 2731 is
504 2689 599 2752 neque
622 2670 751 2751 intelligi
774 2680 877 2751 potest
891 2682 922 2734 et
936 2672 1005 2751 ipsa
1027 2672 1187 2734 emissione
1210 2672 1298 2750 longe
1317 2678 1367 2732 est
1380 2670 1603 2733 incommodior.

241 2761 287 2824 Ut
300 2768 432 2828 taceam
457 2759 536 2840 quod
558 2759 740 2839 diapbanum
764 2760 802 2822 ab
826 2779 861 2821 eo
885 2760 930 2823 sic
953 2760 1100 2836 definitur,
1125 2780 1161 2822 ac
1184 2759 1210 2821 si
1233 2768 1315 2822 esset
1334 2778 1402 2834 vox,
1426 2766 1460 2820 ut
1475 2758 1602 2839 loquun-

243 2858 301 2920 tur,
324 2846 459 2930 positive
481 2849 523 2910 rei
547 2845 585 2908 ad
601 2847 744 2911 visionem
760 2849 960 2923 necessariae,
984 2868 1049 2911 corn
1073 2849 1115 2912 sit
1137 2848 1288 2930 privativa
1310 2848 1354 2910 rei
1378 2846 1455 2910 visui
1474 2847 1602 2910 obstan·

244 2936 293 3013 tis,
319 2936 484 3016 opacitatis
503 2935 630 3009 scilicet,
654 2954 710 2998 nec
733 2934 801 2998 ideo
816 2938 997 3017 diapbanum
1021 2938 1133 3018 aliquid
1157 2936 1206 3011 sit,
1231 2935 1381 3017 quialuce
1397 2935 1602 3010 collustratur,

242 3024 296 3088 sed
316 3025 389 3107 quia
411 3024 631 3105 superficierum
654 3026 902 3106 confragositate,
927 3028 1027 3089 colore
1051 3035 1083 3088 et
1107 3045 1212 3088 crassa
1234 3023 1387 3087 densitate
1411 3033 1512 3099 vacat,
1536 3025 1604 3087 aine

243 3123 384 3195 respectu
408 3113 496 3175 lucis.
541 3113 607 3174 lmo
631 3114 682 3175 lux
705 3114 887 3177 collustrans
919 3115 1070 3195 pellucido
1100 3114 1259 3196 plurimum
1288 3112 1382 3175 allicit
1405 3112 1492 3175 visui.
1540 3111 1604 3176 Sed

245 3204 281 3265 de
303 3201 353 3266 bis
376 3220 469 3281 supra
491 3199 522 3262 in
544 3200 625 3263 netis
649 3202 687 3263 ad
711 3212 802 3282 caput
831 3203 969 3283 primum.
1017 3202 1159 3267 Ceterum
1183 3203 1219 3263 de
1243 3203 1331 3264 modo
1361 3200 1485 3264 visionis
1512 3201 1602 3282 paulo

245 3288 415 3354 accuratius
438 3289 530 3352 verbe
554 3299 616 3363 tua,
640 3290 744 3364 Porta,
768 3292 987 3354 consideranda
1010 3301 1089 3354 sunt.
1123 3302 1208 3368 Hinc,
1230 3290 1337 3371 inquis,
1362 3306 1455 3370 patet,
1485 3315 1602 3372 quonam

243 3393 292 3446 ist
310 3389 383 3445 risio
402 3389 482 3453 loon,
510 3387 542 3440 et
564 3386 671 3458 postea
695 3379 864 3460 explicans,
888 3390 1088 3456 intromittitur,
1116 3380 1228 3459 inquis,
1257 3389 1360 3444 idolum
1380 3405 1431 3458 per
1456 3388 1601 3459 pupillam,

244 3488 295 3550 per
318 3470 455 3530 foramen
478 3486 590 3540 ureae,
619 3479 760 3533 fenestrae
788 3479 930 3533 foraminis
955 3478 1059 3544 instem
1086 3482 1225 3552 vicemque
1251 3480 1360 3535 obtinet
1385 3477 1518 3540 tabulae,
1539 3493 1601 3548 cry·

245 3568 377 3624 stellinu
398 3567 537 3638 sphaerae
557 3566 659 3637 portic.
682 3556 765 3636 Ergo
789 3558 816 3618 si
842 3566 871 3617 te
896 3558 971 3619 bene
1000 3559 1102 3639 capio,
1126 3568 1159 3621 tu
1183 3560 1209 3621 si
1237 3556 1440 3637 interrogeris,
1463 3580 1516 3636 quo
1541 3565 1602 3620 loco

245 3646 318 3710 visio
338 3645 404 3721 liat,
427 3645 633 3724 respondebis,
656 3656 686 3710 in
706 3654 849 3725 superficie
870 3657 1028 3727 crystallini
1051 3668 1104 3709 ceu
1128 3648 1160 3710 in
1182 3646 1298 3710 tabula.
1327 3643 1418 3705 Dices
1433 3642 1513 3704 enim
1525 3642 1602 3703 visi-

246 3753 330 3798 onem
353 3753 392 3796 ex
415 3751 451 3796 eo
475 3732 610 3813 picturae
632 3752 742 3814 genere
767 3752 848 3808 esse,
872 3736 951 3813 quod
975 3736 1031 3798 boc
1055 3744 1107 3798 tuo
1129 3736 1228 3818 capite
1252 3741 1341 3795 sexto
1355 3729 1520 3805 tradidisti,
1544 3748 1600 3810 ego

245 3843 335 3906 supra
358 3840 426 3902 cap.
442 3817 484 3886 11.
508 3821 722 3885 demonstravi.
769 3823 805 3883 In
828 3821 878 3884 via
900 3843 975 3885 sane
999 3834 1029 3886 te
1052 3845 1120 3888 esse
1152 3832 1252 3907 patet,
1286 3841 1357 3884 nam
1379 3822 1486 3884 eadem
1509 3818 1603 3882 verba

245 3931 336 3994 snpra
355 3911 431 3974 Nro.
452 3908 484 3974 2.
508 3910 668 3991 usurpavi:
693 3911 732 3972 ad
754 3909 851 3972 locum
873 3929 946 3973 vero
970 3913 1152 3977 destinatum
1175 3912 1348 3993 pervenisse
1367 3910 1447 3971 band
1466 3907 1601 3972 dixerim.

246 3998 324 4064 Sane
348 3999 376 4062 si
399 3999 449 4062 bic
472 4018 594 4080 scopum
617 4000 708 4062 fixum
726 3999 832 4073 habes,
856 3999 882 4061 si
905 4021 964 4063 non
980 4004 1059 4064 ultra
1073 4001 1281 4084 crystallinum
1300 3998 1467 4072 descendis,
1493 3997 1601 4059 errasti

246 4089 406 4152 mutantia.
459 4087 640 4168 Respondes
664 4086 805 4168 quidem:
837 4099 866 4156 in
885 4101 987 4156 uostris
1008 4102 1107 4172 opticis
1127 4101 1215 4157 liuius
1236 4100 1408 4154 declaratum
1429 4102 1484 4152 est:
1524 4104 1600 4166 quse

248 4177 315 4242 mibi
339 4175 503 4257 diligenter
524 4176 668 4258 inquisita
681 4176 784 4240 videre
807 4198 866 4241 non
880 4179 1017 4259 contigit
1054 4177 1179 4242 Interim
1194 4177 1372 4259 coniecturis
1393 4194 1464 4237 usus
1483 4192 1597 4248 vereor,

247 4275 278 4330 ut
296 4267 349 4330 vel
370 4266 402 4329 in
425 4263 535 4346 opticis
558 4265 649 4327 lucris
672 4285 735 4327 rem
763 4265 861 4345 ipsam
884 4276 1051 4330 assecutus.
1096 4264 1177 4332 Nam
1204 4286 1257 4329 cur
1288 4266 1337 4327 hic
1369 4264 1452 4325 nulla
1483 4261 1599 4325 retrac-

246 4355 357 4420 tionum
380 4352 518 4418 mentio?
551 4373 616 4416 cum
640 4364 733 4433 caput
759 4352 808 4418 10.
833 4356 1024 4435 deputaveris
1048 4357 1243 4439 crystallinae
1267 4353 1356 4416 lentis
1380 4347 1597 4421 affectionibus,

247 4459 334 4526 caput
360 4442 412 4507 ll.
436 4442 581 4523 specillis,
606 4452 698 4524 caput
723 4439 773 4506 13.
797 4442 877 4522 pilae
892 4445 1104 4524 crystallinae:
1129 4465 1180 4508 cur
1203 4444 1251 4505 bic
1273 4441 1386 4503 nnllam
1409 4438 1498 4519 plane
1521 4435 1598 4497 visi-

247 4534 309 4598 onis
333 4531 415 4596 modi
438 4530 515 4594 facis
538 4532 743 4594 mentionem?
788 4531 830 4592 Et
852 4550 906 4611 per
930 4551 962 4593 se
986 4534 1117 4612 proclive
1142 4541 1204 4600 est,
1235 4530 1301 4590 viso
1325 4526 1451 4588 artificio
1471 4524 1524 4586 illo
1547 4531 1598 4585 tuo

248 4621 352 4704 cepitis
375 4620 419 4684 tui
443 4619 533 4695 sexti,
557 4622 662 4684 statim
686 4619 742 4681 hac
765 4619 960 4699 persuasione
981 4623 1129 4703 occupari,
1154 4618 1300 4682 visionem
1313 4614 1433 4696 penitus
1448 4613 1504 4675 hoc
1521 4610 1598 4673 arti-

248 4709 309 4776 icio
335 4709 450 4794 perfici.
497 4712 567 4790 Ipse
596 4728 667 4790 ego,
703 4708 838 4790 quamvis
872 4709 1025 4787 duplicato
1056 4709 1200 4780 artificio,
1234 4706 1375 4784 adjuncto
1408 4719 1514 4781 nempe
1545 4698 1599 4761 illo

248 4819 330 4883 prop.
352 4818 441 4862 meas
464 4796 518 4864 23.
542 4798 744 4880 praemissae,
778 4798 856 4878 quod
889 4817 908 4859 a
937 4807 966 4859 te
996 4819 1053 4862 non
1081 4806 1130 4861 est
1157 4796 1287 4858 relatum
1319 4792 1414 4872 (quod
1444 4787 1600 4851 confirmat

249 4905 342 4954 meam
364 4888 583 4972 suspicionem,
617 4905 683 4948 cum
715 4886 841 4949 visionis
875 4886 981 4948 modae
1014 4888 1078 4950 sine
1103 4906 1138 4949 eo
1166 4885 1354 4945 innotescere
1385 4897 1442 4941 non
1476 4874 1598 4957 possit),

249 4989 346 5044 tamen
374 4979 406 5042 in
434 4979 493 5040 bsc
519 4974 714 5057 persuasione
746 4975 857 5037 multus
883 4975 942 5044 fui,
972 4975 1119 5039 visionem
1146 4992 1204 5037 non
1237 4988 1305 5032 esse
1338 4968 1496 5049 quicquam
1513 4961 1599 5028 ,aliud
