3692 5842
348 453 415 525 252
820 456 1011 522 Paralipomsua
1028 458 1054 509 io
1072 456 1241 510 Vitelliousm.

346 634 436 708 Quod
459 644 560 697 autem
583 633 614 695 id
637 635 672 695 fit
694 653 751 695 non
772 635 801 697 in
821 659 846 696 o
870 634 997 697 termino
1022 633 1167 697 cititimae
1191 635 1427 711 intersectionis,
1451 643 1616 700 causaest
1637 638 1708 717 qnia

346 725 479 787 citimam
502 724 744 785 intersectionem
767 748 792 785 o
816 724 950 785 efficiunt
973 746 1029 797 oo,
1049 724 1094 800 βω
1118 725 1195 787 radii
1219 744 1238 785 a
1262 724 1408 787 lateribus
1431 725 1560 788 debilius
1585 726 1706 805 allapsi,

346 814 416 894 quia
438 814 467 875 in
501 831 612 892 magna
643 813 846 874 refractione:
881 813 978 875 locum
1009 830 1081 874 vero
1115 812 1259 876 sectionis
1288 838 1312 874 ω
1345 813 1374 875 io
1407 832 1524 895 papyro
1558 826 1708 895 occupant

345 902 438 964 etiam
462 900 540 964 radii
563 900 713 980 (ejusdem
739 901 865 963 lucentis
889 920 943 980 per
965 900 1086 980 globum
1115 902 1234 981 puncti)
1263 903 1356 964 ceteri
1381 902 1510 965 nondum
1540 902 1706 977 intersecta',

345 991 464 1052 collecti
488 1000 588 1051 tamen
608 999 640 1050 et
663 990 746 1064 clari,
772 990 872 1070 itaque
897 989 1043 1052 collectos
1068 991 1108 1051 ad
1130 992 1295 1053 sectionem
1310 1015 1335 1052 ro
1359 990 1533 1054 obliterant.
1571 992 1707 1073 Denique

345 1080 412 1142 coni
436 1078 594 1141 venientes
617 1078 656 1139 ab
680 1079 749 1140 aliis
772 1078 890 1158 punctis
914 1079 957 1140 rei
981 1079 1109 1141 lucentis
1138 1087 1209 1143 sunt
1236 1078 1362 1142 latiores
1386 1079 1494 1150 adhuc,
1518 1088 1553 1142 ut
1573 1081 1622 1144 bic
1642 1108 1662 1156 r,
1682 1106 1706 1156 κ,

346 1177 377 1231 et
399 1179 519 1249 partem
543 1167 602 1228 Ioci
626 1167 703 1229 alter
727 1168 851 1231 alterius
875 1175 1034 1248 occupant,
1059 1167 1236 1249 pariuntque
1261 1170 1475 1231 confusionem.

435 1255 550 1321 Contra
583 1256 611 1317 in
646 1257 859 1319 intersectione
892 1266 1048 1338 postrema
1080 1272 1106 1337 ψ
1137 1258 1223 1320 multi
1260 1256 1336 1319 radii
1369 1258 1408 1319 ab
1445 1256 1553 1319 eodem
1590 1256 1706 1319 lucente

345 1352 466 1429 puncto,
489 1344 624 1425 proxime
648 1346 904 1409 circumsistentes
928 1345 1206 1427 perpendicularem
1231 1346 1427 1410 fortissimum
1447 1362 1510 1423 ψω,
1534 1356 1647 1407 coeunt
1668 1348 1707 1408 ad

340 1435 435 1497 ¹urmm
458 1440 601 1514 punctum
617 1452 670 1513 per
688 1434 738 1498 15.
763 1436 969 1516 praemissam,
995 1443 1028 1496 ‘et
1048 1436 1117 1517 quia
1136 1435 1204 1497 coni
1221 1435 1371 1497 attenuati
1389 1444 1462 1497 sunt
1481 1435 1512 1497 in
1536 1454 1704 1510 mucrones,

346 1524 458 1585 nnllam
495 1522 628 1585 alienam
664 1524 818 1603 regionem
855 1533 1022 1605 occupant:
1057 1535 1091 1586 ut
1122 1524 1167 1585 ita
1204 1523 1324 1604 singula
1360 1532 1473 1602 puncta
1513 1522 1644 1586 seorsim
1676 1534 1707 1586 et

348 1612 490 1674 distincto
513 1611 685 1691 pingantur.
732 1613 928 1675 Solummodo
952 1613 1029 1675 radii
1052 1613 1145 1693 aliqui
1168 1621 1335 1675 ceterorum
1358 1613 1388 1675 iu
1412 1632 1444 1676 re
1468 1611 1584 1674 visibili
1606 1631 1703 1693 pono·

345 1709 443 1764 torum
472 1700 658 1773 allabuntur.
688 1701 741 1763 sed
770 1703 833 1782 jam
864 1701 1022 1764 intersecti
1045 1711 1077 1765 et
1099 1701 1276 1776 debiliores,
1307 1710 1340 1764 ut
1362 1702 1388 1763 si
1413 1720 1506 1764 conus
1530 1700 1610 1763 alius
1636 1702 1704 1763 ins

344 1789 574 1864 terminaretur;
599 1799 703 1852 essent
725 1790 816 1870 igitur
839 1792 944 1852 eodem
968 1791 1034 1853 loco
1057 1801 1163 1854 vertex
1187 1791 1256 1852 novi
1276 1799 1308 1853 et
1329 1790 1512 1853 intersectus
1532 1811 1569 1867 ην
1593 1790 1704 1852 veteris

343 1879 431 1941 coni:
466 1878 530 1961 qui,
556 1878 582 1940 si
605 1897 664 1959 qua
687 1888 736 1940 est
759 1879 788 1941 in
812 1880 868 1941 hac
901 1880 1020 1960 pictura
1042 1880 1188 1955 confusio,
1223 1898 1289 1941 earn
1317 1880 1447 1963 pariunt.
1495 1880 1600 1957 Imago
1634 1898 1703 1941 vero

345 1987 455 2030 eversa
483 1974 533 2029 est
562 1987 621 2029 non
649 1968 687 2029 ob
720 1969 866 2032 transitos
898 1968 1041 2032 terminos
1073 1968 1319 2033 intersectionem
1358 1968 1505 2031 hactenns
1537 1967 1704 2047 explicatos

346 2064 416 2119 ante
440 2056 565 2129 vitrum,
598 2058 652 2118 sed
676 2057 747 2138 quia
769 2065 910 2137 punctum
939 2058 1094 2140 quodlibet
1116 2058 1158 2121 rei
1184 2057 1329 2130 visibilis,
1362 2057 1654 2137 perpendiculariter
1676 2058 1703 2120 iu

342 2147 504 2226 sphaeram
528 2145 662 2221 radians,
686 2166 754 2208 sese
772 2146 934 2209 fortissimo
955 2166 1030 2209 cono
1049 2157 1121 2229 post
1141 2146 1251 2209 vitrum
1269 2146 1387 2226 plngit3
1412 2147 1489 2209 unde
1508 2147 1551 2220 fit,
1574 2155 1610 2207 ut
1632 2167 1704 2209 axes

345 2254 485 2297 concrum
500 2250 551 2316 ψω
565 2234 595 2297 in
620 2242 722 2298 centro
746 2237 893 2315 sphaerae
909 2254 976 2298 seso
996 2234 1190 2311 interserent,
1214 2235 1272 2313 ipsi
1295 2236 1510 2298 refractionem
1525 2254 1584 2298 non
1607 2237 1701 2317 passi

345 2323 430 2386 Haec
453 2330 502 2385 est
524 2325 654 2404 geonica
676 2346 770 2387 causa
797 2324 975 2387 inversionis
1007 2326 1157 2405 picturae,
1190 2344 1266 2404 qnae
1290 2324 1324 2385 fit
1348 2346 1367 2385 a
1390 2325 1522 2404 sphaera
1554 2325 1702 2398 densiore,

344 2413 464 2494 qnando
488 2434 526 2474 ea
548 2433 605 2475 non
630 2413 743 2492 tegitur
766 2415 866 2494 aliquo
890 2414 997 2488 solido,
1021 2416 1126 2478 relicto
1151 2414 1306 2476 foramine.

433 2500 651 2581 Propositio
673 2502 762 2564 XXI.
809 2503 1104 2584 Propinquarum
1127 2522 1250 2565 rerurn
1272 2502 1447 2582 picturae
1476 2500 1580 2564 locus
1605 2513 1702 2565 esta

343 2591 442 2654 vitro
466 2589 662 2665 remotior,
687 2601 912 2653 remotarum
936 2595 1097 2673 propior.
1136 2594 1229 2654 Patet
1251 2589 1351 2670 perf.
1376 2589 1566 2651 corollarium
1582 2610 1629 2671 pr.
1656 2589 1701 2655 16.

343 2680 528 2763 praemissae
552 2689 584 2741 et
612 2699 666 2760 per
698 2682 896 2760 praemissam
920 2679 972 2745 20.
1020 2680 1109 2754 Quod
1142 2680 1263 2743 notabit
1292 2677 1481 2741 machinator
1511 2680 1641 2761 aliquis,
1671 2692 1703 2743 ut

343 2770 438 2831 multa
461 2768 491 2831 in
520 2768 576 2831 hoc
605 2767 680 2831 libro
713 2769 784 2831 alia.
832 2769 965 2832 Probare
994 2780 1083 2851 potes
1113 2772 1149 2833 de
1179 2770 1227 2830 die
1262 2769 1367 2842 etiam,
1401 2787 1531 2830 accensa
1564 2770 1702 2842 candela,

343 2877 418 2938 quae
442 2875 532 2936 super
554 2876 698 2940 papyrum
723 2860 829 2921 ardere
852 2858 1013 2931 videbitur,
1037 2861 1063 2922 si
1082 2880 1119 2921 ea
1142 2858 1277 2938 legitime
1301 2858 1482 2919 collocetur:
1508 2859 1589 2937 qnod
1613 2878 1703 2939 supra

342 2966 381 3008 ex
402 2947 498 3008 Porta
520 2946 582 3008 dixi
605 2966 707 3008 verum
731 2967 798 3009 esse
823 2948 852 3009 in
876 2948 933 3011 hoc
956 2950 1091 3029 picturae
1115 2947 1257 3026 negotio:
1283 2955 1316 3009 at
1339 2944 1447 3007 nonio
1472 2944 1525 3008 illo
1548 2947 1700 3027 imaginis,

348 3054 403 3097 nec
428 3035 456 3095 in
481 3041 562 3109 aere,
586 3037 640 3097 sed
663 3056 753 3115 snper
775 3038 902 3116 pariete.

432 3124 649 3203 Propositio
672 3125 774 3188 XXII.
820 3127 920 3187 Haec
950 3126 1101 3206 pictura
1132 3124 1413 3205 proportionem
1446 3124 1593 3185 retinet
1615 3146 1701 3187 suae

342 3211 562 3277 distantiae.
619 3215 697 3276 Nam
729 3215 1026 3295 perpendicularibus
1059 3214 1225 3277 irretractis
1258 3213 1287 3274 in
1319 3222 1424 3275 centro
1456 3215 1702 3277 concurrentibus

341 3300 533 3382 potissimum
555 3304 723 3367 deliceatnr
745 3322 799 3384 per
818 3301 870 3367 20.
895 3304 1103 3385 praemissam.
1142 3302 1178 3366 Id
1202 3303 1407 3382 experimento
1430 3308 1525 3381 patet
1564 3300 1700 3366 Candela

344 3392 469 3455 admota
491 3402 523 3454 et
545 3392 706 3455 recedente
729 3393 795 3454 loco
818 3393 955 3472 picturae
978 3393 1096 3474 pictura
1120 3391 1230 3454 crescit
1253 3400 1285 3453 et
1308 3399 1423 3453 contra.

430 3480 650 3560 Propositio
682 3481 802 3544 XXIII.
857 3478 944 3545 Com
977 3482 1122 3555 tabula,
1164 3480 1371 3543 fenestella
1407 3489 1558 3559 patens,
1593 3482 1701 3560 globo

342 3569 523 3651 objIcitur
544 3570 647 3631 inter
670 3570 853 3634 terminos
876 3572 1085 3633 sectionum
1113 3570 1394 3650 parallelorum,
1425 3578 1461 3629 et
1485 3568 1702 3632 fenestella

341 3659 454 3739 globo
478 3666 536 3720 est
558 3659 773 3739 angustior:
806 3660 961 3739 pictura
988 3661 1167 3723 maxImae
1199 3659 1323 3739 partis
1346 3658 1390 3717 de
1419 3656 1701 3738 hemisphaerio

341 3748 543 3827 projicitur
568 3748 600 3808 in
625 3767 819 3829 papyrum,
853 3768 942 3827 qnae
975 3757 1059 3828 post
1090 3749 1234 3827 globum
1259 3748 1296 3809 in
1324 3747 1483 3807 termino
1517 3748 1701 3813 intersec-

342 3836 458 3898 tionis
482 3836 639 3899 ultImae
663 3837 823 3899 lucentis
847 3839 976 3916 puncti
1000 3838 1189 3901 radiorum
1219 3836 1416 3899 collocata
1438 3836 1500 3898 sit.
1547 3837 1704 3904 Pictura

342 3942 476 3986 eversa
500 3935 577 4002 est,
603 3929 665 3988 sed
689 3926 889 4006 purissima
913 3926 949 3987 in
973 3927 1092 3989 medio
1116 3935 1153 3988 et
1175 3924 1481 3988 distinctissime.
1528 3926 1632 3990 Tanta
1655 3936 1703 3990 est

341 4011 447 4076 lterum
470 4033 567 4077 rerum
591 4016 725 4077 varietas
744 4024 778 4076 et
800 4013 926 4077 subinde
947 4016 1014 4077 novi
1039 4017 1118 4095 quid,
1144 4024 1177 4077 ut
1191 4015 1248 4077 uisi
1273 4014 1494 4077 attentissimus
1513 4016 1605 4079 facile
1628 4036 1701 4079 con-

342 4102 494 4165 fundatur.
507 4103 540 4177 *)
578 4105 724 4185 Adeoque
749 4121 806 4185 ego
821 4122 937 4184 quoque
961 4104 1132 4166 diutissime
1147 4104 1240 4179 baesI,
1264 4104 1334 4164 dnm
1353 4103 1539 4165 diversorum
1552 4106 1702 4170 rationem

341 4193 467 4254 eandem
492 4211 561 4253 esse
585 4193 657 4255 mihi
679 4192 860 4273 persuadeo.
907 4193 958 4255 Sit
981 4202 1085 4255 centro
1108 4195 1138 4255 A
1161 4193 1268 4273 globus
1295 4211 1392 4273 aquae
1415 4191 1485 4266 BC,
1510 4194 1558 4255 cni
1582 4196 1704 4276 objecta

533 4349 645 4357 ’.-

429 4443 455 4510 ‘l
476 4445 553 4515 Ergo
574 4444 664 4499 lucem
684 4444 845 4499 nonnullam
865 4454 994 4515 petamus
1014 4461 1032 4498 a
1045 4445 1180 4499 methodo.
1210 4445 1276 4498 Alia
1297 4444 1384 4498 forma
1405 4445 1602 4501 seductionum
1623 4448 1700 4520 globi

339 4531 392 4589 est
414 4524 513 4596 quibus
535 4523 669 4594 decipitur
689 4524 764 4578 vistis
786 4526 822 4578 ud
852 4526 903 4579 sibi
932 4525 1111 4597 imaginando
1137 4525 1298 4588 simulacra,
1325 4542 1396 4597 quae
1425 4543 1524 4580 revera
1554 4545 1609 4581 non
1637 4537 1701 4583 sunt

341 4603 489 4676 (imagines
510 4602 640 4667 diximus)
662 4604 816 4675 dequibus
836 4622 916 4675 prop.
940 4606 966 4659 7.
989 4606 1125 4676 prioribus
1146 4613 1175 4659 et
1195 4623 1274 4676 prop.
1295 4606 1337 4659 Π.
1365 4605 1408 4659 18.
1438 4607 1505 4661 Alia
1525 4607 1591 4662 item
1614 4610 1700 4663 forma

339 4683 543 4748 moenum,
566 4684 663 4756 quibus
685 4685 839 4739 formantur
858 4701 950 4739 rerum
971 4685 1096 4755 picturae
1118 4687 1227 4739 reales:
1249 4694 1278 4739 et
1295 4687 1348 4739 has
1370 4686 1477 4756 quidem
1499 4689 1614 4744 duorum
1634 4699 1699 4743 sunt

338 4779 481 4838 generum,
503 4767 639 4836 quaedam
659 4764 812 4837 pinguntur
833 4780 851 4818 a
870 4765 956 4835 globo
978 4768 1057 4828 nudo,
1079 4768 1113 4819 de
1134 4766 1232 4836 quibus
1253 4783 1280 4835 p.
1307 4765 1350 4819 19.
1366 4767 1413 4821 20.
1429 4767 1477 4821 21.
1494 4768 1541 4829 22.
1563 4770 1697 4840 quaedam

339 4858 359 4898 s
377 4844 463 4916 globo
484 4852 568 4908 tecto,
589 4853 703 4916 praeter
723 4846 856 4918 exiguam
878 4844 1069 4909 fenestellam,
1091 4849 1124 4900 do
1146 4848 1243 4917 quibos
1264 4863 1291 4915 p.
1315 4846 1361 4899 2³.
1405 4848 1474 4900 Nam
1500 4848 1694 4905 seductionum

340 4922 412 4978 sitm
433 4933 588 4996 spparatus
608 4932 660 4980 est
702 4926 782 4989 Quae
802 4941 869 4979 vero
891 4933 957 4978 suut
976 4926 1013 4979 sb
1028 4928 1055 4980 8.
1079 4927 1106 4981 io
1131 4928 1175 4981 16.
1197 4943 1350 4980 communes
1372 4935 1445 4992 sunt,
1467 4930 1502 4981 de
1523 4929 1694 4986 amoui-
