3692 5842
345 483 411 554 266
821 491 1012 558 Paralipomsua
1028 492 1056 544 iu
1071 489 1238 544 Vitellium

346 683 457 731 uacare
476 667 577 747 jusso:
603 686 679 748 quae
701 667 780 730 ratio
803 668 929 749 primum
953 688 973 730 a
997 668 1138 752 'l'ycbone
1166 674 1315 749 usurpata
1342 667 1431 730 aride
1457 671 1587 745 recepta
1615 669 1706 726 ssta

345 757 602 835 Landgraviania,
633 764 666 818 et
688 774 798 837 magno
820 777 885 820 cum
910 758 1110 820 emolumento
1139 757 1397 832 observationum,
1425 753 1573 818 vids'lrb.
1597 753 1623 816 1.
1646 750 1703 832 Ep.

347 844 400 908 iol.
424 842 457 908 3.
496 844 533 906 111
558 844 676 925 quidem
701 845 813 907 lormae
836 845 1063 926 Landgraviani
1086 846 1276 909 instrumenti
1298 844 1402 926 Tyclro
1425 840 1524 906 1116.
1549 840 1706 904 metuebat

344 952 384 996 ne
406 933 515 995 similis
538 942 624 995 esset
647 935 781 995 certanti
805 954 859 998 suo
882 936 1010 1014 primum
1033 942 1160 1013 parato:
1194 935 1249 997 sed
1277 932 1449 997 detenditur
1480 931 1535 993 iol.
1559 928 1616 994 22
1639 930 1705 1010 ejus

344 1022 492 1084 certitudo
517 1042 536 1082 a
559 1022 762 1101 Landgravio.
808 1022 851 1085 Et
872 1024 966 1086 refert
989 1024 1039 1085 111.
1065 1019 1116 1086 28.
1142 1022 1352 1086 Rothmannns
1375 1020 1512 1102 Tycboui
1534 1027 1705 1082 ceterorum

345 1109 503 1191 genuinam
527 1111 661 1186 sormam,
686 1130 763 1191 quae
782 1113 891 1174 ellectu
906 1111 1094 1194 Tychonicae
1118 1111 1321 1192 aequipollet:
1344 1110 1374 1171 in
1397 1109 1455 1172 boc
1477 1108 1579 1170 solum
1594 1107 1706 1179 differt,

344 1198 424 1279 quod
446 1198 477 1259 in
492 1198 661 1280 Tychonico
685 1207 824 1262 sextante
847 1200 1074 1262 observatorum
1096 1207 1222 1279 uterque
1245 1199 1291 1263 sni
1312 1197 1476 1278 pinnacidii
1496 1196 1584 1258 rimis
1597 1195 1705 1276 paral-

345 1285 414 1349 ielis
437 1285 563 1347 eundem
586 1286 752 1368 cylindrum
775 1288 804 1349 in
827 1296 932 1350 centro
954 1288 1145 1350 instrumenti
1174 1288 1380 1369 amplectitur,
1412 1287 1444 1348 in
1468 1283 1705 1364 Landgraviano

345 1373 473 1456 quilibet
494 1393 580 1437 suum
603 1375 669 1436 loco
701 1375 787 1438 nnius
819 1376 964 1457 cylindri,
998 1375 1198 1455 pinnacidium
1229 1375 1409 1456 parallelum
1438 1374 1533 1456 paulo
1555 1392 1576 1434 a
1599 1381 1705 1433 centro

344 1470 504 1526 remotum.
550 1464 657 1543 Itaque
687 1464 789 1546 'lycho
821 1465 872 1527 fol.
898 1461 951 1529 38.
981 1465 1020 1526 ad
1043 1464 1286 1543 Landgravium,
1319 1459 1428 1526 1161.
1452 1456 1506 1525 62.
1539 1459 1581 1523 ad
1604 1459 1705 1522 Rou-

347 1569 488 1614 mannum
511 1550 670 1630 plurimum
692 1553 847 1616 collaudat
869 1560 901 1614 et
924 1554 1049 1615 formam
1073 1560 1105 1614 et
1126 1553 1258 1633 ipsomm
1272 1551 1460 1615 industriam.
1498 1550 1588 1612 Haec
1602 1548 1705 1630 itaque

346 1640 416 1703 loca
438 1648 510 1701 sunt
530 1638 560 1700 ei
582 1640 780 1714 consulenda,
814 1641 863 1722 qni
891 1641 1072 1721 specialiora
1102 1640 1257 1704 desiderat
1287 1641 1325 1703 de
1357 1638 1540 1702 observandi
1573 1637 1704 1700 ratione

345 1728 427 1790 Vide
451 1736 483 1789 et
505 1727 684 1789 Meshanica
706 1729 856 1810 Tychonis
880 1730 951 1791 11111
974 1731 1003 1790 Η
1025 1727 1056 1792 5.
1075 1760 1117 1772 -
1143 1730 1245 1811 Atque
1268 1730 1344 1791 baec
1366 1746 1422 1790 nos
1449 1728 1535 1790 visus
1565 1733 1704 1788 centrum

345 1816 502 1878 admonuit
525 1816 563 1877 de
587 1815 848 1879 observationibus
872 1817 1093 1881 astronomicis.

433 1903 532 1966 Multo
554 1902 641 1966 nobis
664 1904 836 1984 diligentins
860 1914 909 1968 est
932 1906 987 1968 boc
1010 1907 1093 1968 visus
1117 1905 1258 1967 accidens
1281 1904 1459 1977 notandum,
1484 1921 1541 1965 cur
1562 1902 1704 1964 omnibus

343 1993 422 2056 adeo
449 1992 619 2056 bominibus
647 2010 841 2074 quaecunque
873 1995 973 2057 lucida
1001 2002 1074 2056 sunt
1105 1995 1221 2075 majora
1250 2001 1420 2073 appareant
1439 1992 1472 2054 in
1494 1992 1703 2071 proportione,

341 2100 433 2164 quarn
457 2099 534 2162 quae
557 2089 629 2143 sunt
646 2081 737 2161 juxta
759 2082 860 2162 posita
891 2083 989 2145 minus
1017 2083 1126 2146 lucida
1173 2082 1294 2143 Etenim
1326 2082 1358 2143 in
1385 2080 1483 2159 prima
1512 2079 1564 2141 vel
1598 2079 1705 2142 ultima

339 2169 429 2251 phasi
442 2170 549 2231 Lunae
572 2188 664 2232 cornu
686 2169 816 2232 lucidum
838 2171 927 2250 longe
947 2172 1084 2252 ampliori
1107 2170 1219 2234 circulo
1242 2169 1341 2232 claudi
1363 2167 1492 2242 videtur,
1518 2186 1612 2249 qnam
1630 2168 1703 2230 reli·

342 2277 433 2341 quum
456 2276 564 2336 corpus
596 2257 706 2320 iumine
731 2259 859 2321 Telluris
891 2260 1074 2322 illustratum
1108 2268 1140 2321 et
1169 2258 1338 2321 clarissime
1366 2257 1571 2336 conspicuum
1621 2256 1704 2319 Idem

341 2364 421 2410 anno
448 2342 545 2410 1603.
572 2341 624 2408 14.
648 2342 702 2409 24.
726 2347 812 2418 Μ111,
836 2347 864 2408 11
889 2348 996 2428 eclipsi
1019 2348 1139 2410 Lunae:
1166 2347 1286 2427 quidam
1309 2346 1387 2408 enim
1409 2344 1477 2405 1111
1499 2344 1703 2424 comproben-

340 2436 413 2499 dere
436 2442 579 2515 poterant
592 2435 758 2515 marginem
772 2436 868 2514 partis
883 2437 1073 2511 obscuratae,
1098 2435 1233 2517 quemuis
1256 2435 1324 2514 plus
1338 2434 1431 2496 tertia
1447 2441 1538 2513 parte
1552 2434 1702 2496 mutaret:

342 2524 484 2587 dixerunt
505 2523 597 2604 igitur
611 2522 757 2585 obscurae
771 2524 868 2603 partis
883 2525 1024 2587 circulum
1040 2524 1252 2605 angustiorem.
1277 2522 1366 2586 Anno
1383 2518 1479 2585 1600.
1504 2521 1537 2584 7.
1567 2520 1621 2584 17.
1635 2522 1703 2584 Au·

342 2612 424 2693 gusti
452 2610 572 2693 uesperi
601 2611 663 2673 vidi
686 2613 805 2675 Lunum
827 2612 903 2674 hora
925 2632 984 2675 nna
1007 2620 1077 2674 ante
1100 2631 1185 2675 suum
1212 2630 1353 2674 occasum
1376 2629 1443 2673 cnm
1466 2609 1560 2672 eorde
1583 2608 1703 2690 Scoupii

341 2699 500 2782 conjungi:
534 2699 761 2778 ingrediebatur
783 2719 873 2781 super
895 2721 948 2765 cor
970 2700 1198 2782 septentrionali
1230 2709 1331 2780 parte,
1366 2708 1400 2761 11
1422 2698 1510 2779 quasi
1534 2699 1632 2761 tertia
1652 2718 1703 2776 aar

341 2809 434 2867 τομης
456 2806 528 2868 pars
551 2806 643 2866 supra
666 2808 716 2851 cor
730 2790 883 2864 emineret,
908 2808 1033 2870 cumque
1057 2790 1163 2869 exigno
1187 2790 1321 2852 differret
1344 2788 1440 2850 sectio
1464 2787 1704 2861 annulinus,

342 2876 398 2942 Sol
421 2878 499 2939 enim
522 2876 553 2938 in
577 2872 693 2953 25⁰q;
725 2878 820 2940 multo
850 2886 952 2940 tamen
985 2877 1076 2940 latior
1103 2878 1263 2941 videbatur
1289 2877 1435 2957 trajectus
1457 2874 1559 2955 partis
1584 2875 1704 2939 lucidas

341 2965 394 3029 iilo
416 2967 493 3041 loco,
519 2983 607 3046 quam
631 2964 778 3027 distantia
800 2966 909 3028 stellae
933 2987 951 3027 a
974 2966 1118 3029 sectionis
1142 2966 1230 3029 linea
1267 2965 1351 3027 llaec
1374 2965 1405 3027 in
1429 2964 1601 3027 confinibus
1624 2962 1702 3046 Sty·

340 3053 404 3117 riae
428 3062 460 3115 11
483 3048 696 3132 Ungariae,”)
719 3054 774 3116 alt.
797 3055 858 3135 poli
882 3051 924 3118 47
932 3050 965 3135 'l
976 3050 997 3117 ⁰.

431 3140 491 3213 Qui
515 3149 587 3204 sunt
609 3141 749 3204 imbecilli
772 3144 839 3204 visu
866 3151 899 3204 et
929 3142 977 3222 qni
1006 3142 1083 3204 alias
1116 3141 1154 3203 ad
1187 3149 1304 3205 remota
1331 3141 1521 3213 caecutiunt,
1551 3158 1612 3220 pro
1643 3158 1703 3202 una

341 3231 430 3312 pbasi
453 3231 555 3292 decem
579 3230 718 3309 phasinm
741 3231 898 3293 cristatam
922 3231 1031 3293 seriem
1054 3230 1112 3293 sibi
1134 3229 1354 3310 imaginantur:
1385 3230 1476 3291 iidem
1501 3229 1622 3291 eminus
1645 3229 1701 3291 ho·

341 3320 437 3384 mines
460 3319 628 3398 conspicati
660 3337 727 3380 cum
756 3319 893 3382 candidis
916 3319 1089 3393 collaribus,
1122 3319 1216 3381 iacies
1238 3317 1406 3391 bominum,
1440 3317 1506 3379 sine
1538 3317 1598 3379 boc
1630 3336 1702 3381 casu

340 3410 418 3472 satis
442 3407 614 3480 evidentes,
647 3426 705 3469 non
733 3407 948 3471 internosount
996 3408 1031 3469 ln
1059 3407 1230 3488 pleniluniis
1262 3405 1412 3468 interdum
1444 3425 1500 3467 usu
1534 3406 1635 3481 uenit,
1669 3415 1703 3467 ut

340 3498 442 3560 videre
466 3504 517 3557 est
538 3496 569 3556 in
584 3496 846 3558 observationibus
861 3496 1021 3578 Tychoms
1046 3504 1080 3557 nt
1095 3495 1221 3577 quinque
1245 3495 1292 3557 vel
1317 3512 1372 3555 sex
1386 3493 1558 3557 hominibus
1573 3494 1703 3556 eandem

339 3587 458 3648 Lunam
482 3583 714 3645 observantibus
736 3603 790 3664 pro
814 3585 957 3664 cujusque
981 3584 1063 3646 visus
1087 3583 1251 3645 acrimonia
1268 3583 1408 3645 diametri
1427 3601 1538 3644 census
1561 3601 1582 3643 a
1606 3578 1646 3645 31
1673 3582 1702 3642 in

340 3670 383 3737 36
407 3672 522 3734 minuta
545 3671 743 3750 vagabundus
766 3680 965 3734 excresceret.
1012 3671 1099 3743 Quae
1122 3673 1198 3733 aden
1221 3671 1386 3750 praecipua
1408 3670 1446 3730 de
1465 3671 1556 3732 Luna
1578 3669 1703 3751 querela

340 3768 398 3822 est.
445 3762 535 3822 Anno
562 3756 657 3828 1591,
681 3758 735 3822 22.
760 3761 848 3822 Febr.
873 3758 1255 3833 1111221··1111111111,
1280 3758 1328 3821 bis
1353 3757 1405 3829 31,
1430 3759 1532 3820 sexies
1547 3756 1604 3831 32,
1628 3776 1702 3838 sep·

340 3847 400 3909 ties
424 3845 478 3921 33,
502 3846 602 3908 sexies
626 3844 678 3921 34,
703 3849 797 3909 semel
820 3845 872 3909 36.
910 3849 945 3909 lu
970 3850 1124 3927 eclipsium
1147 3849 1250 3910 Lunae
1273 3847 1444 3928 primordiis
1467 3846 1551 3918 mibi,
1574 3848 1628 3928 qni
1647 3848 1703 3909 boc

340 3935 415 3997 vitio
440 3935 554 4006 laboro,
577 3936 704 4013 primum
724 3935 852 3997 omnium
868 3936 1004 3998 delectus
1019 3937 1266 3998 animadvertitur
1279 3946 1371 4015 atque
1391 3934 1485 3997 etiarn
1499 3936 1606 4015 plaga,
1627 3935 1704 3998 11111

339 4023 483 4104 ingruant
505 4022 656 4099 tenebrae,
687 4024 774 4103 longe
798 4031 869 4084 ante
884 4024 1009 4098 initium,
1034 4025 1143 4086 ceteris
1158 4025 1207 4105 qni
1228 4036 1299 4086 sunt
1313 4024 1489 4085 acutissimo
1512 4024 1581 4086 visu
1605 4024 1704 4086 adbuc

339 4109 568 4183 dubitantibus,
602 4120 637 4171 ut
663 4112 751 4190 hujus
783 4112 853 4174 anni
881 4107 973 4175 1603.
1003 4131 1104 4173 mense
1127 4113 1219 4174 Maio.
1267 4114 1347 4175 Nam
1380 4112 1452 4173 mibi
1481 4111 1566 4174 dicta
1598 4113 1705 4174 lunae

339 4199 484 4278 crispatio
508 4197 634 4270 sistitur,
660 4199 747 4260 Luna
769 4201 807 4260 ad
831 4200 965 4261 umbram
989 4201 1151 4262 accedente
1174 4209 1206 4263 et
1229 4211 1321 4262 exuta
1337 4198 1419 4262 Solis
1442 4199 1600 4262 radiourm
1614 4210 1704 4280 parte

339 4287 509 4367 potissima.
557 4286 590 4346 In
621 4285 702 4347 Solis
733 4288 895 4366 eclipsibus
927 4289 977 4350 din
1005 4289 1082 4349 latet
1108 4289 1239 4364 initium,
1272 4287 1373 4350 subito
1405 4288 1577 4367 majuscula
1600 4289 1705 4370 aliqua

340 4375 489 4455 particula
529 4374 635 4434 deesse
673 4373 808 4448 videtur,
846 4375 938 4434 etiam
971 4376 1050 4437 acuti
1080 4378 1163 4439 uisne
1195 4376 1374 4438 bominibus.
1429 4376 1497 4437 Nec
1527 4395 1646 4440 cornua
1674 4377 1704 4438 in

339 4481 465 4525 acumen
489 4460 675 4533 desinentia,
700 4462 754 4522 sed
778 4470 895 4529 retusa,
919 4461 979 4522 imo
1002 4464 1100 4525 recisa
1122 4475 1154 4527 et
1176 4466 1266 4545 plane
1289 4465 1391 4525 soleae
1416 4465 1547 4545 equinae
1571 4467 1704 4544 speciem

342 4553 394 4623 (nt
417 4568 495 4610 anno
523 4546 618 4609 1601.
642 4548 817 4619 Decembri)
842 4548 962 4626 quidam
990 4569 1023 4610 se
1051 4553 1153 4615 videre
1181 4554 1363 4615 exclamant.
1409 4553 1560 4615 Deiectus
1583 4555 1705 4634 magni·

340 4637 413 4699 tudo
438 4653 557 4714 semper
571 4643 752 4697 extenuatur
775 4636 804 4696 in
819 4635 924 4707 oculis,
948 4636 1097 4700 dilatante
1120 4661 1152 4702 se
1174 4642 1303 4721 undique
1320 4641 1430 4703 lumine
1453 4650 1487 4703 et
1510 4642 1541 4702 in
1556 4644 1705 4705 terminos

340 4725 424 4785 limbi
447 4723 561 4793 Lunae,
588 4730 621 4781 ut
643 4722 769 4795 videtur,
796 4722 989 4798 ingrediente.
1034 4725 1114 4796 Qnin
1138 4730 1330 4791 manifestum
1354 4739 1387 4791 et
1409 4730 1468 4791 hoc
1491 4743 1705 4809 argumentum

341 4810 531 4874 dilatationis
555 4809 653 4887 hujus,
678 4809 704 4870 11
718 4810 823 4871 Lunae
846 4827 954 4888 corpus
977 4813 1015 4874 ad
1040 4834 1152 4894 opacae
1176 4819 1299 4896 regulae
1323 4818 1457 4892 limbum,
1481 4821 1534 4898 qni
1557 4820 1602 4882 sit
1618 4821 1705 4882 oculo

341 4898 535 4979 propinquus,
560 4896 777 4969 accommodes,
802 4897 909 4959 limbus
932 4919 998 4961 cum
1020 4902 1063 4964 sit
1085 4913 1169 4965 recta
1193 4905 1273 4967 linea
1296 4915 1328 4967 et
1350 4905 1486 4986 integra,
1520 4908 1706 4989 interpositu

341 4983 444 5046 bonae
459 4985 623 5047 diminutus
646 5002 685 5044 ea
706 4993 793 5061 parte
808 4984 967 5062 videbitur,
990 4989 1095 5052 Lunae
1119 4992 1228 5054 lumine
1252 4994 1336 5057 limbi
1355 4995 1491 5074 speciem
1504 4996 1705 5060 obliterasse.
