3692 5842
244 446 291 520 ἥ
666 452 1176 522 ΜωΜῠ-ψιιω

244 627 435 703 mna,
463 626 616 708 multoque
646 628 778 707 ipsorum
801 634 985 699 anctomtate
1008 641 1120 720 magia,
1150 641 1230 721 qnod
1258 641 1350 704 nullis
1376 640 1448 704 aliis
1480 638 1603 721 expati-

245 717 356 781 ancia
378 717 442 780 tale
463 716 535 797 qnid
558 717 640 779 circa
661 716 766 781 Solem
789 722 1052 798 animadvertitur,
1083 731 1221 810 qnodque
1242 731 1398 794 commode
1421 730 1481 793 boo
1503 729 1602 811 plrae-

245 825 404 870 aanennm
426 805 559 869 in'alias
581 825 690 868 causas
713 818 805 871 antea
828 811 859 873 in
882 823 993 878 natura
1014 827 1193 897 praesentes
1215 819 1373 881 transferri
1394 827 1514 899 potest.

335 894 590 959 &mammenus
614 896 705 957 tertio
728 897 794 959 loco
818 900 972 965 Terram
995 904 1027 967 in
1049 926 1171 982 manns,
1194 927 1272 988 qnae
1295 907 1507 971 tribusrnodis
1528 926 1604 970 can·

247 1004 315 1049 aaa
337 983 536 1065 phaenomeni
557 984 702 1063 praebere
725 995 840 1065 potest.
872 991 1009 1069 Primus,
1033 995 1059 1056 si
1083 995 1232 1069 dicamus,
1256 997 1382 1059 Terram
1402 1015 1472 1060 mm
1497 996 1604 1059 amba·

245 1082 319 1136 ante
348 1072 499 1135 crassiore
525 1083 614 1151 parte
636 1075 717 1135 aeris
736 1076 841 1153 jacere
865 1081 1017 1157 umbram,
1049 1084 1078 1146 in
1101 1104 1190 1164 quarn
1213 1086 1352 1165 ingressa
1365 1086 1455 1147 Luna
1476 1084 1605 1147 claritu-

247 1161 350 1224 dinem
370 1162 508 1222 amittat:
533 1161 599 1239 jam
622 1180 694 1224 reru
716 1175 834 1243 partem
858 1170 940 1231 aeris
963 1173 1142 1235 crassiorem
1166 1175 1372 1237 transmittere
1394 1174 1503 1235 radios
1524 1171 1606 1236 Solia

245 1258 412 1329 exparte,
445 1248 552 1329 quibus
583 1250 754 1313 obscuratis
787 1258 881 1319 radiis
914 1260 1005 1321 mbor
1034 1262 1084 1322 ille
1108 1263 1271 1338 efficiatur,
1304 1282 1371 1324 cnm
1402 1280 1477 1342 pars
1501 1262 1606 1325 lanas

246 1340 383 1403 existens
406 1337 437 1401 in
460 1338 514 1399 illa
534 1339 653 1413 umbra,
678 1360 768 1420 qnam
787 1346 868 1426 jacit
890 1348 985 1410 Terra
1008 1350 1164 1412 soliditate
1186 1372 1256 1424 sna,
1284 1351 1406 1432 penitas
1428 1359 1604 1414 armat

246 1427 360 1492 Posset
383 1425 504 1508 quidem
535 1436 568 1489 ct
590 1429 649 1491 iste
672 1431 778 1495 modus
801 1436 935 1499 nonnihil
963 1439 1160 1513 satisfacere,
1193 1441 1248 1501 scd
1271 1448 1421 1519 repugnat
1442 1440 1489 1502 illi
1511 1440 1630 1519 prime.

432 1550 488 1617 ηε,
511 1549 552 1601 15,
749 1525 899 1598 calculus,
933 1547 1093 1589 assumens
1116 1528 1348 1591 crassitudinem
1378 1529 1507 1590 umbrae
1529 1529 1608 1592 Ter·

751 1615 858 1675 restris
876 1615 955 1689 KM,
979 1636 1056 1696 qnae
1079 1626 1164 1678 esset
1186 1626 1304 1678 tantum
1321 1616 1388 1689 LN,
1412 1618 1517 1680 etsie
1538 1618 1607 1680 dia·

751 1713 879 1765 metrum
893 1705 1004 1766 Terrae
1020 1706 1137 1779 dicens,
1161 1725 1239 1787 qnae
1254 1713 1338 1767 esset
1360 1705 1513 1769 diameter
1529 1707 1608 1769 Ter·

752 1814 804 1856 rae
827 1811 895 1854 cnm
918 1794 1090 1872 vaporibus.
1129 1792 1219 1864 Quod
1236 1795 1316 1855 enim
1330 1794 1507 1857 differentia
1528 1796 1608 1858 tntae

640 1937 645 1968 ,
751 1893 908 1963 utramque
933 1883 1047 1943 dictam
1079 1882 1257 1944 diametrum
1283 1883 1373 1944 valde
1396 1884 1548 1947 notabilis
1567 1883 1608 1945 sit

753 1974 862 2044 futura,
886 1971 988 2050 arguit
1002 1972 1156 2032 rubedinis
1179 1972 1209 2032 in
1230 1973 1320 2033 Lnna
1342 1971 1533 2051 magnitudo,
1556 1980 1607 2035 te-

752 2080 827 2139 gens
854 2059 973 2120 Lunam
1003 2061 1066 2121 fere
1097 2060 1261 2122 dimidiam.
1306 2060 1425 2123 Deinde
1458 2070 1609 2142 repugnat

751 2150 820 2211 hnic
844 2148 933 2209 modo
957 2149 1193 2227 experimentum
1217 2149 1321 2221 ineo,
1346 2149 1427 2229 qnod
1450 2150 1535 2213 inter
1555 2169 1608 2213 m·

751 2237 892 2298 bedinem
913 2246 947 2298 et
969 2257 1068 2299 meras
1092 2237 1234 2299 tenebras
1264 2237 1363 2299 nullus
1393 2247 1499 2301 certus
1521 2238 1608 2300 lintea

752 2326 903 2406 apparuit.
949 2326 1067 2389 Athin
1090 2327 1168 2388 inter
1191 2345 1302 2387 causas
1323 2325 1482 2406 utriusque
1505 2335 1608 2390 eertns

751 2425 784 2475 et
817 2415 905 2475 valde
939 2415 1083 2477 notabilis
1107 2416 1193 2477 limes
1223 2416 1360 2477 interest.
1407 2415 1490 2479 n'an
1513 2417 1555 2479 ab
1577 2416 1610 2478 tt

752 2503 791 2563 ad
815 2504 843 2565 N
868 2505 926 2564 etsi
951 2504 1163 2583 inaequaliter,
1197 2521 1317 2581 semper
1345 2511 1448 2565 tamen
1478 2522 1610 2585 vaporet

754 2592 806 2653 lux
827 2601 983 2670 penebat,
1008 2601 1041 2653 at
1063 2593 1093 2653 in
1108 2593 1137 2653 N
1152 2593 1252 2652 subito
1275 2591 1413 2672 disparet
1435 2594 1536 2655 omnis
1560 2594 1611 2656 lux

753 2689 785 2739 et
814 2689 978 2759 sequuntur
1010 2700 1110 2742 merae
1142 2681 1295 2741 tenebrae.
1340 2680 1385 2742 Et
1411 2682 1457 2742 sic
1486 2700 1548 2744 non
1577 2689 1611 2742 ut

753 2770 783 2829 in
807 2769 894 2829 Luna
924 2769 1015 2830 rubor
1045 2778 1077 2829 et
1107 2770 1264 2840 tenebrae,
1296 2768 1342 2829 sie
1374 2768 1423 2830 bio
1446 2770 1529 2845 MN,
1554 2768 1611 2832 LN

754 2858 819 2917 sine
842 2867 926 2918 certo
949 2868 981 2918 et
1000 2858 1111 2919 visibili
1134 2857 1260 2917 termino
1284 2857 1458 2932 cohaerent,
1482 2859 1540 2921 sed
1563 2865 1613 2920 eat

755 2945 827 3007 ina*
851 2947 1031 3007 manifestus
1054 2948 1166 3017 saltus,
1191 2946 1261 3025 qnia
1284 2945 1323 3006 ad
1346 2948 1466 3009 oculum
1490 2948 1610 3012 diurs-

754 3044 830 3114 pant
853 3054 979 3113 opacum
1003 3046 1035 3095 et
1058 3034 1249 3113 pellucidum.

821 3124 912 3184 Alter
941 3123 1061 3195 modus,
1094 3124 1121 3183 si
1145 3123 1294 3193 dicamus,
1327 3140 1461 3199 vapores
1491 3123 1613 3203 quidem

755 3211 835 3274 circa
859 3213 983 3273 Terram
1007 3211 1134 3292 extimos
1151 3212 1258 3289 jurare
1282 3210 1375 3271 etiam
1399 3212 1440 3271 ad
1464 3212 1614 3283 umbrant,

755 3302 878 3380 ejusque
901 3299 1112 3360 extremitates
1131 3300 1252 3377 jacere,
1285 3298 1341 3357 sed
1372 3308 1485 3378 postea
1509 3299 1614 3361 radios

755 3389 836 3450 Solis
861 3389 889 3448 in
915 3388 990 3466 ipsis
1013 3388 1174 3466 vaporibus
1190 3398 1220 3447 et
1239 3387 1380 3449 crassiori
1395 3394 1467 3449 aere
1487 3387 1615 3467 refringi

755 3479 928 3538 introrsum.
966 3476 1010 3538 Ut
1032 3490 1083 3552 ψω
1107 3484 1156 3536 est
1178 3475 1334 3536 crassities
1349 3476 1474 3537 umbrae
1499 3478 1531 3540 in
1546 3476 1615 3539 eat·

755 3566 836 3637 culo,
857 3567 946 3643 jacta
970 3564 1008 3623 ab
1032 3565 1176 3625 extremis
1191 3564 1302 3624 Terrae
1326 3564 1503 3643 vaporibus.
1552 3564 1616 3628 Sed

750 3656 815 3737 jam
838 3653 905 3714 sola
927 3653 1026 3731 portio
1051 3649 1104 3723 ινζ
1119 3661 1168 3711 est
1200 3651 1337 3713 immunis
1366 3653 1405 3713 ab
1430 3653 1617 3715 omnimodis

754 3741 837 3802 Solis
867 3740 975 3809 radiis,
1008 3740 1150 3820 quidquid
1179 3741 1257 3800 inter
1280 3762 1324 3800 nn
1356 3749 1388 3801 et
1411 3756 1458 3821 νψ
1481 3751 1550 3817 est,
1585 3740 1616 3803 id

756 3832 964 3908 frequentatur
978 3849 996 3888 a
1010 3829 1103 3891 radiis
1127 3827 1268 3889 refractis
1282 3846 1336 3907 per
1358 3848 1490 3908 vapores
1507 3839 1617 3892 trans·

754 3918 903 3980 euntibus.
951 3917 1029 3979 Nam
1052 3915 1085 3995 γζ
1105 3917 1279 3994 refringitur
1302 3917 1331 3977 in
1347 3914 1381 3988 ζν
1404 3926 1438 3978 et
1461 3919 1499 3995 lla
1523 3919 1556 3980 in
1571 3940 1616 3980 aa.

755 4008 860 4085 Itaque
889 4004 915 4064 si
940 4005 1027 4065 Luna
1054 4013 1103 4064 est
1132 4005 1213 4065 intra
1239 4001 1293 4075 ενζ
1318 4022 1430 4066 meram
1463 4008 1618 4080 umbram,

755 4104 841 4157 caret
855 4093 933 4154 omni
958 4093 1043 4153 radio
1067 4092 1160 4163 Solis,
1184 4111 1240 4153 nec
1264 4093 1322 4152 nisi
1345 4112 1400 4172 per
1423 4093 1617 4157 illustratio·

755 4203 823 4245 nem
852 4182 1011 4242 stellarum
1036 4180 1101 4241 Soli
1131 4180 1294 4240 vicinarum
1320 4182 1462 4244 cernitur.
1508 4185 1557 4247 At
1590 4182 1619 4245 ai

755 4281 803 4332 est
826 4287 918 4346 snpra
941 4292 969 4338 n,
994 4268 1196 4328 illustratura
1212 4268 1391 4347 quibusdam
1409 4268 1495 4332 Solis
1519 4271 1620 4333 radiis

755 4358 908 4427 refractis,
942 4356 1029 4433 idque
1064 4374 1098 4416 eo
1123 4357 1219 4434 magis
1243 4357 1401 4430 continue,
1430 4377 1491 4437 qno
1515 4360 1622 4440 magia

756 4447 795 4508 ad
810 4445 1020 4505 extremitates
1035 4469 1070 4515 ω,
1082 4459 1109 4519 ψ
1122 4445 1296 4507 accesserit.
1320 4447 1424 4525 Atque
1439 4446 1511 4509 huic
1525 4449 1622 4509 modo

755 4536 795 4595 ad
818 4533 962 4594 amussim
986 4534 1148 4611 respondet
1170 4544 1304 4594 nostrum
1323 4535 1474 4614 eclipseos
1490 4537 1622 4617 experi-

754 4635 897 4684 mentum.
945 4622 1010 4683 Nec
1047 4622 1125 4692 scio,
1167 4622 1235 4698 qnid
1267 4642 1304 4683 ex
1334 4623 1404 4685 aliis
1442 4624 1623 4705 disciplinis

755 4712 797 4773 illi
823 4710 922 4789 possit
945 4710 1049 4788 objici,
1074 4710 1131 4770 nisi
1157 4708 1227 4780 hoc,
1258 4712 1337 4790 quod
1360 4712 1468 4773 umbra
1491 4714 1576 4775 eirea
1592 4738 1621 4775 aa

755 4801 843 4875 longe
867 4798 977 4857 clarior
1000 4799 1055 4871 sit,
1087 4816 1174 4876 quarn
1199 4805 1232 4856 nt
1255 4807 1354 4861 atram
1378 4800 1463 4862 illam
1487 4803 1623 4865 rubedi-

755 4906 823 4948 nem
851 4886 1008 4965 prodncat.
1055 4886 1097 4948 Et
1128 4905 1195 4946 enm
1229 4888 1342 4948 nullum
1374 4897 1494 4951 certum
1524 4892 1624 4954 ἥκω

755 4975 889 5038 habeant
923 4992 1054 5056 vapores
1086 4975 1170 5038 circa
1200 4973 1340 5051 Terram,
1378 4977 1436 5039 sed
1469 4981 1627 5045 continua
