3692 5842
346 471 405 540 146
811 469 1000 538 Paralipomeua
1017 477 1046 524 in
1062 473 1227 526 Vitelliuusm.

340 671 407 714 cum
431 657 601 713 removetur
624 667 732 729 corpus
766 648 895 709 lucidum
919 670 938 710 a
962 670 1019 730 quo
1050 652 1166 731 species
1190 653 1219 713 in
1252 653 1368 713 oculum
1403 651 1618 713 descenderat.
1667 649 1702 712 ld

340 741 417 802 adeo
445 749 478 800 ut
508 739 599 799 etiam
633 737 831 798 confundatur
864 749 1018 817 superstes
1051 741 1104 801 illa
1135 742 1252 819 speeies
1282 761 1348 802 cum
1382 739 1534 801 coloribus
1570 740 1702 802 aliamm

339 848 448 902 rerum,
473 828 512 888 ad
536 845 609 907 quos
640 827 822 904 spectandos
847 826 929 887 risus
953 830 1048 890 adhuc
1082 829 1210 889 imbutus
1238 830 1428 890 transfertur.
1475 829 1510 889 Id
1535 828 1574 889 ab
1600 847 1701 908 expe-

340 917 450 980 rientia
473 917 643 978 traductum
668 915 725 975 huc
747 915 875 994 probare
895 936 913 975 a
934 917 1031 995 priore
1055 936 1113 978 nou
1137 937 1305 997 possumus.
1343 916 1499 996 Principia
1522 917 1603 977 euim
1628 928 1702 978 suut

339 1006 537 1069 adsciscendo
560 1005 626 1083 plus
651 1024 739 1082 quam
764 1005 875 1082 optica.
922 1006 958 1066 ld
981 1006 1075 1067 solum
1099 1015 1204 1068 contra
1233 1009 1387 1086 vulgatum
1417 1005 1558 1084 loquendi
1583 1023 1701 1066 morem

339 1103 469 1168 notetur,
493 1093 610 1172 speeies
634 1092 703 1154 illas
728 1113 784 1153 non
811 1095 838 1154 in
873 1094 1042 1155 humoribus
1065 1095 1142 1155 oculi
1175 1096 1411 1167 adhaerescere,
1445 1114 1502 1154 nec
1527 1114 1597 1155 esse
1624 1094 1702 1154 lucis

338 1184 387 1245 vel
411 1183 543 1243 colorum
567 1182 693 1261 species.
739 1183 817 1242 Nam
841 1182 897 1242 hoc
921 1194 1069 1261 repugnat
1093 1193 1219 1245 naturae
1242 1184 1465 1263 perspicuomm
1491 1191 1523 1243 et
1547 1182 1641 1256 lucis,
1669 1193 1702 1242 et

338 1271 492 1353 principiis
516 1270 635 1349 opticis.
684 1269 811 1348 Semper
834 1271 911 1331 enim
938 1272 1054 1350 species
1079 1292 1143 1332 cum
1164 1294 1217 1334 suo
1241 1292 1365 1351 corpore
1388 1272 1511 1351 ponitur
1536 1271 1624 1349 cnjus
1649 1283 1702 1331 est

338 1361 471 1441 species,
497 1367 529 1420 et
552 1359 718 1437 intersepto
743 1379 865 1437 corpore
887 1379 942 1439 per
966 1379 1090 1439 opacum
1115 1361 1245 1441 aliquid,
1270 1361 1386 1441 species
1411 1360 1516 1421 umbra
1541 1359 1701 1421 contrariu

337 1449 502 1529 perimitur.
557 1447 608 1509 Sic
643 1448 779 1509 humores
813 1467 847 1508 eo
880 1450 945 1527 ipso
978 1450 1056 1529 quod
1093 1451 1240 1529 perspicui
1280 1461 1350 1511 sunt
1387 1450 1506 1529 species
1544 1467 1701 1527 nunquam

337 1537 513 1617 suscipiunt,
539 1537 592 1597 sed
617 1537 836 1598 transmittunt.
884 1541 926 1598 At
951 1558 1005 1599 nec
1030 1540 1057 1599 in
1082 1539 1190 1599 tunicis
1214 1540 1317 1617 opacis
1343 1540 1448 1599 haeret
1470 1538 1528 1599 hoc
1553 1538 1700 1617 quicquid

337 1635 386 1689 est
408 1626 530 1705 speciei.
578 1625 707 1686 Rursum
733 1625 809 1685 enim
834 1627 916 1687 color
940 1627 1052 1693 nullus.
1086 1628 1259 1705 superficies
1289 1647 1384 1708 opaca
1407 1628 1491 1687 nulla
1522 1627 1701 1688 excitaret

337 1716 459 1778 radiosa
482 1714 674 1776 constituitur
698 1715 755 1775 uisi
779 1735 798 1773 a
820 1725 980 1793 praesente
1000 1725 1031 1775 et
1047 1736 1103 1776 non
1130 1716 1271 1795 impedito
1291 1716 1388 1777 lucido
1412 1734 1549 1793 corpore.
1585 1714 1701 1776 Relin-

337 1804 436 1885 quitur
460 1822 549 1883 ergo,
584 1802 713 1863 utillud
744 1805 821 1882 quod
854 1805 991 1865 inhaeret
1018 1807 1103 1864 oculo
1127 1806 1168 1864 sit
1192 1824 1248 1864 nou
1284 1806 1358 1866 loeis
1382 1806 1435 1865 sed
1469 1804 1698 1876 illustrationis,

337 1892 465 1955 actionis
489 1902 521 1953 et
543 1892 695 1970 passionis
720 1893 856 1970 speeies:
888 1894 1133 1971 quemadmodum
1159 1894 1196 1954 ab
1221 1895 1282 1953 ietu
1313 1913 1421 1954 sensus
1445 1893 1560 1953 doloris
1585 1911 1700 1970 super-

337 1990 395 2055 est,
419 2001 495 2061 quae
519 1981 637 2059 speeies
661 1982 806 2059 quaedam
831 1981 910 2040 illius
942 1982 1092 2059 passionis
1116 2002 1183 2042 esse
1209 1983 1406 2060 intelligitur:
1440 1981 1699 2060 quemadmodum

336 2072 419 2132 etin
452 2078 533 2131 motu
566 2069 698 2130 violento
732 2070 849 2150 species
884 2071 1030 2149 quaedam
1063 2073 1126 2148 ejus
1152 2071 1178 2130 in
1204 2072 1360 2148 projectile
1393 2070 1576 2146 commigrat
1607 2070 1699 2148 idque

335 2159 531 2240 aliquousque
556 2157 705 2237 provehit,
730 2159 820 2218 etiam
844 2167 1004 2237 postquam
1028 2159 1076 2239 qui
1101 2170 1214 2220 motum
1239 2161 1365 2222 dederat
1395 2177 1514 2220 inanum
1540 2159 1701 2220 subduxit.

336 2245 471 2328 Cumque
495 2248 592 2308 omnis
626 2266 732 2307 sensus
757 2265 810 2324 per
833 2265 941 2307 nervos
966 2258 995 2308 et
1021 2248 1069 2326 qui
1093 2249 1139 2308 his
1172 2250 1320 2309 vehuntur
1353 2249 1477 2328 spiritus
1511 2248 1699 2325 perficiatur,

335 2357 406 2417 ergo
429 2338 459 2399 iu
484 2336 639 2417 spiritibus
662 2336 807 2397 residebit
830 2336 904 2396 haec
929 2336 1053 2398 visionis
1083 2338 1199 2416 species
1223 2357 1280 2398 non
1306 2337 1334 2398 in
1360 2335 1547 2399 humoribus.
1597 2337 1700 2412 Huius

336 2427 505 2489 affectionis
530 2425 609 2485 infra
632 2426 683 2486 liet
707 2424 879 2485 necessaria
903 2426 1024 2486 mentio.

334 2629 495 2709 Appendix
524 2630 564 2690 ad
597 2632 688 2707 caput
725 2628 871 2706 primum:
911 2633 943 2689 st
974 2628 1138 2688 ventilatio
1169 2633 1418 2705 argumentorum
1447 2627 1629 2690 Atirtotalis
1663 2629 1702 2690 de

704 2717 829 2777 Virione
852 2718 905 2780 lib.
931 2717 980 2789 11„
1004 2717 1041 2777 de
1065 2716 1176 2777 Anima
1200 2733 1263 2794 cap.
1287 2716 1313 2776 7.

423 2860 464 2912 Εο
485 2859 617 2912 vanitatis
648 2872 836 2927 pervenerunt
864 2862 960 2929 inepta
991 2860 1126 2912 hominum
1153 2858 1256 2919 studia.
1289 2869 1321 2911 ut
1342 2858 1444 2911 nullius
1467 2875 1555 2927 opera
1577 2860 1700 2914 celebris

333 2941 384 2994 flat
404 2939 455 2992 nisi
478 2938 523 3008 qui
545 2947 594 2991 aut
616 2940 742 2991 aedificet
765 2949 815 2992 aut
844 2941 971 2993 incendat
993 2941 1100 2992 Dianae
1128 2940 1277 3007 templum:
1307 2939 1351 3007 qui
1379 2939 1490 3008 inquam
1513 2947 1566 2993 aut
1588 2941 1700 2994 muniat

333 3036 365 3073 se
387 3019 555 3072 auctoritate
577 3018 737 3071 Aristotelis
760 3028 807 3072 aut
836 3029 933 3073 eontra
960 3038 1020 3072 eum
1047 3019 1174 3088 quaesita
1202 3018 1391 3071 ostentatione
1413 3019 1439 3070 in
1462 3020 1522 3071 acic·
1546 3021 1697 3074 consistat.

336 3097 414 3162 Quae
437 3100 505 3150 adeo
528 3115 613 3151 causa
635 3107 690 3158 est,
719 3116 766 3150 cur
795 3100 946 3168 nptieorum
970 3099 1111 3152 verissima
1141 3098 1283 3150 axiomata
1305 3099 1370 3162 (hoc
1392 3099 1485 3167 eapite
1508 3101 1702 3169 amplificata)

335 3180 470 3233 hacteuus
492 3178 641 3248 neglectim
657 3179 756 3231 luerint
773 3180 870 3233 habita
886 3187 915 3233 et
930 3198 978 3248 per
994 3181 1064 3231 hane
1080 3178 1232 3247 opticorum
1248 3179 1417 3247 paucitatem
1438 3189 1554 3247 praeter
1570 3183 1701 3234 meritum

334 3258 512 3312 Aristotelem
535 3258 656 3311 tenebris
688 3260 862 3327 posthabita,
895 3263 956 3312 ‹lurn
983 3260 1083 3327 ubique
1114 3267 1216 3326 regnat
1237 3258 1417 3316 Aristoteles,
1451 3259 1697 3314 dissimulantibus

335 3338 434 3409 opticis
456 3344 485 3390 et
507 3355 556 3389 sua
579 3338 706 3406 privatim
729 3340 860 3392 libertate
876 3339 1021 3391 contentis.
1054 3339 1089 3390 l't
1111 3338 1196 3406 igitur
1218 3338 1359 3390 contraria
1380 3339 1526 3391 contrarii.-
1543 3341 1698 3395 collatione

335 3418 412 3472 racto
442 3417 616 3470 illustrentur
636 3431 662 3468 et
687 3419 858 3471 aristotelici
890 3422 999 3472 tandem
1023 3419 1049 3469 in
1080 3419 1231 3485 optieorum
1263 3419 1385 3470 scholam
1414 3436 1463 3471 seu
1497 3420 1621 3474 discendi
1650 3438 1699 3474 seu

334 3498 537 3551 contradicendi
567 3498 656 3550 studio
689 3499 899 3567 pertrahantur,
934 3499 1015 3551 libuit
1036 3498 1079 3549 hic
1100 3498 1259 3550 Aristotelis·
1281 3500 1314 3549 de
1343 3498 1448 3551 risione
1481 3509 1642 3554 curamenta
1664 3519 1699 3553 ex

334 3579 459 3647 professu
492 3578 637 3630 discutere.
682 3580 797 3647 Propria
829 3581 936 3647 quidem
969 3578 1067 3646 capitis
1099 3579 1185 3646 quinti
1217 3579 1352 3636 materia.
1385 3579 1407 3630 si
1437 3596 1518 3632 rores
1542 3589 1573 3633 et
1600 3582 1700 3634 titulos

334 3665 453 3727 spectes,
477 3675 536 3710 cum
559 3658 637 3726 primi
661 3659 761 3727 capitis
784 3660 901 3711 materia
915 3659 950 3710 sit
975 3659 1021 3710 lux
1039 3667 1067 3709 et
1089 3659 1203 3718 colores,
1227 3671 1330 3710 tratura
1351 3658 1457 3725 priores
1480 3660 1540 3711 risu
1556 3669 1587 3713 et
1610 3662 1702 3720 oculo.

334 3753 405 3807 quae
427 3737 453 3789 iu
475 3737 598 3805 quintum
620 3748 706 3805 caput
729 3739 829 3796 retuli;
861 3741 908 3789 sed
932 3738 969 3789 ita
992 3747 1154 3805 comparata
1174 3747 1239 3789 aunt
1259 3738 1420 3790 Aristotelis
1448 3755 1636 3810 argumenta.
1669 3753 1700 3795 ut

334 3831 432 3884 parum
454 3818 597 3868 admodum
618 3835 653 3870 ex
677 3819 768 3885 capite
791 3818 885 3886 quinto
913 3820 1101 3872 mutuandum.
1134 3827 1228 3869 cetera
1258 3818 1408 3871 rectissime
1440 3819 1493 3872 hoc
1519 3821 1581 3873 loeo
1610 3838 1700 3891 expe·

334 3894 433 3946 diendo
455 3894 609 3947 rideantur.

425 3972 541 4026 Primum
564 3976 716 4027 sententias
739 3977 864 4046 ¹singulas¹
888 3977 1033 4045 pensitaho
1050 3987 1076 4028 et
1100 3992 1170 4045 quae
1192 3976 1252 4028 inde
1274 3987 1436 4045 sequantur.
1467 3980 1575 4033 Deinde
1599 3982 1701 4035 seriem

336 4052 473 4123 integram
496 4064 720 4124 argumentorum
743 4065 836 4109 texam
859 4058 948 4125 urique
970 4073 1003 4108 ea
1025 4057 1203 4124 respondebo.
1247 4057 1317 4109 Sunt
1340 4057 1426 4125 igitur
1448 4059 1503 4111 hae
1525 4060 1702 4130 praecipuae

334 4132 498 4186 sententiae.

357 4206 387 4279 Ι)
411 4213 493 4266 Color
514 4213 626 4281 proprie
648 4224 675 4266 et
698 4232 727 4265 se
752 4214 811 4282 ipso
834 4216 863 4265 lit
885 4215 958 4266 risus
980 4214 1133 4278 subjectum
1156 4222 1184 4266 et
1206 4215 1291 4267 habet
1321 4216 1349 4267 in
1372 4233 1402 4268 se
1423 4216 1483 4287 ipso
1514 4236 1631 4276 causam
1651 4237 1703 4275 eur

413 4292 529 4345 risibilis
551 4294 666 4345 existat.

354 4367 384 4434 2)
413 4372 476 4425 Lux
498 4379 542 4424 est
563 4381 641 4425 uetus
665 4372 802 4441 perspicui
824 4385 960 4440 quatenus
982 4372 1163 4439 perspicuum.

354 4448 384 4514 3)
411 4452 463 4505 Est
486 4452 563 4521 quasi
587 4453 713 4520 proprius
736 4452 843 4520 qnidam
867 4452 951 4519 ipsius
975 4452 1111 4520 perspicui
1133 4454 1215 4512 color.
1240 4470 1299 4505 rum
1315 4454 1340 4506 id
1361 4472 1426 4509 rere
1448 4459 1630 4528 perspicuum
1644 4473 1700 4516 est.

353 4529 384 4586 4)
413 4531 474 4585 Non
496 4539 539 4583 est
560 4531 648 4600 iguis,
682 4548 768 4600 neque
797 4548 895 4598 corpus
925 4531 1012 4599 neque
1044 4534 1168 4584 defluxus
1191 4549 1207 4584 a
1229 4550 1357 4601 corpore,
1389 4538 1437 4587 sed
1459 4547 1504 4590 est
1532 4541 1701 4608 praesentia

413 4610 486 4680 iguis
508 4619 557 4662 aut
579 4612 695 4663 lucentis
718 4609 765 4663 alst,
789 4610 814 4661 in
837 4611 989 4678 perspicuo.

355 4686 384 4748 5)
414 4689 466 4742 Est
486 4689 647 4758 praesentia
669 4691 693 4741 in
717 4706 830 4757 corpore
853 4689 965 4741 habitus
987 4689 1056 4755 qurs,
1079 4691 1113 4740 oh
1135 4705 1213 4758 quem
1237 4690 1262 4742 id
1284 4694 1459 4763 perspicuum
1483 4698 1595 4753 dieitur.

356 4765 386 4830 6)
416 4773 509 4837 Atque
530 4768 599 4820 haee
615 4769 654 4821 ita
677 4769 810 4837 capienda
830 4779 901 4829 sunt,
924 4779 955 4820 ut
979 4769 1175 4838 intelligamus,
1199 4771 1308 4840 obloqui
1324 4775 1509 4830 Aristotelem
1522 4778 1699 4849 Empedocli.

414 4848 458 4916 qui
480 4848 600 4908 dixerat,
624 4849 687 4900 ferri
710 4850 796 4900 lucem
819 4848 949 4915 tendique
972 4849 1052 4900 rectis
1076 4849 1153 4900 lineis
1176 4850 1247 4903 inter
1262 4853 1375 4907 Terram
1395 4864 1424 4909 et
1440 4860 1512 4926 quod
1535 4877 1586 4913 nus
1610 4860 1702 4914 ambit

413 4933 496 4993 utque
518 4927 709 4994 complectitur
731 4923 870 4993 (coelunrl,
894 4927 946 4977 ersi
970 4944 986 4979 a
1009 4928 1085 4979 nobis
1108 4947 1161 4981 non
1183 4930 1421 4996 animadvertatur
1441 4937 1469 4989 id
1491 4938 1561 4994 deri.

356 4997 388 5070 l)
417 5002 522 5057 Eadem
542 5013 644 5060 natura
665 5005 785 5075 corporis
807 5012 859 5068 est,
881 5007 1030 5075 quaejam
1051 5009 1099 5061 lux
1121 5009 1243 5077 estjam
1263 5014 1408 5070 tenebrae.
