3692 5842
702 467 734 526 a
752 471 825 527 esu
843 471 946 542 epea.
1071 421 1075 430 ¹
1464 473 1506 544 97

143 645 184 698 rei
201 648 306 715 pmii
323 649 417 709 vitreis,
434 664 509 716 quam
521 653 597 715 ipsius
609 651 716 707 luminis.
736 664 793 701 oum
811 658 896 701 umen
914 650 1043 701 tubercula
1061 651 1104 700 iila
1122 653 1201 702 vitrea
1218 653 1268 702 siut
1287 655 1409 706 crassiora
1427 673 1501 721 quam

145 718 257 784 ηῑὶςιιιο
276 721 332 770 ritrl
350 728 442 785 partes.
474 722 602 783 Quomodo
620 722 667 771 hoc
686 723 722 782 iit,
741 723 806 787 quod
825 722 923 771 densior
941 724 996 771 vitri
1013 724 1069 771 rino
1088 723 1174 785 repleti
1192 737 1249 787 pars
1267 725 1422 788 splendorem
1441 729 1502 778 lucis

144 792 265 853 malorem
282 792 395 856 prebeat,
414 806 489 858 qnam
507 795 587 858 ipsnm
604 794 689 843 lumen
708 792 851 844 candelae?
1097 794 1100 800 '

236 880 419 960 Keplerns
439 888 475 952 (7.
495 890 555 942 Feb.
577 886 678 951 lton:
713 880 861 952 Quaestio
890 881 992 959 optica
1023 882 1186 942 communis
1212 891 1284 944 nota
1316 892 1373 948 est.
1422 887 1505 949 Con-

146 977 271 1030 currunt
301 970 430 1032 medium
464 972 587 1034 densius
621 981 653 1032 et
685 971 862 1032 convexitas
901 971 1124 1049 qualiscunque.
1181 971 1237 1032 IIis
1272 974 1349 1034 eninr
1383 985 1507 1038 contre-

146 1056 258 1117 huntur
281 1058 367 1134 radii,
391 1067 426 1121 ut
450 1066 568 1121 tantum
588 1060 630 1122 sit
648 1060 678 1121 in
697 1077 792 1136 parvo
809 1059 872 1119 loco
893 1065 1037 1136 qnantum
1058 1057 1134 1118 alias
1149 1058 1179 1120 in
1201 1080 1310 1140 magno
1331 1062 1507 1143 dispersum.

145 1144 295 1207 Densitas
308 1164 368 1208 non
389 1146 518 1226 impedit
537 1148 708 1222 transitum,
729 1147 806 1208 alias
827 1166 886 1207 non
906 1153 990 1206 esset
1012 1146 1202 1225 pellucidum,
1226 1156 1343 1211 tantum
1359 1152 1507 1233 refringit.

149 1230 186 1295 Si
211 1232 320 1296 vitrum
343 1236 467 1310 ciarum,
493 1245 579 1298 tanto
604 1236 720 1309 melius,
745 1235 823 1296 alias
846 1235 923 1295 radii
948 1235 1113 1313 tInguntur.

234 1338 406 1390 Fabricius
433 1337 488 1402 (22.
509 1341 570 1391 Deo.
590 1357 613 1391 r.
634 1348 665 1391 st.
687 1337 786 1401 1603);
815 1339 965 1389 Miraculnm
989 1347 1059 1388 tunm
1087 1342 1195 1403 opticnm
1222 1342 1247 1390 in
1276 1343 1379 1393 obscuro
1407 1359 1509 1395 musaeo

146 1408 220 1459 multi
237 1424 282 1473 per
306 1412 417 1476 magiam
435 1411 487 1461 fieri
512 1414 646 1471 rebantnr;
671 1411 716 1462 sed
735 1411 904 1462 cancellarius
922 1424 967 1475 per
990 1412 1097 1475 opticam
1123 1411 1254 1462 anificiose
1278 1413 1325 1463 hoc
1349 1415 1401 1464 lieri
1420 1423 1508 1466 sancte

150 1479 301 1531 mahat
338 1481 453 1546 Explices
471 1496 570 1547 quaeso.

236 1568 436 1650 Keplerus:
465 1571 634 1633 Artificium
662 1569 794 1648 opticum
824 1569 1062 1631 demonstratum
1094 1568 1226 1631 invenies
1257 1568 1332 1651 Cap.
1359 1573 1399 1636 II.
1435 1572 1507 1655 Opt.

147 1657 280 1719 maxime
303 1675 388 1737 prop.
411 1653 443 1719 l.

236 1745 423 1796 Fabricius:
449 1745 583 1806 Quaeritur
602 1758 635 1794 an
654 1743 718 1794 Solis
738 1745 842 1795 altitudo
865 1759 909 1808 per
932 1744 1023 1810 duplex
1049 1744 1137 1794 diversi
1155 1745 1241 1794 coloris
1269 1748 1358 1797 vitrum
1376 1750 1508 1802 observata

147 1818 226 1865 etiam
243 1819 363 1880 majorem
382 1817 555 1867 refractionem
574 1814 636 1865 det?
659 1815 743 1878 ‘rycbo
763 1816 895 1880 aliquando
913 1815 1095 1880 Wandesburgi
1118 1814 1177 1864 milri
1195 1816 1269 1873 dixit,
1287 1832 1337 1867 non
1357 1820 1423 1878 fieri,
1443 1823 1507 1885 quod

147 1889 238 1936 nuum
257 1902 307 1937 non
327 1888 401 1952 longe
420 1889 452 1938 ab
471 1887 548 1937 ocnhs
565 1896 721 1936 removeatur
739 1901 785 1937 nec
804 1888 837 1937 sit
856 1886 939 1950 aliqua
957 1887 1079 1936 sensibilis
1097 1888 1218 1950 proportio
1238 1886 1302 1936 Solis
1321 1890 1354 1939 ad
1372 1892 1461 1941 vitrum
1481 1899 1507 1943 et

147 1959 205 2007 vitri
224 1957 258 2008 ad
276 1959 384 2016 oculum,
404 1960 469 2018 sicut
487 1965 526 2009 est
545 1956 608 2007 Solis
628 1958 661 2007 ad
679 1964 772 2020 aerem,
790 1959 815 2007 in
835 1972 882 2022 quo
900 1958 1017 2036 retractio
1035 1957 1071 2014 iit,
1092 1964 1118 2007 et
1136 1958 1199 2007 atris
1218 1957 1251 2007 ad
1269 1960 1375 2009 oculum.

239 2047 448 2127 Koplerue:
472 2047 532 2108 Per
551 2046 661 2125 duplex
675 2046 784 2107 vitrum
799 2045 901 2108 Solem
916 2046 1046 2107 refracta
1062 2046 1168 2106 cernis.
1208 2044 1327 2108 Causae
1344 2049 1505 2128 Tychonis,

150 2134 259 2213 quibus
283 2135 340 2197 hoc
363 2143 509 2215 negatur,
534 2134 631 2195 falsae
655 2143 733 2196 sunt.
780 2135 860 2195 Nam
885 2134 926 2195 nil
945 2135 1035 2213 juvat
1061 2134 1289 2213 propinquitas;
1321 2136 1506 2216 triangulare

149 2223 263 2285 vitrum
287 2232 335 2285 eat
357 2222 640 2304 propinquissImum
663 2224 748 2284 oculo
773 2231 928 2283 ettamen
953 2241 1068 2283 sumina
1091 2223 1159 2283 imis
1183 2223 1297 2284 miscet.
1345 2223 1506 2305 Proportio

150 2329 222 2373 vero
245 2312 326 2374 inter
349 2313 481 2385 oculum,
507 2318 621 2386 aerem,
647 2310 768 2373 Solem:
793 2311 924 2382 oculum,
949 2312 1072 2384 vitrum,
1097 2309 1215 2387 Solem,
1243 2311 1316 2373 nihil
1340 2312 1397 2374 huc
1421 2315 1505 2378 facit.

149 2399 268 2462 Eadem
292 2399 371 2463 enim
395 2408 445 2462 est
467 2402 545 2463 ratio
569 2402 699 2462 refracte
722 2399 844 2461 ridendi
859 2398 951 2474 Solis,
976 2418 1052 2479 quae
1074 2399 1182 2478 pulicis
1200 2419 1255 2479 per
1276 2400 1354 2461 idem
1377 2404 1505 2466 medium

151 2488 359 2570 quodcunque.

238 2577 410 2627 Fabricius
430 2572 485 2636 (26.
505 2575 568 2626 Dec.
587 2590 610 2623 ι.
629 2581 661 2624 st.
682 2571 778 2635 total:
803 2575 852 2625 Gur
870 2575 955 2624 lucide
972 2588 1029 2638 pars
1049 2574 1136 2625 Lunae
1154 2575 1231 2624 nrnlto
1249 2578 1366 2638 majorem
1387 2580 1507 2630 circulum

149 2655 340 2713 repraesentare
352 2647 456 2704 ridetur,
475 2660 549 2711 qnam
569 2645 768 2697 clrcumferentia
787 2660 881 2708 opacae
892 2647 970 2710 partis
988 2653 1126 2696 monstrare
1139 2655 1183 2695 aut
1199 2648 1282 2696 facere
1294 2663 1366 2711 posse
1385 2652 1506 2714 apparet?

239 2737 447 2816 Keplerus:
471 2735 519 2796 De
542 2736 647 2796 Lunae
672 2753 762 2795 cornu
787 2735 884 2795 lucido
909 2735 1009 2813 amplo
1034 2735 1082 2812 egi
1107 2735 1135 2795 in
1161 2732 1280 2812 Opticis
1304 2737 1389 2799 meis.

238 2824 409 2874 Fabricius
429 2820 484 2885 (27.
505 2823 562 2874 Oct.
583 2840 605 2870 v.
620 2830 651 2871 st
672 2819 769 2882 Idoil:
790 2822 870 2886 Rogo,
889 2830 918 2870 ut
935 2823 1056 2885 triplicem
1074 2821 1245 2886 hypothesium
1263 2825 1507 2877 transformationem

149 2894 209 2945 mihi
229 2896 415 2952 communicess
434 2897 495 2944 item
514 2894 601 2944 Lunae
620 2893 750 2951 mennam,
769 2907 828 2943 nam
846 2893 1024 2956 TyrhonIcane
1042 2908 1090 2942 nen
1110 2901 1149 2943 est
1167 2894 1229 2943 adeo
1247 2895 1390 2958 plausibilis.

240 2983 428 3065 Keplerus
462 2988 515 3053 (18.
536 2990 600 3041 Dec.
620 2985 718 3050 tobel:
758 2980 944 3062 Compendia
980 2988 1078 3043 nrotus
1113 2983 1216 3044 Lunae
1257 2984 1404 3047 hactenus
1440 2987 1505 3067 ipse

151 3071 283 3151 neglexi,
309 3071 460 3152 quianon
486 3079 557 3132 sunt
587 3071 746 3131 admodum
777 3071 926 3132 calculatu
954 3071 1182 3149 compendiosa,
1207 3071 1411 3135 intellectione
1437 3094 1506 3137 vero

148 3160 420 3242 compendiosiora.
468 3158 640 3241 Geryonem
670 3159 833 3239 tricipitem
866 3160 1015 3221 debellavi
1048 3159 1077 3219 in
1106 3160 1202 3239 prima
1228 3169 1314 3239 parte
1344 3161 1506 3226 Commen-

150 3250 297 3312 tariorum
321 3249 358 3310 de
381 3250 481 3310 Marte
506 3247 620 3328 fecique
645 3248 730 3327 quasi
754 3249 968 3327 prolegomena
991 3268 1049 3309 non
1073 3249 1233 3309 admodum
1257 3269 1393 3312 amoena.

238 3337 427 3387 Fabricius:
457 3336 661 3399 Conjnnctionem
687 3335 703 3394 lt
730 3343 756 3385 et
782 3336 805 3397 il
834 3351 879 3402 ego
905 3341 1004 3400 propter
1035 3336 1180 3399 impeditum
1207 3344 1363 3401 prospectum
1391 3338 1428 3397 (in
1456 3342 1506 3391 fine

150 3408 238 3459 addit:
261 3408 354 3459 dabam
372 3410 398 3457 in
416 3422 481 3458 nora
499 3415 525 3457 et
548 3410 649 3473 ingrata
666 3406 776 3457 Uraniae
801 3408 860 3457 sede
880 3406 972 3457 Osteel.
1009 3406 1105 3456 Priores
1130 3408 1216 3456 literae
1240 3408 1364 3458 dabantur
1386 3409 1507 3472 Esenae.)

152 3481 288 3530 ohservare
306 3494 356 3529 non
375 3480 451 3541 potui.
489 3478 564 3529 Mitto
583 3479 765 3529 observationes
783 3493 852 3528 meas
873 3475 913 3526 16.
934 3475 1096 3540 et27.lda1i
1116 3477 1225 3538 (Esenae
1242 3475 1363 3539 habitas).
1385 3478 1426 3529 16.
1445 3482 1507 3545 Mal.

148 3549 184 3611 (r.
203 3549 249 3612 at.)
274 3564 350 3600 mane
375 3549 400 3599 ln
421 3547 446 3598 ³.
470 3550 486 3604 b
506 3563 522 3599 a
540 3550 637 3599 sinistro
661 3564 728 3613 genu
747 3549 868 3613 Ophiuchi
890 3545 936 3596 12⁰
955 3546 1007 3605 48¹,
1028 3549 1127 3598 adext.
1151 3548 1217 3598 hum.
1239 3548 1302 3612 Oph.
1323 3549 1353 3597 5υ
1371 3549 1430 3604 28’;
1449 3552 1464 3606 b
1483 3559 1509 3601 et

149 3622 188 3682 ll:
208 3618 241 3671 8θ
259 3619 313 3669 52¹.
351 3619 394 3670 27.
422 3619 483 3684 Mej.
507 3620 523 3682 b
550 3633 566 3668 a
588 3621 635 3668 sin.
660 3634 726 3684 genu
754 3620 817 3685 Opb.
847 3616 894 3667 12υ
919 3618 971 3676 I'i‘,
998 3620 1029 3668 ab
1047 3621 1140 3669 Antare
1165 3617 1196 3667 9ο
1220 3617 1272 3676 23’,
1298 3634 1314 3670 e
1336 3624 1459 3684 superiore
1482 3624 1508 3671 in

148 3693 231 3743 fronte
249 3691 286 3757 ill
307 3688 355 3740 1³⁰
374 3688 426 3740 35¹.
453 3691 476 3752 ll
495 3692 526 3741 ab
546 3693 641 3740 Antare
661 3686 779 3748 15151ν
799 3706 815 3741 a
833 3691 883 3740 bor.
904 3692 977 3740 trium
995 3692 1021 3739 in
1039 3691 1118 3740 fronte
1131 3689 1166 3756 ill
1186 3685 1234 3739 21ο
1246 3687 1298 3747 46¹,
1318 3692 1421 3742 alumh.
1440 3692 1506 3743 dext.

151 3762 216 3828 Opb.
237 3758 335 3821 9⁰42‘,
355 3776 372 3812 a
389 3763 435 3812 sin.
458 3758 557 3810 19031.
592 3761 655 3824 bet
673 3761 708 3822 il:
727 3759 759 3810 8⁰
778 3759 829 3811 16⁴.

221 3850 401 3902 Fabricius
428 3848 482 3913 (lt.
501 3850 560 3900 Ian.
585 3845 678 3909 tuom:
708 3849 799 3912 Optica
821 3855 865 3898 tua
889 3850 964 3898 divini
987 3850 1022 3898 tui
1046 3850 1139 3915 ingenii
1163 3849 1325 3899 subtilitatem
1349 3851 1458 3901 ostendit
1483 3859 1509 3903 et

148 3922 330 3987 pulcherrimas
348 3921 480 3971 multarum
501 3936 582 3970 rerum
600 3922 799 3986 gravissimarum
822 3920 1045 3972 demonstrationes
1064 3922 1182 3971 continet.
1221 3920 1295 3970 Certe
1314 3921 1386 3972 cedro
1405 3924 1507 3989 dignum

146 3994 234 4056 Iudico
256 3992 353 4042 lihmm.
390 3993 474 4043 Prima
490 3991 641 4056 perlectione
659 3992 743 4041 notari
762 3992 893 4056 quaedam,
913 3992 944 4041 de
963 3994 1049 4055 quibus
1067 3998 1136 4042 tunm
1152 3991 1272 4054 judicium
1291 3999 1387 4056 expeto.

242 4062 335 4114 Scribis
354 4061 428 4128 (cap.
447 4062 518 4121 VIII,
538 4061 594 4124 5.):
613 4062 738 4113 Venerem
755 4070 841 4127 tegere
868 4064 977 4126 potuisse
997 4062 1078 4113 Solem
1106 4069 1165 4112 ante
1193 4061 1245 4110 200
1271 4076 1349 4113 annos
1373 4072 1399 4113 et
1422 4072 1509 4128 postea

150 4137 230 4186 etiam
246 4148 335 4219 posse,
360 4148 428 4186 nunc
451 4148 508 4185 rero
526 4149 584 4183 non.
621 4133 650 4184 Id
668 4134 727 4183 mihi
751 4128 914 4201 παραδοξον
937 4135 1015 4183 risum
1034 4135 1080 4184 init
1098 4136 1216 4198 cupioque
1235 4135 1266 4183 de
1285 4149 1314 4183 eo
1339 4134 1440 4185 ulterius
1463 4136 1508 4185 abs

148 4215 178 4258 ω
195 4206 429 4359 dentplerus
452 4282 506 4347 (11.
527 4284 583 4358 Qut·
610 4280 708 4345 ¹⁰⁰5l:
734 4274 837 4338 Solem
860 4276 967 4337 Venus
995 4295 1052 4336 non
1081 4283 1190 4349 totum,
1221 4276 1276 4337 sed
1302 4283 1418 4357 partem
1442 4276 1508 4356 ejus

149 4377 255 4448 tegere
279 4373 391 4447 potest.
439 4364 576 4445 Cumque
609 4365 695 4426 annis
723 4361 744 4427 8
775 4365 847 4426 fiant
877 4361 897 4426 5
932 4364 1157 4444 conjunctiones
1188 4363 1270 4426 Solis
1303 4373 1335 4425 et
1366 4364 1508 4438 Veneris,

150 4456 276 4518 Venere
300 4455 486 4534 retrograda,
511 4454 581 4515 illae
601 4450 621 4515 5
645 4453 733 4515 hodie
758 4453 801 4515 sic
826 4453 1038 4533 disponuntur,
1063 4462 1096 4514 ut
1119 4453 1201 4514 nulla
1224 4452 1253 4513 in
1277 4453 1416 4515 viciniam
1439 4453 1509 4515 nodi

150 4543 267 4608 veniat.
313 4543 454 4623 Angelus
478 4543 558 4604 enirn
587 4542 735 4604 maximae
766 4541 969 4603 inclinationis
993 4550 1042 4603 est
1065 4562 1089 4603 c.
1113 4537 1160 4605 4⁰.
1208 4541 1304 4620 Igitur
1327 4538 1366 4604 4⁰
1389 4564 1408 4603 a
1430 4543 1508 4603 nodo

150 4633 310 4697 iucIInatio
340 4640 390 4695 est
419 4652 445 4694 c.
478 4628 540 4706 16‘,
572 4650 719 4710 superans
752 4632 1006 4692 semidiametrunr
1030 4629 1128 4703 Solis,
1162 4630 1250 4709 idque
1284 4630 1508 4710 multomagis,

152 4722 227 4802 qnia
253 4723 308 4786 iila
333 4719 385 4785 16‘
409 4721 448 4783 oh
472 4722 584 4783 Terrae
613 4729 644 4781 et
673 4719 801 4781 Veneris
829 4720 1086 4799 propinquitatem
1117 4719 1206 4798 triplo
1237 4718 1379 4797 majorem
1408 4738 1509 4781 arcum

152 4810 272 4873 faciunt
280 4829 290 4887 3
313 4817 348 4873 nt
370 4809 489 4873 omnino
514 4809 553 4871 ad
576 4804 613 4870 1⁰
634 4807 888 4888 propinquitatem
912 4828 1036 4870 necesse
1052 4808 1092 4869 sit
1107 4808 1258 4869 Venerem
1278 4806 1306 4868 in
1328 4808 1406 4869 nodo
1430 4828 1508 4883 esse,

152 4898 181 4961 si
205 4900 261 4963 snb
284 4897 388 4963 Solem
419 4899 511 4962 debet
540 4897 700 4959 incurrere.
746 4895 816 4958 Jam
840 4895 1042 4959 revolutiones
1078 4893 1116 4959 13
1141 4895 1271 4956 Veneris
1301 4906 1331 4958 et
1354 4895 1375 4960 8
1399 4898 1510 4960 Terrae

152 4987 232 5052 finnt
262 4989 352 5052 valde
389 4988 554 5070 propinque
592 4987 893 5061 commensurabilos;
932 4987 1103 5049 tardissime
1140 4984 1232 5065 igitur
1265 4993 1510 5067 transponuntur,

208 5091 389 5144 ΗΜΘΝ·
410 5093 437 5136 ss·
542 5121 546 5128 ·
1282 5089 1298 5140 7
