3692 5842
356 455 417 524 l22
885 463 997 529 Epistola
1015 464 1185 516 Dedicatoria.

441 641 480 702 Et
516 642 572 701 duo
607 652 706 717 crant,
743 662 818 721 quae
843 642 992 723 'l'ychouis
1018 644 1127 705 llrahei
1162 653 1304 704 accurata
1334 643 1493 721 diligentia
1524 641 1650 721 primum
1681 640 1711 702 in

353 731 447 791 luceru
473 732 594 802 extulit,
632 734 671 793 ad
696 732 827 810 opticam
852 731 1009 792 scientiam
1034 733 1231 810 pertinentia;
1265 734 1392 792 alterurn
1417 732 1454 791 de
1479 732 1711 793 refractione

355 820 511 880 luminis
535 820 680 893 siderum,
717 820 862 897 reliquum
887 821 923 879 de
949 820 1195 882 diminutione
1222 821 1395 882 diametri
1423 822 1548 881 Lunae
1573 820 1602 880 in
1627 819 1711 881 Solis

353 908 500 986 deliquiis.
540 906 686 977 Quamvis
713 917 744 969 et
768 908 818 968 alii
844 909 976 968 nonnulli
1000 928 1053 987 per
1077 910 1156 970 illius
1176 911 1232 970 riri
1257 918 1447 970 monumenta
1467 918 1627 970 occurrant
1643 908 1710 981 loci,

352 997 460 1077 quibus
493 1007 683 1060 astronomos
719 998 769 1058 ille
795 997 831 1057 ad
864 997 979 1074 optices
1005 998 1140 1059 rimanda
1170 999 1313 1080 mysteria
1337 998 1450 1058 remisit
1467 1006 1506 1058 et
1530 997 1711 1059 adhortatus

352 1095 419 1146 est:
447 1085 521 1146 haec
546 1095 646 1147 tamen
672 1088 729 1147 duo
755 1086 857 1163 capita
881 1094 952 1145 sunt
975 1087 1144 1165 potissima.
1190 1088 1232 1148 Et
1252 1088 1465 1150 refractionuru
1481 1086 1599 1165 quidem
1625 1106 1712 1146 men-

352 1194 454 1235 suram
469 1175 606 1235 Braheus
626 1177 663 1236 ad
689 1194 791 1235 ornnes
817 1174 987 1235 altitudinis
1011 1177 1121 1253 gradus
1142 1177 1303 1254 diligenter
1327 1175 1538 1253 investigarit:
1564 1176 1618 1235 sed
1642 1195 1710 1235 curn

352 1283 446 1324 causa
470 1282 629 1324 mensurae
654 1265 782 1325 uorrdum
807 1273 889 1323 esset
914 1263 951 1322 ab
977 1265 1085 1342 opticis
1110 1268 1282 1344 patefacta,
1318 1276 1408 1324 natae
1439 1274 1507 1324 strat
1537 1264 1711 1343 implicatae

353 1353 389 1412 de
415 1352 524 1413 mundo
549 1353 644 1433 deque
671 1352 827 1414 elementis
852 1352 1090 1430 disputationes,
1117 1375 1170 1414 nec
1195 1356 1271 1415 satis
1297 1354 1447 1433 liquebat,
1483 1353 1647 1413 eaedernne
1671 1371 1710 1412 an

352 1441 491 1501 diversae
517 1451 619 1502 essent
643 1442 779 1503 omnibus
804 1440 989 1519 temporibus
1021 1443 1214 1522 omnibusque
1240 1444 1314 1504 locis
1339 1442 1552 1502 refractiones:
1583 1460 1621 1502 ex
1653 1459 1711 1520 quo

352 1529 479 1608 deniqne
514 1531 663 1610 sequitur,
698 1540 730 1591 ut
763 1530 939 1609 quaudoque
973 1528 1151 1592 observator
1183 1552 1256 1592 suae
1290 1531 1462 1610 diligentiae
1492 1539 1583 1609 atque
1608 1547 1710 1602 curae,

353 1636 443 1697 quarn
467 1618 545 1679 inter
568 1619 787 1680 observandum
803 1618 991 1691 adhibuerat,
1014 1620 1135 1680 nimium
1154 1620 1288 1681 tribuens
1306 1623 1460 1698 locumque
1484 1619 1593 1680 sideris
1617 1637 1711 1698 prae-

354 1706 501 1768 cisissime
535 1725 706 1786 supponens
741 1706 908 1785 cognitum,
944 1707 1216 1769 demonstrationes
1250 1710 1277 1770 in
1316 1710 1524 1769 difficultatem
1555 1707 1710 1786 conjiciat,

353 1804 462 1856 natura
493 1796 628 1869 luminis,
662 1797 826 1874 opticarum
858 1814 1016 1857 causarum
1047 1798 1251 1859 inconstantia
1274 1798 1484 1869 circumventi,
1518 1805 1637 1858 tautam
1661 1796 1711 1858 in-

352 1893 587 1946 strumentorum
612 1885 814 1946 subtilitatem
845 1904 902 1945 non
935 1903 1054 1964 semper
1084 1886 1273 1948 admittente.
1321 1887 1355 1948 Iu
1382 1887 1437 1946 hoc
1461 1886 1564 1965 itaque
1588 1883 1712 1964 negotio

352 1983 444 2053 capnt
467 1973 523 2034 IV.
551 1974 692 2034 insumsi:
726 1974 773 2034 cni
803 1982 926 2052 propter
950 1974 1151 2053 inquisitionis
1180 1977 1351 2037 methodum
1375 1973 1629 2054 praemittendum
1655 1974 1714 2034 luit

352 2062 474 2124 tertium
500 2072 530 2123 et
554 2081 624 2141 pars
648 2063 744 2142 primi.
778 2061 856 2131 Quin
873 2061 973 2123 'etiam
994 2063 1098 2124 umbra
1113 2064 1241 2125 Telluris
1257 2066 1284 2125 in
1309 2064 1544 2142 disputationem
1564 2062 1712 2134 trahitur;

351 2150 581 2213 retractionibus
606 2152 735 2213 inventis
760 2161 791 2213 et
815 2151 947 2230 cognito,
973 2152 1051 2232 quod
1075 2153 1150 2214 radii
1169 2153 1249 2215 Solis
1270 2173 1327 2214 non
1348 2153 1461 2214 eisdem
1485 2151 1579 2212 rectis
1594 2171 1611 2212 e
1628 2152 1713 2211 fonte

353 2240 393 2300 ad
408 2241 531 2302 Terram
556 2259 648 2319 usque
663 2241 816 2320 multoque
841 2239 936 2299 nrirrus
962 2242 1086 2302 ulterius
1112 2241 1276 2304 dimanant.
1314 2241 1407 2322 Atqui
1433 2241 1489 2302 hac
1510 2259 1542 2300 re
1567 2241 1595 2299 in
1622 2239 1712 2301 dubio

351 2337 510 2403 versante,
535 2329 743 2407 periclitamur
767 2330 803 2389 de
829 2329 970 2390 universa
994 2330 1110 2391 ratione
1135 2330 1329 2392 dimensionis
1353 2349 1508 2410 corporum
1532 2328 1712 2390 coelestium

352 2420 402 2490 (ut
424 2436 500 2496 quae
524 2418 562 2479 ab
588 2419 694 2479 umbra
717 2418 828 2479 Terrae
853 2417 1019 2496 dependet)
1050 2419 1106 2480 huc
1131 2429 1179 2481 est
1209 2420 1245 2480 de
1276 2439 1326 2493 eo,
1363 2419 1440 2497 quod
1469 2418 1497 2479 iu
1523 2417 1714 2480 astronomia

351 2506 647 2590 praestantissimum
672 2514 704 2567 et
727 2508 834 2585 vulgus
859 2506 1034 2568 admiratur
1052 2518 1082 2568 et
1105 2508 1276 2587 philosophi
1300 2508 1475 2570 collaudant
1498 2517 1590 2586 atque
1615 2525 1711 2568 rene-

351 2605 466 2660 rantur.
514 2596 562 2658 Ad
587 2596 729 2658 tuendam
755 2596 855 2674 itaque
879 2596 1062 2673 dignitatem
1087 2598 1289 2658 astronomiae
1305 2608 1336 2657 et
1360 2598 1437 2657 hanc
1453 2596 1595 2657 hostilem
1619 2595 1712 2657 dubi-

351 2684 478 2747 tationis
502 2704 602 2745 arcem
627 2685 873 2764 expugnandam,
908 2684 967 2745 etsi
1000 2687 1098 2764 eapite
1124 2686 1180 2748 IV.
1206 2697 1238 2747 et
1263 2686 1301 2748 V.
1336 2685 1449 2765 gradus
1481 2685 1574 2764 aliqui
1608 2682 1713 2763 magni

351 2774 452 2853 operis
475 2773 549 2835 facti
573 2781 605 2834 et
628 2774 739 2853 ingenii
764 2773 828 2835 acio
853 2774 938 2853 quasi
963 2774 991 2834 in
1017 2774 1194 2837 durissimas
1226 2795 1315 2855 rupes
1339 2774 1425 2836 incisi
1457 2782 1559 2834 erant:
1593 2781 1713 2835 tantum

351 2871 452 2925 tamen
477 2862 623 2923 remansit
645 2862 771 2936 laboris,
804 2871 837 2923 ut
868 2882 942 2942 opus
968 2873 1050 2924 esset
1080 2865 1223 2942 peculiari
1249 2865 1348 2943 capite
1372 2863 1444 2925 Vll.
1490 2860 1562 2923 Jam
1587 2863 1618 2924 iu
1642 2862 1712 2924 dia-

350 2951 456 3014 mctris
481 2950 685 3023 luminarium,
712 2952 789 3030 quod
813 2972 849 3012 er
875 2953 1037 3032 propositis
1056 2954 1111 3014 init
1127 2955 1265 3026 alterum,
1291 2953 1316 3013 si
1333 2952 1401 3031 qnid
1422 2951 1532 3013 erroris
1548 2952 1713 3012 committit

351 3040 448 3111 visus,
475 3040 502 3098 id
528 3059 594 3100 cnm
619 3040 647 3099 in
673 3040 840 3101 universam
857 3040 1024 3102 doctrinam
1041 3042 1194 3120 eclipsiurn
1220 3052 1281 3102 turn
1297 3042 1424 3102 maxime
1449 3041 1478 3101 in
1503 3041 1581 3101 hanc
1607 3041 1711 3110 etiarn,

350 3147 439 3208 quam
464 3129 540 3199 dixi,
573 3147 729 3207 corporum
754 3130 928 3191 coelestium
954 3131 1168 3192 dimensionem
1192 3132 1349 3191 redundat.
1399 3131 1503 3208 ltaque
1528 3138 1562 3190 ut
1585 3129 1711 3190 tabulae

350 3225 497 3291 motuum,
523 3236 598 3298 quas
628 3218 760 3278 auctoris
785 3230 880 3281 morte
905 3220 1087 3296 interruptas
1113 3220 1167 3281 hoc
1192 3230 1325 3298 ternpore
1343 3219 1493 3296 hlajestas
1519 3227 1573 3278 tna
1597 3235 1711 3297 propo-

349 3305 413 3368 suit
436 3306 637 3368 absolrendas
662 3306 750 3386 idque
765 3325 822 3367 uon
839 3308 961 3369 minimo
982 3320 1080 3369 sumtu
1105 3322 1262 3386 procurat,
1289 3320 1320 3369 nt
1344 3309 1400 3368 hae
1425 3307 1546 3387 iuquaur
1571 3308 1600 3367 in
1623 3317 1711 3385 parte

349 3395 396 3457 sui
419 3395 661 3475 spectatissima,
687 3396 723 3456 de
739 3395 820 3457 Solis
844 3407 876 3457 et
892 3396 996 3457 Lunae
1021 3398 1182 3470 laboribus,
1208 3418 1294 3458 suain
1310 3397 1555 3458 nanciscerentur
1580 3395 1710 3474 integri·

349 3492 462 3559 tatem,
488 3503 605 3546 omnem
630 3485 758 3564 lapidem
783 3487 975 3559 movendum,
1001 3487 1072 3547 nihil
1097 3488 1174 3565 quod
1201 3486 1433 3547 haesitationem
1457 3484 1588 3563 aliquam
1615 3486 1710 3546 reliu-

349 3593 439 3654 quere
463 3584 582 3655 posset,
607 3575 857 3655 praetereundum
882 3594 951 3635 esse
975 3576 1087 3636 censui.
1135 3574 1292 3646 Quatenus
1318 3576 1408 3653 igitur
1432 3575 1634 3634 instrumenta
1655 3591 1710 3634 nos

350 3664 456 3726 fallere
481 3664 601 3743 possint
625 3666 653 3727 iu
679 3663 905 3725 dimetientibns
930 3664 1117 3725 luminarium
1142 3665 1343 3744 explorandis,
1370 3664 1469 3742 capite
1485 3662 1524 3723 ll.
1546 3661 1710 3742 explicari:

350 3762 500 3833 quatenns
524 3773 594 3815 rero
619 3754 702 3814 risus
727 3752 790 3832 ipse
815 3754 855 3814 sit
879 3753 1027 3813 erroribus
1051 3754 1213 3826 obnoxius,
1247 3755 1346 3814 dicero
1371 3772 1436 3814 sum
1464 3770 1630 3828 aggressus
1654 3771 1708 3813 ca·

350 3841 414 3921 pite
441 3842 478 3902 V.
525 3840 658 3923 Cumque
683 3842 774 3903 fuerit
799 3852 864 3902 tota
888 3842 971 3902 risus
996 3843 1072 3903 ratio
1092 3861 1129 3901 ex
1151 3844 1265 3920 integro
1281 3841 1471 3921 explicanda,
1491 3860 1568 3919 quac
1593 3841 1712 3902 refrac-

350 3929 483 3990 tionibus
507 3932 657 4009 perficitur
681 3940 712 3992 et
736 3929 924 3992 simulachris
949 3950 1045 3992 rerum
1070 3932 1199 3992 visarum
1217 3943 1248 3992 et
1271 3931 1429 4003 coloribus,
1455 3948 1511 3989 non
1528 3928 1621 3989 debet
1645 3928 1712 3990 cni·

349 4037 439 4099 quarn
463 4020 558 4082 rideri
582 4021 703 4093 mirum,
730 4020 754 4080 si
781 4021 880 4098 capite
896 4020 952 4081 IV.
980 4020 1007 4081 in
1033 4021 1099 4082 coni
1123 4022 1289 4092 sectiones,
1315 4019 1526 4081 refractionunr
1547 4017 1626 4079 oculi
1648 4021 1710 4079 for·

351 4108 508 4181 matrices,
543 4110 643 4189 capite
669 4110 706 4170 ll.
740 4109 768 4169 in
803 4111 980 4188 spectacula
1012 4110 1114 4188 optica
1144 4107 1192 4170 Jo.
1217 4110 1307 4187 Bapt.
1333 4109 1459 4177 Portae,
1494 4107 1594 4185 eapite
1619 4107 1646 4169 l.
1681 4106 1711 4168 in

349 4205 486 4258 naturam
512 4200 586 4260 lucis
612 4209 643 4259 et
666 4199 814 4266 colorum,
840 4208 873 4258 et
895 4199 967 4259 alihi
984 4199 1011 4258 in
1029 4199 1089 4257 alia
1104 4200 1193 4276 paulo
1211 4198 1328 4276 longius
1352 4215 1417 4257 snm
1432 4195 1597 4273 digressus.
1632 4196 1711 4258 liam

349 4286 469 4348 etiamsi
493 4288 532 4348 ad
557 4288 771 4349 astronomiam
787 4288 858 4349 nihil
883 4289 1085 4349 conducerent
1109 4286 1164 4346 hae
1180 4288 1339 4360 materiae,
1364 4304 1417 4364 per
1436 4305 1468 4346 se
1484 4294 1585 4344 tamen
1602 4284 1712 4364 dignae

349 4377 470 4451 cognitu
495 4386 575 4437 sunt.
623 4376 754 4437 Rursum
778 4378 877 4455 capite
894 4378 949 4438 IX.
968 4373 1111 4445 inventis,
1138 4378 1216 4453 quod
1241 4377 1329 4454 vulgo
1347 4375 1439 4435 fertur
1464 4372 1562 4444 tacile,
1588 4372 1712 4434 inventa

349 4464 450 4524 addidi
477 4474 507 4525 et
532 4465 588 4524 has
614 4464 801 4526 lurrriuarium
826 4465 1017 4525 dimetientes
1042 4462 1127 4523 docui
1152 4465 1229 4524 eitra
1254 4464 1363 4525 erroris
1394 4464 1492 4523 aleam
1525 4481 1712 4532 mensurare,

349 4553 450 4633 capite
477 4553 564 4614 l'lll.
590 4573 680 4626 vero,
706 4554 864 4614 occasione
880 4554 960 4612 Solis
985 4551 1149 4628 eclipsium,
1177 4554 1254 4614 iuter
1278 4573 1310 4612 se
1335 4570 1520 4630 comparare.
1569 4549 1612 4610 Et
1637 4551 1712 4611 hac·

349 4648 437 4702 tenus
462 4641 581 4721 quidem
601 4643 704 4723 Tycha
728 4642 827 4702 llrahe
853 4642 924 4702 milri
950 4641 1139 4701 occasionem
1165 4642 1314 4702 scribendi
1338 4642 1529 4720 praebuerat.
1719 4709 1723 4714 ¹

438 4733 483 4792 st
507 4750 572 4792 cum
597 4732 757 4810 quaejam
782 4730 935 4791 recensita
958 4738 1044 4796 suut,
1077 4731 1265 4807 potissimam
1291 4750 1390 4790 eornm
1415 4738 1532 4808 partem
1555 4729 1712 4806 complec-

350 4826 462 4894 tantur,
486 4841 563 4901 quae
588 4821 626 4880 de
651 4820 837 4881 astronomia
861 4819 919 4879 diei
945 4839 980 4878 ex
1006 4818 1107 4895 optica
1122 4832 1259 4896 possunt,
1285 4821 1408 4897 jamque
1434 4819 1508 4879 liber
1532 4837 1611 4897 peno
1635 4819 1712 4879 titu-

349 4906 409 4968 lam
439 4921 603 4972 mereretur
632 4908 892 4972 Astronomiae
916 4907 1103 4985 Opticae,
1127 4926 1236 4985 operae
1260 4908 1466 4987 compendium
1491 4925 1537 4967 rue
1562 4908 1713 4968 iacturum

348 4996 468 5076 putavi,
504 4998 547 5064 si,
577 4998 752 5078 quantulum
777 5005 844 5057 erat
868 4997 994 5070 residui,
1021 5007 1052 5055 et
1077 4996 1171 5074 ipsum
1195 4997 1402 5077 adjungerem:
1436 5007 1525 5059 erant
1546 5005 1650 5060 autern
1674 4995 1712 5058 de
