3692 5842
1244 358 1257 389 Ι

565 487 652 541 nono
670 487 773 555 uepres
791 487 943 557 momqn
960 495 1070 541 monn.
1428 483 1489 554 791

142 660 238 722 andern
255 662 488 729 uuiderleglicben
505 665 704 729 probationibus,
723 682 751 717 ro
769 665 824 725 ich,
847 680 921 717 nnn
940 657 1026 718 ich‘es
1044 668 1154 732 pendet
1171 665 1256 725 hatte,
1285 677 1331 732 par
1348 679 1410 731 geru
1427 664 1500 722 ilber-

144 732 275 784 aahriehau
292 735 374 785 haban
392 736 483 785 vdllte.
908 794 912 801 .
1410 753 1413 762 ¹

232 804 314 857 Dabei
332 807 392 856 abar
409 808 476 857 volit
493 807 533 857 ich
550 823 617 874 geru·
629 810 655 857 in
674 816 751 867 etwas
770 810 944 873 expostuliren,
964 809 1022 858 oder
1040 806 1104 860 doch
1122 809 1171 859 deu
1183 807 1264 860 Herru
1282 808 1428 865 stimulireu,
1446 807 1502 859 vail

143 875 178 929 Er
196 877 288 927 eiurnal
307 878 372 927 diem
390 872 627 947 παραδοξοπατον
652 881 720 931 vabr
737 883 790 932 sein
809 882 948 938 beiuudeu,
967 895 1061 930 warum
1079 881 1112 931 Er
1129 882 1167 931 nit
1190 880 1256 931 auch
1274 880 1318 934 der
1335 879 1430 931 andern
1449 887 1499 930 tra·

145 947 232 998 ditioni
250 949 282 999 de
295 948 394 1000 Venere
412 959 456 1014 per
468 950 618 1003 Mercurium
635 952 757 1016 'eclipsata
774 953 892 1018 gedenit,
912 953 951 1003 vel
970 954 1058 1017 potius,
1078 954 1114 1001 uti
1127 947 1202 1002 rerba
1220 959 1318 1013 sonant,
1338 951 1402 1017 quod
1414 952 1503 1001 summi

137 1020 256 1079 minerii
273 1022 353 1071 instar
370 1021 482 1071 habitum
500 1024 595 1080 iuerat,
613 1024 754 1074 Luciferum
771 1027 796 1074 in
815 1026 882 1075 coelo
901 1040 951 1086 pon
970 1026 1150 1088 comparuisse,
1170 1024 1243 1089 idque
1262 1038 1327 1073 auno
1346 1037 1370 1073 a.
1390 1022 1435 1072 cb.
1455 1022 1501 1073 IV.
1577 1063 1580 1068 ,

142 1090 178 1144 ΕΙ
195 1098 262 1143 vbre
280 1092 344 1142 ydhl
361 1092 440 1145 iremd
458 1095 614 1153 auzuhdreu,
642 1096 706 1160 quud
724 1094 859 1146 Mercurius
877 1098 955 1160 possit
983 1096 1128 1145 obumbrare
1146 1095 1293 1159 particulam
1313 1093 1390 1153 Sulis,
1410 1101 1436 1144 et
1453 1110 1503 1145 nou

93 1209 95 1213 ,
145 1162 225 1213 multe
242 1164 323 1231 magis
341 1164 439 1216 stellam
451 1159 563 1217 Veneris.
590 1166 623 1217 So
642 1169 673 1216 ist
692 1168 731 1217 die
750 1169 886 1217 observatio
899 1168 1016 1218 Mercurii
1033 1167 1078 1216 sub
1092 1166 1149 1217 Sole
1168 1167 1242 1217 allein
1261 1167 1385 1231 apriratu
1402 1166 1504 1216 homine

147 1233 245 1300 erlolgt,
263 1250 316 1286 vas
335 1235 395 1287 aber
413 1236 444 1287 de
457 1237 555 1288 Venere
573 1239 678 1289 tradiert
695 1240 802 1299 worden,
822 1240 866 1288 das
885 1239 931 1288 hat
948 1253 1014 1304 gano
1026 1238 1090 1288 Rom
1103 1238 1239 1299 (damalen,
1258 1239 1304 1287 vie
1323 1253 1349 1287 es
1364 1238 1391 1288 in
1409 1252 1504 1290 summu
1561 1265 1564 1270 ·
1626 1219 1628 1223 ὗ

145 1306 207 1356 llere
224 1312 339 1373 genesen
356 1307 408 1356 und
426 1309 488 1359 coeli
511 1310 693 1360 observationes
720 1311 817 1374 publice
835 1312 861 1359 in
879 1326 926 1360 usu
943 1307 1070 1375 genesen)
1087 1325 1130 1374 pro
1154 1311 1260 1360 maximo
1284 1314 1381 1359 ostentu
1400 1316 1426 1359 ct
1444 1324 1500 1373 pru·

146 1377 214 1445 digis
232 1378 359 1449 gehdten
395 1379 450 1431 Das
468 1380 518 1431 hab
536 1382 577 1431 ich
595 1381 670 1431 aileiu
689 1384 875 1433 ax.curloritate
894 1383 942 1432 den
961 1381 1041 1433 Herm
1060 1384 1175 1432 canneru
1192 1381 1288 1433 vellen.

236 1449 309 1502 Bleib
326 1450 379 1503 lme
397 1451 532 1536 beiuebens
550 1467 688 1519 augoneme
706 1453 798 1504 Dieuet
814 1454 865 1505 und
891 1451 957 1504 anch
984 1453 1045 1504 alles
1062 1452 1137 1528 Liebs
1159 1439 1210 1505 und
1237 1460 1309 1520 grets
1327 1467 1359 1504 au
1377 1459 1503 1518 ebremou

147 1534 333 1646 8Μέῗὼ
350 1575 477 1646 Miiuchcu
495 1595 519 1644 d.
540 1593 564 1645 5.
584 1595 642 1647 Juu.
665 1587 741 1645 itte.

176 1673 181 1682 ‘
410 1727 425 1748 x
1129 1667 1154 1718 J.
1183 1668 1213 1718 G.
1240 1666 1413 1719 Herrrart.

235 1753 358 1807 Libellum
375 1756 476 1822 Lipsiae
494 1756 681 1821 imprimeudum
699 1757 794 1824 curarit
810 1756 834 1806 J.
854 1755 1025 1812 Tanckiur,
1039 1756 1085 1806 ,cui
1103 1756 1226 1821 Keplerus
1245 1755 1270 1805 d.
1292 1755 1333 1806 ¹2.
1353 1755 1415 1819 Maji
1434 1752 1503 1806 tete

147 1832 241 1900 (comp.
259 1834 281 1894 13
300 1852 324 1901 p.
343 1832 408 1899 375)
431 1837 495 1889 baec
512 1838 574 1890 dat:
597 1829 731 1890 Libellos
756 1848 839 1890 meos
863 1829 977 1890 excude
996 1835 1030 1891 ut
1048 1823 1107 1891 'vta
1143 1829 1178 1890 Iu
1196 1827 1385 1910 praefatione
1399 1828 1502 1891 Phae-

145 1917 266 1980 nomeui
290 1919 469 1999 singularis:
496 1919 646 1994 „Veneris
666 1927 698 1979 et
716 1917 878 1981 Mercurii“
905 1917 1022 1997 scripsi,
1047 1917 1135 1979 debui
1161 1917 1262 1994 „Sulis
1284 1925 1319 1980 et
1340 1917 1501 1982 Mercurii“

144 2008 270 2089 ponere.
299 2007 389 2069 Mitte
413 2010 551 2088 pagellas
576 2008 757 2070 successive.

235 2095 293 2148 Nun
318 2098 357 2147 ita
383 2098 496 2162 expedite
523 2099 671 2162 processisse
697 2094 876 2161 typographum
904 2101 1009 2161 apparet
1034 2109 1064 2145 ex
1086 2092 1134 2144 hac
1153 2093 1259 2146 Tauulrli
1286 2096 1443 2160 responsione
1462 2096 1517 2146 dia·

147 2166 191 2218 ab.
205 2167 269 2218 Nor.
288 2168 350 2219 duta
368 2169 401 2218 ad
419 2170 504 2219 literas
516 2169 618 2233 Kepleri
637 2168 787 2231 deperditas,
806 2181 870 2231 quae
889 2168 961 2216 modo
978 2168 1126 2230 praemissas
1144 2168 1252 2230 proxime
1270 2168 1417 2218 subsecutae
1436 2173 1501 2218 suut.
1596 2167 1599 2182 ²

236 2238 352 2290 Salutem
379 2247 405 2290 et
432 2255 540 2291 amorem
567 2240 720 2303 oificiolaqno
747 2240 920 2302 promtissima.
958 2238 1062 2287 Tardius
1090 2238 1122 2288 ud
1140 2238 1222 2295 Tuas,
1250 2236 1458 2297 VirClariatirue
1477 2244 1503 2288 et

145 2310 373 2369 Praestantissima,
393 2312 537 2376 respondeo.
562 2313 705 2376 Aegerrime
724 2326 810 2374 nempe
829 2310 882 2366 tuli,
902 2310 967 2374 quod
986 2324 1002 2358 a
1020 2309 1182 2374 Typographo
1202 2308 1300 2359 delusus
1318 2309 1353 2359 lul
1371 2310 1501 2367 hacteuus,

145 2384 188 2448 qui
206 2390 274 2432 certe
292 2385 415 2447 promisit,
431 2377 608 2433 se‘editonem
625 2383 699 2432 libelli
719 2384 753 2431 tui
766 2389 955 2433 matnrncnmm.
982 2380 1031 2430 Sed
1049 2381 1108 2445 quid
1119 2379 1166 2429 fit?
1186 2380 1296 2431 Excusat
1313 2396 1349 2439 se,
1368 2380 1433 2446 quud
1448 2383 1502 2444 jam
1528 2436 1532 2442 ,

146 2455 275 2504 οιουᾶοήι
286 2454 451 2525 Μετεωρον.
476 2454 526 2505 Sed
544 2455 615 2505 mbto
633 2453 757 2504 hominem
776 2459 801 2503 et
819 2452 850 2503 de
868 2452 1029 2518 typographis
1047 2453 1112 2503 idam
1130 2454 1292 2515 pronunciare
1311 2467 1418 2519 possum,
1437 2452 1502 2518 quod

144 2525 269 2590 losephue
287 2526 415 2592 Scaliger:
436 2526 545 2585 ,nnllam
563 2528 689 2576 natorum
708 2539 761 2576 esse
780 2526 809 2572 iis
828 2524 1036 2574 mendaciorem.“
1062 2522 1149 2580 Junior
1167 2524 1266 2573 Grosius
1285 2525 1418 2575 editionem
1435 2524 1502 2576 brari

145 2598 262 2661 parabit;
281 2600 334 2663 typi
352 2599 391 2648 rel
410 2599 504 2664 figurae
522 2605 580 2647 sunt
598 2599 624 2646 iu
636 2598 702 2662 ligno
720 2598 814 2646 incisae
827 2604 852 2645 et
864 2597 948 2645 omnia
960 2597 985 2644 iu
1002 2601 1108 2659 promtu,
1126 2595 1198 2645 medo
1217 2596 1383 2661 typographus
1401 2595 1502 2648 manum
1602 2621 1613 2640 κ

145 2676 246 2718 tantum
265 2669 403 2720 minorem
429 2670 479 2721 Sed
497 2684 562 2719 nuuc
581 2670 646 2720 brevi
666 2667 812 2718 admovebit.
840 2668 978 2717 Ferendum
996 2668 1070 2733 igitur
1088 2667 1152 2731 quod
1170 2680 1218 2716 nec
1235 2672 1263 2715 tu
1275 2682 1322 2718 nec
1341 2681 1388 2733 ego
1405 2661 1525 2718 mutara'

178 2740 305 2790 inurimur.
780 2756 783 2766 ·
1502 2779 1503 2783 ,

145 2754 178 2804 po
236 2811 302 2861 Hinc
326 2813 418 2863 mansit
436 2794 560 2863 Tunckine
579 2811 612 2862 ad
632 2807 957 2875 „physiologico-Medioa“‚
978 2808 1011 2859 ad
1028 2809 1131 2873 Kepleri
1156 2810 1313 2875 quaestiones
1340 2809 1500 2875 respondens,

149 2883 215 2948 quod
227 2897 258 2933 ex
268 2882 306 2932 hia
319 2884 423 2933 Tanckii
436 2885 514 2934 verbis
534 2883 727 2934 concludendum
741 2890 795 2932 est:
814 2881 986 2931 Ventriculum
1003 2881 1057 2930 ollis
1076 2880 1211 2945 comparas.
1227 2905 1261 2917 ·-
1278 2882 1309 2931 ln
1328 2895 1357 2931 eo
1377 2890 1431 2936 ate
1448 2896 1499 2932 unu

149 2954 276 3017 mutio,
294 2955 359 3019 quod
377 2955 407 3005 de
426 2963 500 3020 epate
519 2956 636 3015 affirmas,
655 2958 760 3018 probant
778 2954 802 3003 id
816 2953 901 3002 scirrhi
918 2952 1119 3017 hydropicorum:
1140 2953 1257 3004 dissemio
1276 2968 1332 3003 reru
1350 2958 1403 3003 ate
1421 2954 1447 3003 iu
1460 2965 1499 3011 ed,

148 3026 214 3091 quod
232 3025 290 3076 lieni
308 3027 429 3076 attribuis.
467 3026 593 3077 Carbones
611 3040 661 3076 nou
679 3026 859 3085 subministrat,
884 3026 965 3087 potius
982 3026 1033 3074 auis
1051 3025 1126 3073 radiis
1144 3025 1238 3089 frigidis
1257 3019 1355 3075 auitum
1373 3024 1501 3075 ventriculi

149 3097 330 3148 emendet...
358 3097 528 3163 Magneticam
556 3099 604 3147 rim
632 3111 739 3162 agnum
758 3099 784 3145 in
802 3096 936 3145 ventriculo
963 3095 1149 3164 putreiactionis
1173 3095 1239 3158 chyli
1262 3098 1375 3153 radone,
1403 3097 1444 3161 qui
1463 3101 1501 3148 att

149 3167 280 3219 Archous:
298 3168 349 3219 uun
360 3185 418 3219 veru
436 3178 558 3234 quatenus
577 3169 625 3218 lieu
638 3169 720 3218 radios
739 3183 795 3217 auos
813 3169 889 3217 mittit
908 3167 940 3216 ad
952 3165 1114 3217 ventriculum
1132 3167 1242 3217 calidos:
1259 3169 1308 3217 ulai
1320 3168 1383 3218 furta
1396 3163 1500 3233 ‘tripidor

148 3254 248 3292 mecmn
266 3255 309 3291 eus
327 3256 381 3291 erse
400 3242 467 3291 ralia
478 3278 484 3290 .
497 3276 503 3291 .
515 3239 528 3289 .’
550 3241 624 3301 Quae
640 3240 672 3291 de
689 3247 814 3289 structura
831 3238 905 3288 silens
929 3239 1072 3295 ventriculi,
1097 3238 1142 3288 illa
1159 3253 1220 3288 nou.
1232 3245 1321 3294 conta
1337 3254 1378 3290 me
1396 3240 1439 3304 aad
1457 3249 1500 3304 pte

147 3326 198 3370 mc,
217 3313 276 3378 qula
293 3302 340 3362 itls'
354 3319 453 3377 propter
471 3303 640 3368 ventriculum,
659 3327 709 3360 nou
726 3314 825 3373 prepter
842 3309 1047 3374 putrefactioupm
1066 3309 1131 3372 chyli
1148 3310 1187 3359 vel
1205 3310 1344 3361 auctionem
1359 3308 1405 3362 bo.

91 3392 93 3395 ·
237 3369 326 3433 Nivem
344 3392 487 3434 montanam
505 3384 577 3433 simul
596 3384 629 3434 ad
648 3390 673 3432 te
691 3384 779 3444 mitto3
800 3396 856 3431 eam
873 3381 1062 3445 liquefecisset
1079 3382 1105 3430 in
1124 3395 1215 3446 aquam
1232 3382 1348 3433 resolvar.

237 3455 286 3505 Die
305 3454 409 3520 denique
429 3452 470 3504 11.
490 3457 548 3520 Apr.
570 3452 645 3503 1609.
663 3454 727 3503 haec
746 3454 791 3502 dat
808 3452 934 3502 Tanchlus
952 3453 1074 3516 Keplaro:
1095 3452 1159 3502 clar.
1178 3454 1230 3510 Vir,
1251 3454 1331 3503 amice
1348 3453 1499 3505 honorande.

147 3526 264 3591 Turpiter
280 3542 320 3577 me
340 3527 437 3592 decepit
455 3523 601 3592 bibliopola,
627 3527 691 3592 quod
709 3525 861 3589 promissioni
879 3539 929 3572 uon
948 3525 1051 3574 steterit.
1090 3524 1190 3573 Sumtus
1208 3524 1268 3574 lecit
1284 3527 1311 3574 iu
1329 3524 1499 3589 exsculpeudlr

148 3599 235 3665 figuris
253 3598 373 3648 omnibus.
398 3597 567 3648 Phaenomeui
585 3604 643 3647 suut
660 3600 686 3647 iu
704 3595 889 3661 typographeio.
914 3595 1033 3659 Reliquas
1052 3592 1098 3657 (ad
1115 3595 1156 3646 lib.
1176 3596 1206 3645 de
1224 3595 1328 3647 Cometa
1345 3598 1404 3646 anui
1418 3591 1500 3657 itta)
1592 3617 1602 3635 ·

149 3670 184 3721 ad
202 3669 241 3720 me
259 3670 341 3734 recepi
360 3671 497 3720 ebremari
517 3666 583 3733 apud
601 3685 640 3719 me
659 3671 738 3719 donec
764 3674 896 3731 repeteres.
934 3665 1069 3717 Minoribus
1097 3668 1216 3717 sumtibus
1240 3683 1307 3718 nuuc
1332 3666 1398 3732 apud
1415 3668 1500 3718 nursi

148 3742 234 3808 placat
250 3747 333 3806 potest
350 3742 445 3791 excudi.
483 3741 583 3791 interim
601 3756 641 3793 me
660 3745 803 3790 excusatum
820 3738 928 3795 habeas,
947 3738 1100 3788 voluntatem
1119 3749 1227 3803 agnosce
1244 3754 1288 3803 pru
1305 3739 1435 3789 facultate.
1472 3736 1499 3789 Si

148 3828 190 3864 rea
201 3826 274 3863 meac
286 3812 407 3870 tulissent,
423 3813 619 3876 jamaliquoties
631 3815 727 3863 animus
740 3812 794 3865 init,
805 3817 900 3858 sumtus
912 3810 995 3859 iacere
1008 3825 1039 3859 ex
1049 3812 1145 3874 proprio
1161 3811 1284 3874 marsupio
1301 3810 1499 3876 typopmpbicoa

149 3883 202 3935 Sed
220 3899 286 3934 nunc
305 3886 407 3949 agnovi,
427 3897 510 3934 rerum
529 3898 583 3933 esre
601 3884 660 3933 illud
678 3882 778 3932 Domini
796 3880 932 3946 Scaligeri:
963 3881 1072 3939 ,nuliam
1096 3884 1222 3932 natomm
1245 3882 1427 3932 mendaciorem
1444 3896 1501 3935 aesc
1594 3894 1597 3900 '

149 3954 310 4021 typographis
337 3961 363 4004 et
389 3955 550 4018 bibliopolis.“
588 3954 638 4005 Sed
663 3951 753 4004 valeas.
791 3952 830 4004 Tu
848 3960 932 4014 autem
950 3952 1087 4026 'l'anchium
1111 3961 1181 4003 tuum
1209 3967 1293 4003 amara
1317 3968 1367 4004 neu
1391 3954 1499 4007 desinas.
1526 4014 1529 4018 ¹

141 4027 217 4091 ‘Vale
236 4033 261 4077 at
279 4026 369 4084 Salve,
395 4028 429 4075 mi
455 4027 573 4090 Keplers.
609 4028 723 4092 Accipies
748 4033 819 4089 typos
842 4030 963 4089 quatuor:
991 4030 1060 4074 tuum
1077 4024 1125 4076 huc
1149 4026 1250 4076 missum
1271 4039 1389 4091 maguum
1407 4033 1433 4078 et
1449 4032 1500 4078 tras

150 4112 248 4164 parvus,
266 4113 327 4165 quos
345 4113 391 4165 ego
410 4098 533 4150 delineari
550 4112 580 4150 ex
596 4104 640 4149 tuo
658 4113 739 4162 opere.
1283 4120 1285 4124 ¹

714 4392 949 4406 *un—.-
