3692 5842
353 507 416 574 148
821 509 1011 576 Paralipomena
1029 511 1054 562 ia
1073 509 1244 564 Vitellioaem.

441 691 471 744 ln
500 697 601 760 quarta
631 688 735 741 discere
766 691 861 758 cupio,
893 690 915 742 si
938 691 987 744 lux
1010 690 1066 756 (rel
1092 690 1115 743 si
1136 708 1195 745 cum
1217 690 1359 764 Scaligero
1379 691 1451 746 libet
1480 690 1663 760 distinguere,
1679 677 1715 744 ⁸¹)

351 767 456 832 lumen)
479 788 532 823 non
554 777 598 823 cst
619 770 744 822 defluxus
767 785 784 821 a
806 787 919 839 corpore
942 772 1064 834 lucente,
1092 774 1224 840 quemodo
1246 773 1282 826 sit
1308 772 1393 844 igitur
1417 771 1581 841 praesentia
1602 769 1665 837 ejus
1687 770 1714 823 in

349 851 511 922 pellucido?
543 850 571 904 si
593 850 640 902 Sol
662 857 704 902 est
726 850 753 901 in
775 856 840 902 aere
871 867 1003 919 praesens
1025 859 1055 905 et
1080 859 1172 905 tamen
1202 853 1302 906 affixus
1328 852 1356 906 in
1382 853 1472 916 coelo,
1503 868 1554 921 per
1580 851 1715 904 effluxum

350 932 438 1004 igitur
459 932 486 984 in
514 936 580 984 abre
611 946 744 998 praesens
775 931 837 983 erit.
879 932 938 984 Nisi
969 932 1040 985 forte
1070 933 1195 985 occultae
1224 932 1417 1003 philosophiae
1448 931 1590 1001 quippiam
1615 931 1643 984 in
1671 931 1715 984 his

350 1011 560 1067 admirabilibus
583 1011 654 1063 latet
669 1010 775 1062 verbis:
800 1013 869 1079 quod
885 1012 993 1081 quidem
1010 1013 1158 1065 admiretur
1178 1014 1346 1083 incognitum
1361 1014 1403 1067 cui
1417 1012 1548 1074 labuerit,
1569 1011 1715 1065 doctrinae

350 1092 442 1161 cupidi
465 1091 557 1145 verbis
579 1090 706 1143 inanibus
728 1107 781 1141 nen
804 1091 953 1144 satiantur.
988 1094 1066 1145 Adde
1081 1094 1152 1162 quod
1174 1095 1321 1147 seeundum
1342 1096 1534 1147 demonstrata
1553 1092 1607 1144 hoc
1620 1091 1715 1161 capite

350 1172 444 1227 radius
467 1172 494 1224 in
516 1171 662 1240 perspicuo
685 1170 833 1239 (quatenus
860 1170 1047 1240 perspicuuml
1074 1190 1127 1225 nen
1154 1181 1212 1235 est,
1243 1176 1289 1226 sed
1312 1173 1364 1227 mit
1383 1175 1429 1228 rel
1455 1173 1535 1243 quasi
1557 1172 1620 1225 fuit.
1662 1171 1715 1224 Est

348 1269 414 1307 vero
436 1252 464 1306 in
485 1251 551 1305 solis
572 1267 663 1304 rerum
684 1250 820 1304 coloribus
843 1262 872 1303 et
894 1253 1098 1320 superficiebus.

440 1334 485 1386 lta
506 1331 627 1402 quintam
650 1332 720 1382 omni
742 1340 870 1398 respectu
893 1349 975 1401 nego.
1005 1332 1067 1385 Sira
1083 1333 1154 1386 enim
1168 1332 1283 1386 nominis
1304 1334 1397 1402 apices
1417 1342 1564 1395 sectamur,
1587 1330 1715 1401 equidem

349 1413 524 1484 perspicuum
546 1419 609 1464 actu
632 1428 684 1463 nen
707 1418 750 1462 est
771 1411 822 1461 nisi
843 1428 894 1479 per
914 1415 985 1482 quod
1007 1413 1055 1465 lux
1078 1413 1242 1465 transitione
1268 1413 1345 1466 lacta
1366 1414 1391 1465 in
1413 1412 1550 1481 parietem
1573 1410 1714 1480 impingit.

349 1494 427 1548 Tunc
448 1493 534 1563 igitur
555 1492 604 1543 lux
627 1507 680 1543 non
702 1499 745 1542 est
767 1490 840 1543 illius
863 1492 975 1545 habitus
1007 1494 1179 1562 praesentia,
1211 1495 1257 1545 sed
1280 1494 1383 1562 aliquid
1414 1492 1533 1561 amplius
1555 1491 1611 1545 bac
1633 1506 1715 1560 prac-

350 1573 450 1628 sentia.
491 1572 614 1625 Nominis
636 1570 706 1623 enim
730 1570 807 1640 origo
830 1589 882 1624 non
904 1583 946 1625 est
968 1589 986 1625 a
1007 1574 1067 1625 luce
1089 1574 1158 1642 ipsa,
1182 1576 1228 1626 sed
1250 1581 1357 1627 amatu
1379 1572 1447 1625 lucis
1469 1587 1643 1641 percorpus
1666 1579 1715 1624 aut

348 1653 422 1706 risus
444 1668 623 1721 percorpus.
667 1650 721 1702 Seu
743 1650 832 1720 magis
855 1661 958 1704 natura
985 1653 1122 1721 perspicui
1144 1654 1251 1722 placet,
1276 1656 1345 1707 adeo
1373 1653 1505 1706 distincta
1527 1659 1594 1705 sunt
1614 1652 1667 1704 lux
1687 1658 1715 1702 et

349 1732 488 1803 perspicui
510 1732 606 1793 forma,
629 1740 661 1782 ut
681 1747 715 1782 ne
737 1731 844 1800 quidem
865 1734 917 1785 sub
939 1732 1061 1800 ejusdem
1075 1733 1186 1803 generis
1208 1734 1315 1804 physici
1337 1734 1483 1802 complexu
1505 1749 1568 1786 esse
1591 1731 1714 1801 possint:

348 1830 409 1867 eum
430 1815 463 1865 de
483 1812 630 1881 perspicuo
653 1818 772 1879 negetur
793 1813 876 1873 color,
899 1812 951 1865 hoc
973 1819 1016 1864 est
1037 1813 1190 1867 omnimoda
1213 1815 1279 1877 lux,
1303 1822 1423 1885 negetur
1443 1814 1619 1882 superficies,
1642 1827 1715 1882 quae

350 1911 404 1948 non
425 1900 547 1962 negatur
567 1893 600 1943 de
623 1891 697 1952 luce,
721 1898 841 1960 negetur
861 1893 978 1961 denique
1000 1893 1137 1954 densitas,
1167 1910 1237 1963 quae
1260 1894 1322 1962 ipsa
1349 1895 1434 1947 etiam
1455 1893 1510 1946 luci
1537 1893 1716 1961 relinquitur.

438 1974 534 2042 Neque
556 1973 590 2024 de
612 1978 695 2023 sexta
715 1971 798 2023 aliter
819 1973 907 2025 sentio
934 1988 1015 2041 quam
1041 1972 1109 2036 hoc,
1139 1975 1208 2042 quod
1236 1975 1287 2026 sub
1309 1973 1483 2041 Empedoclis
1509 1987 1634 2043 persona
1655 1971 1718 2040 ipsa

348 2053 453 2108 veritas
477 2053 513 2105 sit
534 2052 642 2113 locata,
670 2053 811 2103 dummodo
840 2052 892 2104 hoc
919 2052 1059 2119 excipias,
1088 2053 1174 2105 lucem
1203 2052 1241 2105 sic
1270 2059 1417 2106 extensam
1438 2069 1455 2105 a
1476 2052 1543 2106 Sola
1563 2053 1592 2105 in
1615 2051 1716 2104 Terras

346 2149 444 2203 usque,
466 2149 516 2200 pro
538 2131 672 2184 materiae
701 2131 847 2183 densitatis
870 2138 898 2183 et
920 2132 1067 2200 opacitatis
1094 2132 1269 2201 proportione
1292 2134 1319 2185 in
1340 2133 1502 2186 intermedio
1524 2134 1641 2193 adesse,
1664 2131 1716 2184 hoc

345 2221 389 2267 art
410 2213 437 2266 in
458 2211 605 2280 perspicuo
637 2218 773 2280 quatenus
804 2212 979 2280 perspicuum
1006 2228 1059 2265 non
1086 2214 1200 2265 adesse:
1231 2213 1356 2282 hancque
1388 2229 1500 2266 causam
1531 2229 1595 2265 esse
1626 2227 1678 2264 eur
1699 2227 1717 2262 a

346 2292 424 2346 nobis
447 2309 500 2346 non
522 2290 754 2360 deprehendatur.
1277 2301 1288 2322 ·

436 2371 560 2440 Septima
581 2377 610 2422 et
633 2377 733 2422 octava
754 2370 936 2423 aestimentur
957 2389 993 2424 ex
1014 2371 1182 2440 praemissis.

434 2456 473 2505 At
494 2451 521 2503 in
542 2464 617 2502 nona
636 2467 691 2502 aon
719 2450 779 2502 ideo
801 2450 926 2519 sequitur
946 2452 1045 2503 coloris
1067 2468 1158 2519 capax
1174 2468 1235 2504 esse
1258 2452 1440 2521 perspicuum,
1464 2452 1487 2506 si
1508 2452 1604 2505 colore
1626 2461 1714 2506 caret

346 2534 406 2586 Non
422 2532 494 2584 inest
508 2530 578 2583 enim
601 2529 753 2597 perspicuo,
777 2538 912 2597 quatenus
928 2531 1000 2583 hanc
1016 2548 1164 2600 corporeae
1181 2539 1298 2584 naturae
1313 2533 1432 2601 speciem
1447 2532 1561 2595 retinet,
1584 2531 1716 2601 potentia

345 2615 381 2668 ad
402 2610 587 2680 recipiendum
608 2609 740 2671 colorem,
768 2617 797 2661 et
818 2610 875 2661 sine
898 2609 949 2662 tali
971 2612 1098 2679 potentia
1119 2611 1237 2679 simplex
1260 2613 1373 2682 negatio
1401 2614 1456 2673 rei,
1488 2621 1519 2666 ut
1542 2619 1639 2665 notam
1662 2619 1715 2673 eat,

345 2710 398 2747 noa
420 2692 498 2761 ponit
520 2691 653 2744 habiturn.
696 2689 751 2742 lmo
779 2689 953 2758 perspicuum
982 2708 1035 2758 quo
1065 2691 1153 2760 magis
1180 2692 1317 2761 contingit
1347 2693 1465 2746 colorari
1489 2693 1562 2754 (oum
1585 2691 1656 2745 nihil
1679 2691 1716 2744 sit

344 2773 472 2826 absolute
495 2766 680 2838 perspicuum)
703 2769 754 2821 hoc
775 2769 862 2822 minus
885 2770 939 2821 erit
960 2770 1143 2838 perspicuum.

424 2851 540 2904 Decima
567 2851 648 2902 rebus
676 2849 703 2900 in
732 2850 852 2901 tenebris
884 2850 1036 2902 latentibus
1068 2851 1172 2903 colores
1204 2852 1287 2919 plane
1320 2861 1416 2922 negat.
1463 2852 1584 2906 Rursum
1617 2853 1715 2905 cadem

344 2931 460 3002 querela
487 2936 529 2981 est
558 2945 629 2998 quae
655 2929 688 2979 de
723 2928 868 2996 perspicuo
900 2928 967 2992 fuit,
999 2930 1076 2999 quasi
1105 2932 1210 2984 coleres
1233 2949 1286 2984 non
1317 2933 1373 2986 sint
1401 2932 1453 2985 nisi
1480 2949 1541 2986 cum
1574 2932 1714 2986 ridentur.

344 3011 454 3080 Vulgus
483 3009 542 3076 ipso
575 3009 680 3060 latente
712 3007 863 3060 Aristotele
891 3008 995 3061 dicendi
1025 3009 1160 3079 magister
1181 3019 1236 3072 est,
1268 3013 1369 3081 vulgus
1400 3013 1493 3082 itaque
1526 3013 1636 3065 colores
1660 3030 1715 3065 noa

345 3101 401 3144 tam
424 3099 500 3141 arcte
530 3087 619 3139 sumit.
663 3088 740 3147 Quod
763 3086 783 3138 si
812 3087 901 3149 dicas,
935 3089 1022 3157 ipsura
1051 3090 1094 3141 hic
1126 3091 1310 3145 definitionem
1340 3092 1440 3144 coloris
1471 3092 1596 3145 noluisse
1627 3092 1715 3145 latius

344 3169 509 3230 extendere,
542 3182 622 3236 equam
649 3174 784 3234 quatenus
807 3169 840 3218 ad
863 3167 949 3220 risum
972 3169 1091 3222 faciunt:
1125 3171 1183 3222 dico
1210 3188 1315 3224 rursum
1347 3174 1418 3239 qued
1447 3180 1549 3232 antea,
1573 3173 1650 3241 prius
1674 3173 1714 3224 rei

344 3259 448 3303 natura
464 3250 489 3300 in
506 3265 566 3299 sese
590 3246 784 3306 consideretur,
809 3261 872 3299 tunc
888 3248 951 3316 quid
967 3248 1016 3299 illa
1039 3250 1124 3317 possit
1141 3251 1166 3302 in
1183 3251 1248 3312 alia,
1271 3251 1422 3304 rectissime
1446 3252 1608 3320 inquiretur.
1641 3251 1715 3304 Nam

344 3329 396 3382 boc
417 3340 501 3397 paeto
524 3326 629 3396 quidem
652 3328 853 3379 confunduntur
874 3337 902 3378 et
929 3328 1110 3382 obscurantur
1132 3347 1183 3382 res.
1227 3331 1308 3382 Color
1330 3331 1417 3400 igitur
1443 3333 1526 3385 rebus
1549 3333 1623 3384 inest
1646 3333 1714 3401 ipsis

342 3409 473 3470 realiter,
503 3408 556 3460 etsi
587 3425 639 3459 non
669 3407 858 3464 illustrentur.
882 3407 994 3473 proinde
1017 3426 1066 3459 nec
1095 3411 1200 3462 radient
1224 3427 1273 3462 nec
1302 3411 1456 3464 rideantur.
1499 3412 1558 3464 Nec
1581 3412 1714 3480 pellucidi

343 3488 497 3542 illustratio
520 3488 602 3549 facit,
635 3495 664 3538 ut
687 3487 792 3539 colores
815 3498 943 3538 mereant
971 3488 1147 3555 pellucidum,
1179 3491 1226 3540 sed
1248 3492 1368 3541 colorum
1391 3491 1544 3544 illustratio
1566 3493 1652 3554 facit,
1686 3503 1715 3545 ut

342 3577 504 3622 transeatur
526 3567 640 3620 medium
663 3566 823 3634 dicaturque
846 3583 909 3617 rere
933 3567 1105 3633 pellucidum.

434 3648 582 3701 l'ndecima
604 3647 779 3715 perspicuum
801 3646 884 3697 etiam
908 3647 979 3697 inter
1001 3646 1120 3699 risibilia
1135 3647 1229 3708 habet,
1252 3664 1401 3716 quaesunt
1425 3650 1587 3719 conspicua.
1619 3652 1714 3721 Oppe-

346 3739 448 3781 nuntur
470 3738 561 3780 autem
584 3725 732 3793 conspicua
753 3735 781 3777 et
804 3725 964 3792 perspicua,
995 3726 1034 3778 ita
1057 3727 1095 3777 ris
1118 3726 1234 3778 insertur
1262 3729 1370 3783 nomini.
1415 3729 1492 3791 Quod
1516 3747 1574 3783 rem
1598 3732 1714 3790 attinet,

344 3807 420 3860 color
442 3825 471 3858 sc
487 3807 546 3874 ipso
568 3805 729 3873 conspicuus
745 3814 797 3865 est,
813 3804 965 3856 Aristotele
981 3817 1060 3862 teste,
1077 3808 1238 3866 coherere,
1255 3817 1391 3875 quatenus
1406 3810 1429 3862 is
1446 3821 1510 3862 actu
1533 3811 1714 3880 conspicitur,

346 3893 392 3938 est
413 3886 537 3937 accidens
560 3884 722 3953 superficiei,
746 3902 798 3935 ncrn
813 3884 943 3950 corporis,
968 3887 1038 3952 quod
1058 3886 1143 3938 eidem
1167 3886 1275 3952 placet:
1299 3905 1367 3959 ergo
1383 3890 1461 3942 solae
1479 3891 1644 3958 superficies
1665 3909 1716 3961 per

348 3965 466 4017 colorem
488 3966 554 4017 liunt
578 3964 750 4032 conspicuae.
793 3963 962 4015 l'ellueidnm
985 3982 1049 4017 vero
1071 3982 1168 4033 corpus
1191 3976 1242 4026 est,
1266 3984 1318 4019 non
1341 3970 1519 4037 superficies:
1544 3971 1715 4040 pellucidum

345 4061 414 4116 erge
437 4044 531 4113 nequit
553 4045 643 4095 colore
666 4043 840 4110 conspicuum
862 4043 969 4095 lieri'ex
993 4045 1132 4113 principiis
1146 4045 1342 4101 Aristotelicis.
1373 4050 1431 4101 Nisi
1455 4049 1499 4101 hic
1519 4050 1578 4104 alia
1602 4053 1716 4105 notione

342 4140 436 4176 rocem
459 4125 557 4176 coloris
579 4140 679 4180 sumas,
703 4140 755 4190 (pue
779 4134 859 4189 pacto
882 4123 1000 4189 plurima
1020 4126 1123 4176 orietur
1146 4124 1323 4194 ambiguitas.

421 4204 483 4256 Jam
505 4204 531 4255 in
553 4202 711 4255 duodecima
734 4217 799 4253 sanc
822 4217 902 4269 quam
923 4204 1041 4271 plurima
1064 4204 1208 4257 desideres.
1239 4205 1358 4258 Primum
1379 4207 1451 4260 enim
1466 4208 1489 4261 si
1505 4210 1540 4261 ad
1563 4210 1716 4265 motionem

341 4298 391 4335 teu
414 4284 607 4335 alterationem
632 4282 803 4332 instrumenti
827 4282 940 4333 sensorii
956 4301 1007 4335 nern
1024 4283 1085 4351 plus
1107 4283 1262 4353 requiritur,
1286 4302 1367 4352 quam
1382 4297 1413 4338 ut
1435 4288 1564 4357 quicquid
1579 4301 1628 4344 est
1642 4291 1717 4345 inter

343 4362 461 4414 colorem
483 4369 511 4412 ct
535 4363 743 4413 instrumentum
765 4360 801 4411 sit
823 4370 885 4411 actu
917 4363 1104 4430 perpiciant,
1132 4363 1183 4415 hoc
1204 4378 1245 4415 est
1268 4378 1332 4416 actu
1356 4367 1383 4418 in
1410 4367 1538 4421 habiturn
1561 4370 1634 4423 lucis
1657 4379 1715 4424 tra·

341 4441 468 4494 ductum:
492 4457 559 4510 ergo
582 4439 687 4492 colores
709 4440 792 4506 plane
815 4439 881 4490 nihil
905 4442 1037 4494 illustrati
1060 4443 1232 4496 ridebuntur.
1270 4444 1297 4494 ld
1314 4453 1408 4499 autem
1430 4448 1510 4500 nulla
1531 4450 1717 4518 experientia

340 4520 453 4588 probari
475 4527 581 4587 petest,
615 4529 644 4570 ut
666 4523 732 4570 aere
755 4518 871 4584 undique
894 4520 946 4572 luci
976 4522 1084 4588 pervio,
1116 4523 1207 4574 colere
1231 4539 1295 4574 rere
1317 4542 1370 4577 non
1402 4526 1547 4581 illustrato
1569 4529 1623 4583 flat
1644 4531 1716 4584 risio

340 4597 449 4651 coloris.
478 4599 569 4650 Datur
590 4597 660 4649 enim
682 4595 817 4652 casus⁸lz
840 4597 947 4652 Luceat
968 4601 1041 4652 solus
1057 4601 1103 4652 Sol
1126 4611 1282 4670 tangatque
1304 4604 1437 4657 anteriori
1460 4608 1591 4680 margine
1614 4626 1715 4680 super·

340 4675 436 4738 briem,
460 4676 557 4745 inqua
578 4677 669 4728 color:
691 4676 781 4744 sitque
803 4674 906 4742 reliquo
929 4694 1042 4745 corpore
1058 4691 1119 4746 post
1136 4681 1220 4743 illam,
1243 4681 1264 4733 si
1287 4683 1453 4739 continuata
1474 4687 1613 4757 fingatur.
1651 4691 1716 4743 Nan

340 4756 444 4823 peterit
465 4755 552 4826 igitur
573 4755 713 4807 illustrare
735 4753 903 4821 superficiem
920 4773 999 4825 quam
1021 4758 1124 4811 extimo
1140 4760 1216 4812 radio
1238 4760 1319 4823 radit,
1342 4771 1374 4816 at
1388 4781 1496 4820 omnem
1519 4771 1718 4838 antepositum

431 4970 458 5032 ⁵)
477 4971 538 5022 Darl
557 4972 613 5022 dlce
632 4985 716 5024 caram
729 4984 778 5020 non
791 4979 850 5019 acta
869 4984 977 5035 unquam
989 4973 1033 5023 sed
1052 4973 1165 5032 fietiomr
1184 4978 1263 5039 posito
1284 4994 1374 5046 nempe
1389 4983 1456 5048 qaod
1467 4984 1536 5036 solu
1549 4984 1595 5038 sol
1613 4985 1714 5040 lma.

341 5035 441 5095 limera
458 5043 525 5094 ntra
543 5055 670 5107 amquam
688 5039 788 5099 acddlt,
808 5048 836 5088 at
854 5039 919 5091 aclas
933 5040 974 5091 Sel
993 5042 1085 5098 lacau.
1103 5059 1162 5096 nam
1181 5045 1288 5100 wlacet
1307 5053 1389 5104 omna
1406 5058 1454 5106 atr
1469 5057 1604 5126 enam
1615 5057 1716 5112 ‘Mu
