3692 5842
476 1059 854 1222 ¹'emaceratos
890 1069 961 1171 ru
997 1069 1154 1224 som.
1226 1059 1228 1063 ·

765 1277 890 1290 h—

240 1386 279 1478 In
302 1412 518 1494 astronomiae
540 1421 628 1496 parte
653 1411 766 1496 Optica
788 1415 844 1479 sub
872 1415 959 1478 tinem
983 1413 1093 1495 capitis
1114 1415 1201 1480 vul.
1217 1411 1277 1478 ubi
1299 1414 1336 1478 de
1358 1401 1503 1476 occulta-¹

149 1502 280 1569 tionibus
294 1502 435 1594 *sidenmr
458 1503 536 1568 inter
559 1523 593 1565 se
616 1512 718 1566 mutuo
742 1524 811 1585 ago,
836 1511 959 1568 exstant
982 1505 1057 1568 hacc
1080 1504 1192 1568 verba:

169 1649 178 1682 Ι.
240 1592 402 1669 „Mercurii
416 1593 494 1674 nodi
517 1592 546 1654 in
571 1583 662 1655 Tauri
685 1602 718 1656 et
739 1587 913 1675 Scorpionis
937 1593 1096 1675 principio,
1130 1593 1179 1656 vel
1200 1590 1318 1657 Arietis
1341 1599 1373 1653 et
1394 1589 1504 1668 Librae

147 1683 271 1748 fuerunt
292 1691 432 1768 (Errorem
450 1692 480 1748 in
500 1694 580 1767 signo
609 1693 778 1765 ridepaulo
800 1690 906 1764 infra),
918 1693 1103 1765 possuntque
1123 1682 1211 1750 hodie
1231 1701 1266 1744 ac
1286 1682 1348 1760 lere
1368 1679 1505 1766 omnibus

150 1771 335 1853 temporibus
358 1772 511 1851 planetam
534 1774 612 1836 hunc
631 1772 803 1853 sub=Solem
823 1773 974 1836 invehere.
1012 1770 1079 1843 Quo
1102 1771 1199 1833 minus
1223 1771 1401 1845 mirandum,
1426 1770 1506 1851 quod

151 1864 188 1930 in
206 1863 271 1924 vita
286 1859 387 1932 Caroli
402 1861 508 1941 Magni
530 1862 658 1942 legimus
683 1862 721 1924 ad
735 1882 844 1926 annum
859 1860 935 1926 807.
961 1870 1136 1928 annotatum
1151 1861 1198 1923 his
1222 1860 1337 1923 verbis:
1364 1858 1507 1936 „stella

149 1950 293 2024 Mercurii
312 1945 361 2013 16.
378 1945 577 2031 ΟαΙ.ἈρτίΙίε
601 1952 669 2013 visa
692 1960 740 2014 est
762 1952 792 2014 in
816 1951 888 2014 Sole
913 1950 998 2031 qnasi
1021 1970 1115 2032 parva
1137 1950 1257 2013 macula
1278 1949 1380 2031 nigra:
1406 1957 1505 2020 tamen

148 2041 241 2126 paulo
265 2040 401 2120 superius
425 2039 522 2104 medio
546 2050 649 2103 centro
673 2039 809 2121 ejusdem
839 2041 964 2122 sideris,
998 2059 1073 2121 quac
1107 2039 1234 2102 octotics
1267 2040 1317 2113 (ut
1347 2056 1403 2124 ego
1436 2038 1505 2118 lego
1543 2113 1545 2117 .

146 2130 297 2203 barbare,
330 2148 389 2190 non
423 2137 490 2214 octo
524 2129 604 2204 dies)
636 2129 764 2193 anobis
794 2130 838 2193 ita
861 2138 1025 2211 conspecta
1048 2138 1105 2191 est.
1152 2127 1215 2192 Sed
1239 2128 1357 2210 quando
1379 2128 1507 2209 primum

149 2219 277 2286 intravit
295 2218 343 2280 rel
358 2218 440 2294 exiit,
466 2218 593 2281 nubibus
612 2219 843 2300 impedientibus
864 2240 922 2283 nou
937 2218 1037 2300 potuit
1055 2217 1247 2282 adnotari.““
1270 2219 1387 2282 Auctor
1402 2224 1505 2284 astrue

150 2304 408 2393 nomiaesperitus
433 2306 503 2382 fult,
538 2308 627 2388 quod·
647 2318 773 2389 apparet
796 2330 834 2372 cx
857 2309 1085 2389 consignatione
1109 2316 1157 2370 tot
1188 2306 1343 2388 eclipsium
1370 2316 1404 2376 et
1428 2306 1506 2389 qnod

149 2397 291 2482 copulam
313 2395 394 2459 Solis
414 2405 446 2459 et
459 2397 599 2460 Mercurii
623 2391 737 2460 calculo
760 2399 866 2474 tepuit.
891 2418 929 2460 ex
952 2417 1009 2478 quo
1033 2396 1131 2473 scivit,
1156 2397 1305 2464 maculam
1327 2395 1414 2460 illam
1437 2415 1505 2458 esse

149 2486 342 2552 Mercurium.
388 2486 495 2550 Annus
524 2496 624 2549 tamen
649 2488 748 2549 nescio
780 2507 837 2570 quo
867 2508 940 2550 casu
970 2486 1080 2550 vitiose
1109 2486 1298 2567 conscriptus
1331 2494 1387 2551 est
1435 2483 1507 2548 Fuit

150 2576 233 2640 enim
256 2593 333 2637 anno
358 2572 433 2639 808.
454 2573 632 2638 XVI.'Cal.
657 2575 773 2656 Aprilis
797 2578 889 2650 (torte
914 2576 993 2658 quod
1017 2596 1125 2639 annum
1149 2573 1332 2640 a'Paschate
1356 2573 1504 2650 inchoat).
1618 2641 1622 2646 ,

149 2667 231 2729 Nam
255 2664 324 2745 ejus¹
343 2664 401 2726 diei
425 2664 592 2727 meridiana
622 2665 697 2728 hora
711 2691 713 2696 ·
728 2666 757 2727 in
781 2666 991 2746 Regiomonte-
1011 2666 1144 2729 calculus
1169 2665 1348 2728 Pruteaicus
1381 2659 1505 2732 exhibet

106 2751 108 2755 ’
149 2757 250 2826 locum
269 2752 354 2836 ¹,Solis
387 2748 425 2832 0⁰.
456 2748 510 2817 45¹
542 2754 588 2831 Υ,
621 2754 762 2818 Mercurii
795 2753 835 2819 0⁰
865 2755 919 2819 31‘
962 2775 1028 2819 cum
1065 2750 1195 2819 lat..2⁰
1223 2750 1268 2824 9‘.
1307 2773 1395 2836 quam
1432 2753 1505 2824 lati-,

152 2842 288 2908 tudinem
312 2864 331 2904 a
354 2841 528 2906 Ptolemaeo
552 2850 664 2906 certum
688 2852 736 2907 est
763 2845 807 2907 sic
831 2846 1014 2920 ordinatam,
1042 2855 1079 2908 ne
1102 2844 1158 2908 hos
1181 2844 1256 2907 dnos
1285 2844 1426 2924 planetas
1449 2842 1506 2906 sub

121 2985 125 2991 .
152 2929 258 3008 Solem
282 2932 444 2994 induceret.
490 2933 536 2995 At
554 2932 619 3012 jam
643 2933 755 2999 dictum
779 2942 842 3012 est,
867 2935 955 2998 hodie
980 2935 1088 2998 nodum
1111 2935 1141 2996 in
1163 2933 1283 2998 Arietis
1313 2938 1389 3014 (ride
1415 2937 1504 3013 laha)

150 3024 209 3086 tine
233 3042 310 3097 esse,
335 3028 369 3084 ut
391 3041 448 3094 non
472 3031 594 3102 praeter
616 3023 763 3086 rationem
785 3024 835 3099 sit,
861 3033 933 3087 tunc
956 3024 1049 3087 luisse
1073 3022 1154 3087 circa
1176 3022 1293 3086 initium
1312 3023 1400 3103 hujus
1415 3022 1504 3104 signi.

149 3110 222 3176 Jam
245 3110 337 3192 igitur
359 3129 418 3173 non
442 3111 570 3193 amplius
594 3112 651 3174 soli
675 3113 802 3176 Averroi
835 3113 872 3175 de
902 3114 960 3177 hoc
983 3113 1193 3186 Phaenomeno
1218 3113 1382 3188 credimus,
1415 3120 1504 3194 post-

151 3197 241 3286 quam
264 3199 457 3264 Christianae
479 3200 678 3282 professionis
711 3202 804 3270 ¹homo
837 3223 922 3266 suurn
945 3223 1063 3287 quoqne
1085 3203 1231 3267 calculum
1257 3202 1373 3267 addit.“
1420 3202 1533 3266 Hac-·

151 3301 250 3372 tenus,
265 3288 386 3371 Optica.
1224 3317 1228 3322 ·
1491 3339 1494 3344 -
1563 3353 1566 3358 .

241 3378 368 3463 Biennio
391 3386 461 3459 post
484 3376 644 3443 editionem
659 3379 835 3463 Opticorum
857 3379 970 3461 prodiit
994 3379 1158 3463 disputatio
1178 3381 1215 3445 de
1237 3375 1511 3461 inaequalitatibus

148 3478 283 3533 motuum
299 3473 301 3480 '
315 3469 506 3546 coelestium,
536 3469 675 3550 praeside
709 3471 752 3534 M.
787 3470 937 3534 Michaele
967 3470 1148 3545 Maestlino,
1178 3469 1356 3532 Professore
1379 3459 1505 3532 Mathe-

149 3558 261 3623 matico
292 3557 490 3639 Tnhingensi,
522 3560 723 3639 respondente
756 3562 799 3623 M.
833 3557 974 3624 Samuele
1006 3559 1213 3622 Hasenreffer:
1251 3579 1308 3641 quo
1338 3557 1369 3620 in
1403 3557 1506 3621 libello

149 3656 273 3730 praeter
295 3647 372 3708 alias
404 3647 619 3728 pulcherrimas
653 3650 844 3716 velitationes
868 3670 935 3713 cum
963 3649 1121 3713 sententiis
1150 3668 1208 3712 oon
1235 3644 1340 3729 paucis
1373 3666 1507 3710 meorum

150 3737 328 3819 Opticornm
351 3737 473 3818 (quibus
496 3755 567 3817 pars
592 3758 693 3800 earnm
716 3740 900 3812 confirmata,
924 3759 996 3820 pars
1021 3737 1172 3820 dissipata
1186 3745 1218 3824 et
1232 3738 1312 3800 victa
1328 3739 1390 3812 est)
1415 3737 1506 3814 etiam

89 3827 93 3836 “
150 3829 226 3891 haec
249 3844 318 3886 mea
340 3826 508 3910 explicatio
525 3827 661 3892 historici
687 3828 744 3892 loci
768 3829 805 3891 de
829 3829 1037 3908 conjunctione
1062 3828 1144 3892 Solis
1168 3836 1200 3890 et
1218 3826 1359 3892 Mercurii
1383 3825 1505 3901 visibili,

151 3915 232 3980 thesi
260 3912 407 3979 XCVIIL
442 3915 517 3977 bene
550 3908 641 3996 longa
672 3918 846 3982 examinata
878 3926 909 3980 et
940 3918 1097 3981 confutata
1117 3917 1285 4000 ,reperitur
1338 3915 1388 3979 Ad
1418 3935 1506 3998 quarn

150 4004 250 4070 thesin
275 4023 384 4085 operae
407 4003 536 4083 pretium
559 4012 608 4070 est
630 4001 829 4087 respondere,¹
847 4015 880 4069 ut
903 4007 1017 4070 veritas
1041 4008 1214 4083 elucescat3
1239 4005 1283 4069 sic
1299 4006 1378 4068 enim
1398 4005 1505 4087 jubere

150 4096 291 4162 videntur
315 4114 360 4169 ea,
386 4111 461 4175 quae
485 4092 542 4156 hoc
566 4114 643 4157 anno
671 4087 765 4161 1607.
790 4096 820 4159 in
843 4096 927 4159 coelo
951 4097 1091 4177 spectata¹
1114 4097 1242 4160 suerunt.

239 4181 390 4276 Principio
421 4191 616 4248 recensentur
648 4194 788 4249 auctores
816 4185 967 4260 historici,
1002 4185 1051 4268 qui
1076 4187 1112 4249 de
1136 4185 1192 4248 hac
1216 4185 1302 4265 nigra
1332 4181 1505 4247 maculain

152 4271 225 4338 Solo
249 4280 410 4347 testantur,
433 4273 592 4337 Annonius
614 4274 789 4351 Monachus,
815 4283 919 4339 auctor
943 4275 1323 4350 annaliumFraocioorum
1341 4272 1507 4349 daemone,

151 4361 334 4444 Eginardus,
358 4360 546 4439 Vincentius,
572 4360 750 4442 Sabellicus,
775 4365 1000 4448 Lycosthenes,
1025 4365 1193 4446 Polydorus
1216 4363 1378 4442 Virgilius,
1400 4361 1505 4426 Bedae

152 4453 257 4526 codex,
282 4448 444 4513 Centuriae
467 4451 712 4524 Ecclesiasticae.
759 4456 834 4522 Inde
857 4454 964 4517 nititur
991 4454 1161 4534 disputator
1184 4462 1311 4534 quatuor
1338 4451 1505 4516 rationibus

151 4542 294 4623 probare,
320 4545 471 4604 ostentum
493 4540 595 4622 potius
618 4541 711 4605 fnisse
734 4542 1014 4626 praeternaturale,
1048 4553 1136 4624 qnam
1159 4541 1396 4623 conjunctionem
1421 4537 1505 4604 Solis

152 4640 185 4694 et
206 4629 348 4694 Mercurii
372 4630 613 4696 astronomicam.

241 4719 389 4784 Rationes
413 4720 468 4780 hae
492 4728 579 4781 sunt:
609 4720 790 4794 Mercurium
822 4719 1028 4797 retrogradum
1052 4718 1117 4784 Soli
1145 4719 1341 4801 corporaliter
1366 4720 1511 4801 junctum

153 4829 213 4873 non
242 4811 322 4872 ultra
346 4803 366 4870 6
389 4808 482 4871 vell
515 4807 605 4871 horas
638 4808 693 4871 sub
718 4807 789 4872 Sole
819 4810 957 4873 incedere
989 4828 1079 4889 posse
1104 4808 1142 4872 ob
1172 4809 1360 4874 celeritatem
1389 4826 1503 4871 cursus.

153 4901 199 4962 Aa
220 4898 328 4962 testari
353 4896 450 4959 dictos
483 4906 638 4974 auctores,
670 4898 766 4960 visam
789 4919 856 4961 esse
884 4900 964 4962 hanc
993 4900 1139 4964 maculam
1163 4898 1191 4960 in
1216 4898 1287 4963 Sole
1312 4898 1342 4975 7,
1366 4895 1387 4962 8
1411 4891 1503 4960 velo

154 4987 228 5052 dies.
265 4988 485 5050 Praeveneram
508 5006 564 5066 ego
586 4987 663 5050 hanc
686 4986 883 5067 objectionem
906 4987 1091 5051 correctione
1115 4996 1219 5051 textus
1242 4988 1386 5054 historici.
1424 4987 1503 5050 ham
