3692 5842
821 477 903 545 capae
919 476 965 529 v1.
991 476 1035 529 tt.
1539 475 1602 545 291

240 650 442 714 imitabuntur
471 653 654 732 pancissimi.
710 653 856 714 Doctrina
889 653 981 731 igitur
1017 652 1133 731 primae
1173 653 1370 732 apparitionis
1401 655 1605 716 astronomiae

242 741 421 802 necessaria
442 752 510 816 est,
536 760 625 821 qnam
648 742 836 803 Reiuholdus
860 761 898 802 ex
922 740 1089 802 Purbachic
1123 759 1176 819 per
1199 762 1308 803 causas
1331 744 1435 805 Lunae
1459 743 1605 805 visionem

242 829 292 890 vel
316 830 511 892 retardantes
534 832 582 891 vel
608 841 818 909 promoventes
841 830 1025 891 sufficienter
1048 831 1152 891 tradit.
1185 831 1271 891 Inter
1295 851 1404 893 causas
1428 832 1483 892 has
1508 833 1605 893 collo-

244 927 296 979 cat
310 918 522 999 obliquitatem
536 920 694 998 sphaerae,
720 921 824 998 longos
849 920 895 980 vel
922 922 1027 980 breves
1043 929 1166 979 exortus
1190 929 1221 979 et
1240 939 1367 981 occasus
1390 920 1479 997 signi,
1503 921 1531 980 in
1548 940 1604 999 quo

244 1008 408 1068 decurrunt
431 1009 606 1081 luminaria;
631 1009 818 1069 latitudinem
843 1010 947 1068 Lunae
973 1008 1094 1069 boream
1118 1007 1165 1067 vel
1189 1008 1367 1082 austrinam,
1393 1028 1533 1087 magnam
1558 1009 1605 1070 vel

243 1113 387 1174 parvam;
418 1097 613 1159 velocitatem
636 1098 684 1159 vel
709 1097 883 1157 tarditatem
915 1097 944 1157 in
969 1097 1091 1174 periodo
1115 1116 1184 1157 sua:
1221 1099 1327 1175 quibus
1352 1099 1437 1158 addit
1460 1098 1605 1175 prolixius

243 1185 293 1245 vel
317 1183 439 1247 brevius
464 1186 679 1265 crepusculum.
713 1184 755 1245 Et
778 1194 877 1246 tamen
902 1203 969 1246 cum
984 1186 1169 1246 Purbachius
1194 1186 1331 1259 dixisset,
1357 1187 1472 1247 Lunam
1500 1188 1606 1246 eodem

244 1273 294 1334 die
318 1282 454 1335 veterem
477 1283 510 1337 et
533 1294 640 1335 novam
664 1275 745 1334 cerui
769 1293 868 1353 posse,
894 1273 973 1352 quod
997 1293 1062 1334 cum
1084 1273 1265 1352 antiquitate
1280 1275 1426 1354 congruit,
1453 1274 1500 1353 qui
1518 1274 1604 1334 novi-

244 1360 317 1422 lunii
341 1361 421 1422 diem
445 1382 484 1424 ex
507 1381 543 1423 eo
566 1359 630 1439 ianr
652 1386 699 1424 και
721 1385 788 1424 rana
811 1364 964 1440 appellare
990 1375 1060 1423 snut
1079 1364 1170 1429 soliti,
1196 1374 1228 1422 et
1251 1381 1317 1424 cum
1333 1364 1419 1424 Plinii
1445 1363 1605 1432 affirmato,

244 1450 325 1529 quod
354 1450 420 1531 jam
448 1471 468 1511 a
492 1452 596 1533 lynceo
625 1452 754 1531 quodam
783 1451 850 1511 visa
877 1452 920 1512 sit
952 1452 1056 1512 eodem
1088 1453 1135 1513 die
1164 1462 1195 1511 et
1227 1472 1315 1513 mane
1346 1463 1415 1512 ante
1440 1452 1543 1512 Solem
1573 1461 1605 1513 et

245 1539 366 1617 vesperi
389 1548 461 1619 post
484 1538 602 1601 Solem:
637 1540 823 1602 Reinlroldus
854 1540 881 1600 in
906 1539 1006 1600 causis
1039 1542 1076 1600 ad
1102 1540 1158 1600 hcc
1181 1542 1408 1618 pronunciatum
1433 1560 1603 1601 accommo-

245 1625 355 1688 dandis
380 1629 469 1689 valde
493 1630 592 1691 sudat.
638 1628 775 1708 Denique
799 1629 837 1689 ad
861 1628 1077 1707 experientiam
1100 1639 1254 1707 provocat.
1296 1630 1370 1706 Ego,
1398 1650 1434 1689 ne
1459 1629 1531 1690 nihii
1557 1631 1604 1690 hic

245 1716 386 1787 aderam,
420 1717 575 1790 existimo,
610 1717 686 1777 hanc
715 1737 776 1778 rem
806 1718 918 1796 regulis
949 1718 1158 1796 ccrrrprehendi
1191 1737 1248 1778 uon
1273 1736 1371 1796 posse.
1420 1718 1501 1778 Vere
1526 1719 1603 1778 eninr

246 1803 436 1866 Reinholdus
460 1805 518 1880 ait,
551 1807 685 1867 aestivas
709 1815 813 1867 noctes
846 1805 985 1867 claritate
1019 1826 1073 1867 sua
1109 1808 1233 1867 multum
1258 1807 1363 1868 afferre
1388 1806 1602 1884 impedimenti.

246 1892 287 1954 Et
311 1903 380 1954 tcta
404 1894 494 1972 culpa
507 1894 613 1956 haeret
635 1894 665 1955 in
681 1901 760 1969 aere,
785 1895 833 1974 qui
857 1895 882 1955 si
906 1896 982 1956 satis
1006 1914 1097 1973 purus
1121 1904 1153 1955 et
1168 1896 1342 1956 defaecatus
1366 1896 1416 1966 sit,
1440 1907 1472 1956 ut
1487 1895 1603 1975 hyeme,

247 1991 405 2060 spectator
428 2001 499 2043 vero
523 1984 552 2044 in
571 1985 644 2064 jugo
668 1983 742 2044 editi
766 1984 890 2062 alicujus
914 1984 1024 2044 montis
1044 1983 1202 2054 consistat,
1226 1985 1361 2062 superior
1384 2003 1494 2062 magna
1516 1999 1603 2062 parte

247 2071 408 2131 crassioris
433 2072 519 2152 hujus
543 2073 632 2147 acris,
659 2072 730 2132 nihil
756 2074 890 2152 equidem
914 2074 1082 2152 prohibeat,
1107 2074 1223 2134 Lunam
1246 2074 1275 2134 in
1301 2074 1366 2151 ipso
1388 2073 1604 2152 conjunctionis

248 2159 378 2221 articulo
398 2159 490 2238 juxta
513 2160 615 2222 Solem
640 2162 667 2220 iu
692 2161 766 2222 coeli
791 2161 887 2221 medio
911 2161 1006 2233 cerni,
1041 2162 1187 2240 siquidem
1220 2163 1344 2222 limitem
1378 2163 1503 2222 alterum
1533 2179 1603 2239 per-

247 2247 384 2329 agret.*)
408 2249 489 2310 Nam
504 2250 562 2310 etsi
578 2268 635 2310 non
651 2250 786 2327 pluribus
799 2247 818 2310 5
830 2251 972 2328 gradihus
989 2272 1007 2309 a
1022 2248 1093 2310 Sole
1110 2249 1217 2311 abesse
1232 2259 1343 2328 potest,
1360 2269 1451 2329 quare
1468 2250 1517 2309 vix
1532 2268 1605 2329 sep-

247 2338 450 2416 tuagesimam
465 2338 598 2417 corporis
613 2337 792 2416 particulam
808 2339 893 2399 uobis
913 2340 1055 2410 ostendit,
1082 2352 1172 2418 atque
1192 2339 1221 2399 id
1243 2341 1336 2418 ipsum
1357 2350 1389 2399 ut
1409 2339 1437 2399 iu
1454 2340 1604 2417 margines

246 2426 353 2487 Lunae
378 2436 533 2505 receptum
558 2445 591 2488 se
615 2427 683 2505 ipso
710 2428 802 2487 multo
826 2427 967 2505 gracilius
999 2439 1141 2505 apparet:
1172 2428 1248 2507 quod
1273 2427 1393 2506 quidem
1416 2426 1605 2488 Reinholdus

247 2514 305 2575 sibi
332 2514 392 2593 ipsi
417 2514 546 2576 sollicite
570 2515 688 2594 objicit;
713 2515 844 2576 vicissim
869 2525 969 2577 tamen
996 2524 1076 2576 totus
1099 2517 1203 2577 Lunae
1228 2516 1328 2576 discus
1353 2518 1470 2594 integro
1495 2515 1606 2576 Terrae

247 2603 358 2665 lumine
385 2604 489 2665 fruens
525 2604 613 2664 facile
644 2605 705 2666 fieri
739 2613 841 2682 potest
876 2615 909 2665 ut
940 2624 992 2685 pro
1022 2605 1193 2665 conditione
1219 2605 1275 2666 loci
1305 2615 1337 2665 et
1369 2605 1498 2665 videntis
1527 2604 1608 2664 aeris

247 2692 419 2753 claritatem
444 2692 589 2754 discutiat
611 2711 702 2772 seque
726 2692 840 2754 visibus
870 2694 1005 2773 ingerat,
1039 2713 1106 2755 cum
1130 2712 1221 2772 saepe
1253 2694 1334 2754 atris
1367 2692 1513 2753 horizonti
1547 2693 1607 2753 cir-

247 2779 375 2843 cumfusi
401 2800 548 2842 summam
572 2782 744 2843 claritatem
768 2783 880 2843 vincat.
926 2783 1039 2844 Notum
1065 2785 1141 2844 enim
1166 2792 1230 2855 est,
1256 2801 1332 2861 quae
1356 2781 1448 2862 optici
1473 2782 1510 2841 de
1534 2799 1607 2860 prc-

247 2869 348 2930 iundis
378 2870 479 2948 puteis
512 2878 705 2931 asseverent:
735 2872 813 2950 quod
842 2871 951 2932 stellae
985 2872 1089 2932 vertici
1113 2874 1304 2932 inhaerentes
1329 2889 1367 2931 ex
1389 2869 1450 2929 illis
1474 2868 1607 2949 conspici

246 2958 369 3038 possint
398 2957 465 3018 visu
496 2978 515 3018 a
547 2958 718 3021 circumfusi
750 2959 830 3019 aiiris
864 2959 1004 3020 claritate
1034 2960 1170 3021 liberato.
1225 2960 1323 3020 Multo
1352 2957 1449 3037 magis
1483 2959 1508 3019 si
1543 2961 1608 3037 quis

248 3058 335 3109 extra
359 3055 459 3107 metas
483 3056 546 3108 tam
569 3048 665 3108 crassi
690 3047 778 3121 atris,
804 3049 852 3128 qui
868 3048 950 3110 Solis
975 3049 1075 3109 radios
1099 3050 1228 3131 undique
1252 3048 1374 3127 excipit,
1398 3047 1428 3107 iu
1452 3047 1515 3107 alto
1535 3065 1609 3107 cou-

247 3136 383 3196 sisteret.
433 3136 533 3214 Atque
558 3154 616 3197 uon
640 3137 716 3197 hanc
740 3144 857 3197 tautum
882 3137 919 3198 ob
944 3156 1075 3212 causam,
1100 3139 1154 3199 sed
1178 3138 1269 3200 etiam
1289 3139 1326 3197 ob
1345 3138 1386 3210 id,
1412 3137 1489 3214 quod
1505 3136 1609 3196 Lunae

248 3226 349 3285 lumen
375 3224 546 3285 clarissimo
580 3226 628 3286 die
652 3225 732 3286 cerni
759 3235 862 3303 potest
889 3240 1050 3304 praesente
1074 3226 1161 3302 Sole,
1191 3227 1295 3305 judico
1326 3225 1516 3285 altitudinem
1548 3223 1609 3303 poli

248 3324 279 3375 et
301 3313 474 3374 varietates
493 3321 650 3375 exortuum
669 3315 882 3393 propemodum
897 3316 1015 3387 cadere,
1032 3314 1152 3395 fierique
1174 3316 1261 3375 facile
1276 3332 1375 3392 posse,
1402 3314 1490 3374 Luna
1507 3315 1609 3374 veloce

249 3402 332 3464 etin
359 3401 508 3463 limitibus
531 3413 683 3478 versante,
709 3415 741 3464 ut
764 3404 868 3464 eodem
892 3405 940 3464 die
965 3413 1051 3463 vetus
1076 3414 1107 3464 et
1131 3425 1208 3464 nova
1233 3412 1397 3483 appareat:
1422 3402 1511 3479 idque
1535 3420 1608 3461 nes-

249 3492 292 3552 cio
317 3510 358 3551 an
374 3490 545 3569 expeditius
569 3491 599 3551 iu
624 3492 689 3569 ipsc
713 3492 789 3552 coeli
813 3493 910 3553 medio
935 3512 1022 3572 quam
1047 3493 1127 3552 circa
1142 3493 1345 3553 horizontem:
1372 3489 1422 3550 ubi
1447 3508 1504 3568 quo
1529 3490 1608 3550 obli-

249 3579 333 3658 quius
359 3586 392 3639 et
416 3579 534 3657 lougius
557 3581 633 3642 radii
657 3580 780 3641 Solares
804 3600 946 3660 vaporem
977 3590 1149 3652 transeunt,
1183 3582 1239 3642 hoc
1262 3579 1406 3657 majorem
1437 3578 1608 3638 claritatem

249 3667 393 3743 efficiunt,
419 3666 535 3747 hocque
559 3669 655 3748 magis
679 3670 780 3730 oculos
805 3680 979 3731 excaecant.
989 3666 1043 3742 Ι11)

336 3888 364 3957 *1
387 3891 579 3948 Conditionem
598 3890 672 3944 banc
691 3890 731 3943 sic
752 3891 862 3960 accipe,
890 3898 922 3945 ut
944 3891 1042 3945 montis
1070 3889 1201 3961 planities
1224 3905 1328 3960 supera
1355 3890 1525 3959 speculatori
1547 3909 1609 3946 con·

248 3980 373 4043 spectum
404 3971 479 4025 aeris
508 3971 582 4025 infra
608 3987 670 4024 sese
700 3970 834 4024 radiantis
864 3970 1031 4041 intercipiat.
1073 3972 1143 4024 Nam
1170 3972 1240 4024 haec
1270 3970 1361 4023 onmia
1390 3970 1548 4025 referuntur
1575 3973 1609 4026 ad

248 4054 365 4116 oculum,
388 4053 462 4122 quod
476 4051 655 4121 sequentibus
677 4050 826 4120 diligenter
839 4058 916 4104 nota.
946 4052 1017 4105 Nam
1032 4050 1102 4104 citra
1114 4059 1273 4120 respectum
1295 4050 1450 4104 directionis
1472 4051 1611 4105 oculorum

247 4132 294 4187 Sol
315 4149 386 4187 sane
408 4148 428 4185 a
448 4132 520 4185 coeli
540 4131 628 4185 medio
658 4130 760 4183 clarius
791 4130 916 4183 illustrat
946 4138 1036 4184 terras
1057 4138 1087 4183 et
1115 4135 1208 4183 adrem
1237 4129 1423 4199 majoremque
1454 4131 1612 4185 claritatem

247 4212 331 4267 efficit
352 4212 422 4275 diei,
453 4226 537 4281 quam
560 4209 699 4264 horizonti
726 4210 900 4272 incumbens,
930 4211 1000 4280 quod
1028 4211 1163 4264 hactenus
1192 4217 1341 4263 ostensum.
1383 4216 1422 4261 at
1443 4226 1502 4263 cum
1524 4213 1557 4262 de
1578 4228 1611 4262 eo

246 4294 355 4364 agitur,
383 4294 458 4346 unde
479 4291 582 4345 rectius
603 4292 684 4343 Luna
709 4289 798 4359 possit
827 4290 902 4342 cerui
926 4290 1014 4358 juxta
1033 4289 1125 4345 Solem
1145 4296 1241 4343 stans:
1270 4306 1334 4342 num
1355 4307 1392 4341 ex
1413 4288 1486 4341 edito
1508 4298 1610 4348 moute,

247 4373 396 4426 luminibus
418 4371 448 4425 in
468 4370 540 4425 coeli
560 4370 648 4425 medio
676 4369 866 4432 versantibus,
899 4385 935 4422 an
956 4387 993 4422 ex
1022 4369 1152 4439 planitie,
1184 4368 1407 4422 occumbentibus
1435 4368 1513 4421 illis?
1544 4378 1610 4423 tuno

246 4453 355 4506 omnino
378 4452 511 4521 splendor
533 4450 606 4505 aeris
621 4450 696 4504 circa
708 4450 801 4504 Solem
822 4449 1026 4503 occumbentem
1043 4457 1088 4502 est
1105 4449 1190 4502 latior
1211 4464 1292 4518 quam
1313 4448 1386 4500 circa
1407 4448 1611 4513 culminautem,

245 4532 331 4585 latius
354 4532 444 4602 igitur
466 4537 586 4602 occupat
606 4530 723 4584 oculum.
765 4532 807 4581 Ac
832 4530 886 4582 etsi
912 4529 1012 4582 clarior
1037 4529 1167 4599 splendor
1193 4528 1265 4581 sitris
1287 4527 1314 4579 in
1335 4527 1422 4580 medio
1447 4528 1517 4581 coeli
1538 4545 1610 4581 com·

245 4613 381 4675 maniter,
405 4618 502 4664 tamen
522 4617 646 4665 nostrum
670 4609 873 4680 speculatorem
900 4608 1028 4663 altiorem
1056 4608 1246 4662 constituimus
1268 4623 1302 4660 ea
1322 4606 1452 4668 materia,
1483 4624 1554 4677 quae
1575 4609 1610 4662 ob

245 4691 318 4746 Solis
340 4690 514 4745 vicinitatem
535 4692 605 4743 adeo
625 4690 834 4759 resplendescit.

333 4768 378 4840 ⁸)
400 4770 499 4841 'l'ycbo
525 4770 619 4824 Brahe
650 4786 723 4823 auno
753 4769 839 4824 1583.
865 4769 909 4821 14.
932 4767 1027 4822 Martii
1051 4767 1120 4820 vidit
1139 4767 1247 4820 Lunam
1274 4765 1302 4818 in
1335 4759 1385 4819 15⁰
1409 4763 1448 4829 Υ,
1480 4781 1541 4820 cum
1562 4766 1610 4820 Sol

245 4850 392 4906 occidisset
412 4851 443 4903 in
464 4842 497 4902 4ο
525 4853 562 4916 Υ.
603 4850 675 4903 Erat
694 4850 775 4900 Luna
794 4848 822 4899 in
844 4847 927 4900 boreo
948 4846 1043 4901 limite.
1068 4879 1103 4889 -
1126 4853 1190 4902 Eiet.
1203 4849 1271 4901 Coei.
1283 4867 1307 4915 p.
1321 4850 1372 4900 tt:
1394 4852 1457 4909 ,Die
1472 4849 1513 4901 tt.
1525 4853 1611 4903 Martii

245 4931 331 4980 statim
348 4934 407 4994 pest
430 4939 549 4977 occumn
567 4923 630 4977 Solis
649 4925 764 4990 apparuit
781 4938 847 4973 nera
864 4923 946 4983 Lana,
971 4925 1069 4975 adamat
1088 4925 1128 4975 dle
1147 4924 1255 4987 proxime
1275 4921 1435 4974 antecedenti
1453 4923 1477 4971 h.
1492 4922 1517 4973 8.
1537 4940 1559 4988 p.
1574 4938 1608 4975 m.

245 4998 320 5052 hesit
336 4997 518 5052 modiculm·
1333 5074 1396 5131 10*
