3692 5842
336 493 403 561 228
698 469 705 482 θ
808 493 1000 559 Paralipomena
1016 494 1042 542 in
1061 492 1229 545 Vitellianorn.

337 682 430 754 caput
453 672 595 734 musculis
619 670 757 748 oblongis
781 671 951 731 vestiuntur
976 678 1007 730 et
1030 689 1171 749 processu
1194 692 1246 732 seu
1271 671 1368 733 canali
1393 672 1522 752 quodam
1548 671 1641 750 longo
1667 668 1696 731 in

338 763 491 824 cerebrum
515 761 697 840 pertingunt.
745 760 787 821 Ut
811 769 911 819 autern
936 759 1027 819 etiarn
1051 760 1192 820 anteriori
1226 771 1321 838 parte,
1357 781 1415 841 qua
1438 780 1497 823 nou
1523 767 1698 822 atteruntur

336 860 427 919 motu.
452 852 491 911 ad
514 860 618 929 partes
643 849 730 909 iaciei
755 848 904 926 sphaerici
928 856 1039 920 essent,
1066 849 1108 909 sic
1133 851 1285 927 postulare
1305 849 1465 911 videbatur
1479 849 1697 930 palpebrarum

337 939 515 1003 necessitas.
564 939 643 999 Nam
674 938 741 1017 qnia
776 937 964 1015 perspicuum
994 956 1061 996 esse
1097 938 1212 997 oculum
1243 938 1390 1017 oportuit,
1424 939 1474 999 rix
1504 940 1534 1002 id
1564 937 1697 999 obtineri

336 1037 459 1110 poterat
481 1029 511 1088 in
535 1028 677 1098 membro,
698 1027 775 1105 quod
799 1033 943 1105 perpetuo
967 1045 1033 1086 curn
1057 1026 1193 1086 universo
1217 1046 1340 1106 corpore
1364 1027 1488 1102 caleret,
1515 1028 1586 1108 quin
1607 1027 1696 1088 iden-

337 1118 431 1198 tidem
455 1118 604 1178 lacrumae
628 1124 660 1176 et
683 1122 735 1175 air
759 1115 787 1174 in
813 1133 919 1193 aquam
945 1115 1092 1175 resolutus
1117 1123 1148 1175 et
1163 1116 1295 1176 exterius
1316 1117 1547 1190 adhaerescens,
1575 1128 1608 1177 et
1625 1115 1696 1196 pul-

336 1206 443 1268 visculi
468 1206 645 1266 advolantes
674 1213 917 1282 emergerentur,
947 1210 1036 1281 atque
1066 1203 1156 1264 etiarn
1186 1205 1288 1266 oculus
1322 1206 1564 1279 humectaretur,
1601 1205 1697 1266 sicubi

337 1296 446 1359 siccior
470 1304 501 1356 et
525 1295 633 1354 scaber
657 1303 739 1353 esset
764 1312 917 1352 evasurus.
966 1293 1049 1352 llaec
1074 1294 1173 1352 ornnia
1197 1302 1354 1371 praestare
1387 1294 1507 1356 videtur
1539 1294 1697 1374 palpebra,

338 1385 416 1464 quod
441 1384 632 1444 manifestum
656 1391 704 1442 est
727 1382 755 1441 in
781 1381 1026 1441 lacrumantibus.
1074 1381 1189 1442 Eadem
1213 1382 1358 1461 palpebra
1388 1384 1475 1445 simul
1507 1392 1541 1445 et
1573 1382 1697 1462 tegendi

338 1473 467 1534 officium
492 1482 540 1532 est
564 1480 663 1545 nacta,
689 1490 754 1530 cum
778 1469 940 1549 periculum
965 1469 1099 1529 irnrninet
1124 1478 1177 1530 aut
1200 1490 1265 1531 curn
1290 1490 1412 1533 somnus
1433 1472 1561 1552 obrepit,
1588 1480 1700 1533 natura

338 1569 494 1623 avertente
519 1561 609 1621 etiam
634 1560 807 1620 occasiones
833 1559 1041 1640 periculorum,
1067 1578 1142 1636 quae
1167 1559 1362 1620 imminebant
1377 1562 1490 1640 apertis
1506 1560 1603 1623 oculis
1624 1561 1698 1621 dor·

337 1651 448 1712 miente
473 1651 600 1712 bomine.
647 1650 748 1727 Atque
774 1648 801 1707 in
826 1649 903 1708 lrunc
928 1647 1108 1707 extersionis
1133 1649 1218 1708 linem
1243 1649 1367 1710 interior
1397 1650 1562 1729 palpebrae
1595 1648 1699 1711 tunica

337 1741 530 1800 membranea
562 1746 611 1798 est
639 1746 670 1796 et
701 1736 811 1810 mollis,
845 1736 1036 1815 ejusdemque
1069 1755 1134 1797 crim
1163 1737 1216 1796 illa
1249 1738 1351 1798 tunica
1384 1739 1576 1799 substantiae
1607 1756 1697 1819 quam

340 1829 487 1906 extergit,
514 1847 600 1887 arcus
624 1844 695 1885 vero
720 1825 748 1885 in
775 1826 878 1897 limbo,
911 1832 1012 1885 tarsus
1037 1825 1150 1898 dictus,
1185 1836 1264 1886 teres
1290 1836 1320 1886 et
1344 1828 1534 1889 duriusculae
1560 1828 1698 1888 internae

338 1916 542 1988 substantiae,
573 1925 605 1977 ut
637 1927 706 1974 sunt
739 1916 837 1975 omnia
874 1913 1091 1991 cartilaginea;
1130 1914 1269 1975 cedentia
1301 1917 1329 1975 iu
1363 1916 1506 1976 sensibile
1542 1917 1697 1996 quippiam

338 2025 454 2067 summa
481 2004 650 2085 superficie,
677 2003 849 2063 resistentia
882 2020 952 2063 vero
986 2002 1052 2080 ipsa
1082 2003 1157 2062 rnole
1187 2003 1319 2083 corporis
1351 2013 1383 2065 et
1412 2005 1521 2065 duritie
1554 2006 1696 2066 densata.

338 2096 389 2158 Ita
412 2097 456 2168 fit,
481 2103 514 2155 ut
538 2093 710 2155 membrana
734 2093 870 2171 superior
894 2092 1047 2168 corrugari
1072 2101 1198 2169 appetat
1221 2094 1420 2171 tondeturque
1445 2094 1535 2173 globo
1552 2095 1641 2167 oculi,
1667 2104 1700 2154 et

339 2183 459 2247 sublato
494 2193 575 2246 tarso
605 2183 633 2243 in
667 2202 699 2242 se
733 2190 838 2254 coeat,
874 2181 1017 2258 depresso
1048 2198 1117 2240 vero
1150 2191 1245 2254 tarso,
1277 2183 1416 2260 nuspiam
1449 2206 1467 2243 a
1496 2184 1588 2262 globo
1618 2183 1697 2245 oculi

338 2273 487 2344 dehiscat,
512 2291 570 2333 non
595 2290 652 2330 uno
678 2272 742 2331 loco
766 2272 833 2348 plus
858 2271 1000 2331 tendatur
1024 2288 1111 2347 quarn
1136 2270 1210 2343 alio,
1245 2290 1309 2331 curn
1334 2291 1409 2332 unus
1433 2273 1475 2333 sit
1498 2273 1595 2334 totius
1619 2272 1698 2333 tarsi

336 2371 446 2424 motus.
480 2362 537 2423 llic
558 2361 647 2439 igitur
666 2369 765 2420 tarsus
791 2359 900 2437 aperiri
925 2367 956 2418 et
980 2358 1078 2418 claudi
1102 2358 1151 2418 vix
1181 2358 1269 2419 aliter
1301 2360 1400 2438 potuit
1429 2361 1494 2422 sine
1519 2362 1700 2423 fatiscentia

339 2460 372 2513 et
395 2470 462 2512 curn
486 2449 626 2511 inferiore
652 2457 735 2509 tarso
759 2448 841 2508 socio
865 2468 918 2508 suo
943 2447 1029 2519 uniri,
1056 2466 1143 2525 quam
1168 2448 1193 2507 si
1217 2449 1324 2526 globus
1349 2449 1425 2511 oculi
1450 2459 1535 2511 esset
1555 2450 1697 2529 sphaeri-

337 2559 399 2615 cus,
423 2540 480 2619 ipsi
506 2558 576 2600 vero
601 2538 675 2599 tarsi
700 2557 786 2599 arcus
812 2536 1058 2608 semicirculares,
1085 2545 1208 2615 utroque
1225 2538 1362 2613 termino,
1387 2548 1532 2619 tanquam
1549 2539 1578 2601 in
1599 2558 1698 2619 oppo-

337 2629 405 2691 sitis
429 2629 510 2708 globi
535 2628 612 2709 polis
637 2627 729 2687 allisi.
777 2625 824 2685 Ex
850 2627 904 2686 boc
930 2625 1021 2685 etiam
1045 2626 1285 2686 machinamento
1310 2627 1371 2687 bini
1395 2628 1424 2687 in
1449 2628 1586 2707 quolibet
1610 2628 1698 2690 oculo

338 2718 520 2780 exstiterunt
557 2716 676 2794 anguli,
715 2735 788 2794 quos
826 2716 953 2776 canthos
991 2733 1044 2773 seu
1078 2714 1198 2792 lrirquos
1231 2716 1396 2793 appellant.
1445 2714 1581 2786 Quorum
1616 2718 1698 2779 linea

338 2805 503 2869 distantiae
528 2824 578 2866 cur
602 2807 632 2865 in
657 2804 832 2865 distantiam
858 2804 992 2863 binorum
1008 2802 1160 2863 oculorunr
1180 2814 1375 2882 competeret,
1402 2806 1513 2866 dictum
1539 2815 1587 2867 est
1603 2825 1698 2884 snpra

336 2895 436 2975 capite
451 2896 506 2967 ΙΙΙ,
532 2912 637 2972 nempe
662 2902 694 2953 ut
717 2893 939 2953 aemularentur
958 2891 1034 2951 oculi
1058 2911 1123 2952 curn
1139 2892 1248 2970 singuli
1268 2902 1328 2953 turn
1345 2894 1442 2970 juncti
1463 2904 1594 2956 tractum
1612 2895 1697 2956 hori-

336 2984 433 3045 zontis
463 2982 600 3043 visibilis.
637 2983 738 3060 Atque
763 2992 796 3041 ut
820 2982 848 3040 id
873 2982 935 3041 lieri
960 2989 1064 3058 posset
1088 2990 1118 3040 et
1142 2981 1306 3059 amplitudo
1331 2983 1456 3044 visionis
1481 2984 1560 3044 hanc
1585 2983 1697 3044 lineam

338 3082 529 3153 sequeretur,
561 3090 710 3131 cameram
745 3069 820 3130 oculi
858 3071 985 3128 frontem
1019 3068 1096 3128 inter
1134 3078 1166 3128 et
1202 3070 1355 3130 ruarillam
1394 3072 1529 3133 nonnihil
1568 3071 1697 3153 deprimi

337 3162 480 3240 oportuit,
506 3181 542 3221 ne
567 3160 637 3240 quid
661 3158 721 3219 illic
747 3158 893 3218 obstaret.
943 3158 975 3216 ld
1001 3158 1119 3235 quidem
1153 3159 1231 3235 apud
1256 3178 1360 3220 nasum
1394 3181 1604 3232 necessencn
1630 3162 1696 3230 luit,

337 3251 439 3331 potius
463 3251 574 3310 vallum
599 3268 635 3308 or
655 3267 728 3308 naso
748 3247 811 3307 fieri
832 3247 972 3325 oportuit,
999 3266 1035 3306 ne
1051 3248 1283 3308 confunderetur
1299 3250 1380 3310 risus
1395 3252 1551 3331 utriusque
1565 3245 1698 3316 oculi⁰l

335 3339 404 3401 Duo
429 3339 546 3419 quidem
570 3346 726 3417 praestare
751 3336 870 3397 ridetur
894 3335 1004 3395 vallum
1029 3335 1097 3405 lroc,
1127 3355 1225 3409 unuin,
1251 3338 1328 3415 quod
1354 3340 1480 3401 alterius
1509 3340 1587 3401 oculi
1620 3359 1696 3400 con-

337 3437 473 3507 spectum
499 3428 587 3490 alteri
612 3426 708 3504 eripit,
742 3445 778 3485 ne
803 3435 903 3485 nrutuo
929 3424 1087 3502 splendore
1113 3446 1130 3484 a
1154 3427 1431 3502 repercussionibus
1454 3438 1521 3489 orto
1546 3447 1697 3490 occaeca-

336 3526 459 3579 rentur:
490 3520 631 3583 alterum,
657 3516 735 3595 quod
761 3515 919 3575 altitudine
946 3533 999 3572 sua
1023 3512 1179 3572 terminum
1205 3516 1384 3590 praescribit
1408 3518 1697 3597 appropinquationi

337 3626 434 3668 rerum
459 3606 630 3667 visibilium.
679 3603 766 3673 Quod
792 3622 861 3663 vero
886 3602 933 3662 nni
960 3602 1044 3660 ocnlo
1067 3620 1121 3678 per
1145 3622 1250 3662 nasum
1274 3605 1427 3666 ademtam
1453 3616 1513 3678 est,
1551 3607 1580 3667 id
1615 3608 1696 3668 alter

338 3697 442 3757 oculus
479 3704 666 3774 compensat.
714 3694 832 3753 Natura
865 3692 941 3751 enirn
974 3690 1189 3768 perlectionem
1218 3693 1299 3752 risus
1333 3694 1493 3756 coustituit
1522 3696 1552 3756 in
1577 3695 1698 3757 duobus

338 3785 442 3845 oculis.
490 3784 668 3861 llrrjusrrrodi
703 3782 778 3841 dirae
811 3780 888 3840 aliae
922 3779 1017 3838 valles
1051 3799 1070 3836 a
1100 3798 1220 3840 camera
1251 3782 1329 3842 oculi
1360 3784 1500 3845 deorsum
1524 3785 1698 3846 concedunt

338 3872 418 3932 iuter
443 3873 582 3931 maxillas
607 3880 638 3931 et
661 3890 775 3942 nasum,
802 3879 835 3929 ut
858 3868 952 3929 oculis
977 3876 1125 3946 paterent,
1152 3889 1225 3946 quae
1251 3880 1321 3932 sunt
1345 3873 1389 3934 ori
1413 3875 1593 3952 etpedibus
1623 3893 1699 3953 pro-

338 3959 430 4021 xima.
479 3959 529 4020 Sic
561 3967 659 4019 motus
698 3969 728 4019 et
761 3961 858 4019 rictus
896 3957 1062 4017 necessitas
1100 3957 1279 4034 requirebat.
1328 3963 1449 4023 Frontis
1486 3982 1558 4023 cero
1598 3964 1700 4024 fornix

338 4048 466 4109 maxime
490 4049 667 4126 protuberat
690 4047 728 4106 ad
752 4046 968 4107 excludendam
993 4045 1068 4105 coeli
1091 4046 1195 4117 lucem,
1221 4067 1278 4126 qua
1293 4050 1426 4112 risibilia
1440 4052 1698 4131 opprimerentur.

334 4135 502 4216 Propterea
527 4137 632 4215 quibus
657 4137 781 4195 claritas
807 4136 879 4196 lucis
905 4135 1032 4195 molesta
1057 4142 1113 4204 est,
1142 4135 1269 4197 frontem
1293 4152 1457 4218 corrugant
1481 4150 1513 4202 et
1527 4142 1643 4203 vallum
1667 4141 1700 4201 id

336 4226 373 4285 ad
398 4227 500 4287 oculos
525 4226 645 4306 propius
670 4226 830 4285 deducunt.
878 4223 957 4283 Sunt
981 4224 1042 4283 fere
1068 4223 1096 4281 iu
1122 4225 1245 4283 eundern
1271 4246 1356 4288 usurn
1382 4236 1413 4289 et
1437 4230 1506 4290 cilia
1530 4239 1563 4290 et
1586 4249 1698 4310 super-

335 4313 413 4375 cilia.
462 4315 529 4374 Lux
553 4315 630 4373 enirn
655 4333 707 4391 per
728 4313 779 4372 illa
804 4314 935 4372 demissa
966 4331 1021 4371 non
1047 4311 1144 4370 subito
1168 4314 1257 4388 pleno
1282 4316 1366 4375 radio
1393 4319 1463 4379 ierit
1487 4319 1609 4392 oculos,
1642 4318 1699 4380 sed

335 4402 444 4481 partim
469 4403 544 4462 ciliis
569 4402 756 4470 obscuratur,
781 4402 914 4480 oculique
941 4401 1014 4460 lueis
1039 4400 1305 4479 appropinquantis
1331 4424 1383 4484 per
1408 4408 1544 4469 ciliorum
1567 4407 1699 4469 rimulas

337 4591 395 4601 ..-

424 4710 448 4772 ‘l
471 4713 530 4765 Hoc
551 4721 643 4766 tamen
665 4713 700 4764 ab
723 4713 763 4773 iis,
787 4714 831 4781 qui
854 4722 949 4765 trunco
972 4728 1038 4763 naso
1061 4721 1161 4772 essent,
1186 4723 1318 4785 negatum
1341 4716 1380 4771 ait
1395 4719 1548 4779 Jessenius.
1581 4723 1697 4798 Rogare

335 4806 389 4862 ego
410 4791 544 4853 Jessenio,
568 4810 621 4845 non
643 4810 703 4844 esse
727 4793 879 4853 verisimile,
902 4792 1027 4860 cuiqnarn
1051 4792 1187 4846 hominurn
1210 4803 1337 4849 truncato
1362 4814 1430 4852 naso
1452 4810 1613 4859 truncatum
1633 4825 1698 4860 esse

335 4877 365 4923 et
385 4870 410 4922 id
433 4871 535 4923 rallnrn
558 4873 630 4924 inter
651 4873 744 4923 oculos
767 4873 870 4924 illaesis
886 4873 990 4926 riculis:
1015 4889 1110 4941 nequo,
1135 4873 1156 4924 si
1173 4874 1275 4928 facturn
1291 4887 1374 4941 esset,
1398 4880 1520 4936 futurum
1537 4885 1697 4940 toleratam

336 4950 423 5002 abaci
450 4950 564 5002 vulnere
594 4953 779 5019 superstitem.
826 4954 922 5005 Testes
952 4970 1019 5022 ergo
1048 4962 1145 5006 contra
1172 4954 1242 5007 hanc
1273 4967 1396 5014 mutuam
1427 4963 1569 5019 oculorum
1600 4983 1696 5038 reper-

337 5028 491 5086 maionem
512 5030 635 5083 laturam
656 5032 766 5084 adducit
787 5049 840 5085 non
863 5033 983 5085 idoneos,
