3692 5842
375 489 442 557 300
868 491 1237 557 amnemamnem.

376 667 527 747 ginatiooe
552 669 745 741 duceremus,
770 688 846 748 qnae
869 680 902 729 ot
927 668 1028 731 Solem
1052 671 1086 748 dy
1108 670 1375 748 comprehendant,
1400 667 1501 729 Solem
1524 667 1616 745 longe
1640 664 1732 725 altius

374 777 394 818 a
416 762 434 816 d
456 755 554 817 attolli
575 775 699 816 necesse
717 758 784 818 erit.
818 759 998 836 Hujusmodi
1013 758 1163 837 quippiam
1188 758 1340 838 objicienti
1364 767 1536 818 astronomo
1552 754 1628 815 illud
1645 771 1733 814 unum

372 845 561 924 respondeo:
585 863 656 906 vere
681 845 799 923 quidem
824 847 905 907 illum
930 847 1142 926 argumentari,
1167 848 1221 908 sed
1245 849 1324 910 ultra
1347 844 1560 906 sensibilitatis
1575 842 1731 903 terminos.

374 933 453 996 Nam
478 952 515 994 ex
539 952 604 1012 cap.
631 933 689 1001 IV,
722 933 795 995 Neo.
821 933 850 997 6.
880 954 966 1014 prop.
996 935 1044 996 11.
1070 945 1213 1014 apparet,
1247 937 1326 997 aeris
1359 934 1549 996 altitudinem
1581 932 1634 991 vix
1667 949 1733 990 esse

374 1022 491 1083 dimidii
518 1022 672 1089 milliaris,
705 1023 823 1084 etiamsi
856 1024 1021 1085 horizontis
1055 1025 1196 1085 retractio
1228 1026 1318 1105 plane
1343 1020 1397 1088 34‘
1420 1023 1471 1085 sit.
1519 1020 1640 1083 Talium
1663 1037 1733 1080 vero

374 1110 486 1171 Terrae
516 1111 739 1172 semidiameter
769 1112 862 1173 habet
894 1110 970 1175 860.
1027 1111 1128 1182 Quare
1162 1114 1231 1175 dum
1264 1114 1344 1174 mille
1377 1112 1589 1191 septingentas
1621 1109 1731 1169 Terrae

373 1199 615 1260 semidiametros
639 1209 855 1278 computamus,
880 1221 940 1262 noa
954 1201 1040 1263 nobis
1065 1203 1151 1262 deest
1165 1202 1202 1263 ob
1227 1202 1416 1264 altitudinem
1433 1200 1523 1262 aeris.
1561 1200 1609 1260 At
1631 1204 1732 1277 potest

375 1287 412 1347 de
436 1283 479 1349 60
503 1288 735 1349 semidiametris
766 1290 852 1351 uobis
875 1309 936 1351 una
964 1290 1088 1364 deesse,
1117 1299 1276 1370 postquam
1304 1309 1420 1352 omnem
1450 1286 1635 1350 observandi
1659 1284 1729 1345 sub·

374 1374 516 1437 tilitatem
541 1376 774 1438 adhibuerimus.
813 1377 915 1449 Quare
930 1398 990 1440 non
1009 1387 1057 1441 est
1071 1379 1145 1440 haec
1161 1380 1306 1441 minutula
1328 1378 1509 1441 incertitudo
1530 1373 1730 1456 comparanda

372 1482 439 1526 cum
462 1464 540 1538 aliis,
566 1465 672 1544 quibus
697 1469 867 1530 necessario
891 1467 930 1529 ob
954 1487 1063 1530 causas
1088 1468 1165 1529 alias
1189 1469 1375 1530 astronomia
1399 1467 1527 1529 laborat.

706 1631 734 1697 3.
781 1635 833 1696 De
861 1636 993 1697 rubore
1017 1637 1140 1697 Lunae
1170 1635 1398 1698 deficientis.

463 1773 510 1836 Ne
535 1793 607 1836 vero
631 1775 787 1854 quisquam
812 1775 848 1835 de
873 1794 909 1837 eo
934 1777 1010 1855 quod
1035 1776 1146 1838 dictum
1170 1786 1218 1837 est
1240 1775 1381 1849 haesitet,
1405 1794 1473 1836 esse
1496 1774 1616 1835 Lunam
1639 1770 1725 1833 radiis

375 1859 457 1923 Solis
491 1881 545 1941 per
577 1870 676 1923 adrem
708 1863 849 1926 admissis
881 1872 911 1925 et
943 1865 1082 1925 refractis
1115 1866 1275 1926 etiamnum
1308 1865 1505 1931 illustratam,
1539 1861 1633 1922 etiam
1665 1878 1724 1919 corn

374 1950 474 2011 deficit
499 1959 582 2020 tota,
613 1952 758 2029 respiciat
787 1953 947 2033 diligenter
971 1954 1009 2014 nd
1044 1952 1172 2031 eclipses
1195 1954 1299 2015 Lunae
1331 1953 1457 2025 totales,
1490 1950 1626 2011 inveniet
1655 1948 1725 2008 banc

373 2038 607 2102 illustrationem
631 2039 660 2100 io
685 2041 786 2102 oculos
810 2042 1019 2103 incurrentem.
1064 2042 1168 2121 Neque
1193 2062 1285 2122 nuper
1307 2042 1486 2103 mentionem
1512 2039 1577 2120 ejus
1600 2037 1644 2098 rei
1667 2037 1726 2115 quis

373 2127 448 2189 fecit
471 2128 501 2187 in
528 2130 657 2205 gratiam
681 2130 908 2205 seductionum,
934 2138 968 2192 ut
992 2131 1110 2192 rabulae
1139 2131 1365 2194 convenientem
1394 2128 1638 2191 accommodaret
1666 2124 1725 2203 epi·

372 2216 482 2294 logum.
536 2217 654 2277 Extant
681 2228 817 2280 veterum
851 2220 1040 2280 sententiae:
1077 2221 1210 2300 adeoque
1239 2221 1306 2281 hinc
1330 2230 1402 2280 nata
1426 2229 1474 2279 est
1502 2216 1620 2296 opinio,
1655 2212 1724 2293 quod

371 2304 460 2366 rubor
494 2304 544 2365 ille
570 2306 612 2366 sit
635 2307 731 2366 lumen
756 2307 860 2367 Lunae
891 2309 1052 2386 proprium.
1100 2310 1224 2370 Theon
1249 2309 1277 2369 in
1303 2306 1535 2370 Commentariis
1559 2321 1652 2384 super
1675 2300 1725 2361 IV.

372 2393 541 2454 Ptolemaei
566 2394 610 2455 sic
633 2395 869 2474 philosophatur.
920 2407 997 2468 Quod
1019 2407 1167 2476 deliquium
1187 2409 1283 2460 Lunae
1311 2406 1426 2469 attinet,
1449 2407 1537 2459 Terra
1557 2403 1612 2457 hoc
1633 2402 1725 2455 moon»

370 2484 448 2536 modo
470 2484 575 2536 Lunam
598 2484 691 2538 afficit.
734 2486 800 2538 Cum
822 2487 893 2539 enim
913 2487 995 2539 Luna
1015 2487 1052 2539 sit
1076 2504 1197 2556 perenne
1223 2504 1337 2556 corpus,
1367 2486 1475 2539 divinae
1501 2492 1624 2538 naturae
1646 2478 1725 2552 parte

373 2579 437 2632 ceps
459 2569 488 2616 et
511 2564 634 2617 immunis
656 2566 838 2628 affectionum,
861 2582 932 2637 qnae
954 2573 1042 2619 ortum
1064 2574 1094 2619 et
1114 2566 1253 2621 interitum
1275 2567 1365 2620 solent
1385 2565 1529 2637 consequi,
1559 2579 1615 2618 non
1637 2561 1726 2632 ntiqne

373 2644 574 2696 mutationibus
589 2662 677 2714 neque
700 2647 879 2699 decrementis
894 2664 956 2699 sese
971 2645 1107 2714 subjiciet.
1136 2647 1188 2701 Sed
1208 2664 1268 2700 cum
1288 2646 1462 2717 proprium
1484 2647 1599 2698 lumen
1621 2650 1726 2696 nacto!

372 2722 410 2775 sit
431 2723 609 2787 imbecillius,
637 2727 708 2795 quod
731 2728 765 2778 ad
791 2737 900 2780 nostros
922 2726 996 2779 risus
1024 2728 1119 2796 nequit
1144 2727 1226 2780 facile
1251 2726 1428 2797 pertingere:
1459 2731 1588 2779 mutuato
1609 2740 1648 2776 ex
1668 2721 1726 2773 Sole

372 2803 475 2855 lumine
496 2803 552 2855 alio
573 2804 741 2872 splendidior
769 2812 903 2874 apparet,
926 2813 957 2858 ut
978 2805 1114 2860 illuminet
1133 2808 1234 2860 Terras
1254 2814 1285 2859 et
1305 2811 1406 2860 adrem.
1448 2807 1516 2859 Cum
1537 2804 1627 2874 igitur
1647 2802 1726 2855 Tem

371 2881 575 2935 radiationibus
596 2883 739 2938 Solaribus
770 2886 929 2948 intercedit,
962 2895 1026 2940 tunc
1047 2887 1127 2939 Luna
1147 2886 1237 2941 Solari
1265 2888 1326 2940 luce
1354 2887 1465 2956 privata
1484 2892 1515 2937 et
1544 2883 1726 2937 caunense

373 2979 443 3015 cono
465 2962 588 3025 umbrae,
610 2981 716 3017 rursum
737 2966 885 3019 debilior
905 2974 942 3019 et
962 2968 1150 3020 obscurior
1169 2968 1270 3022 eradit.
1298 2966 1359 3019 Non
1380 2966 1487 3036 quidem
1509 2981 1600 3034 neque
1621 2980 1659 3016 cx
1680 2961 1726 3013 tae

373 3040 562 3093 illustratione
583 3060 672 3112 neque
693 3063 730 3098 ex
752 3046 907 3114 priuatione
929 3046 1032 3099 Solaris
1055 3047 1122 3099 lucis
1143 3047 1322 3101 mutationem
1345 3047 1406 3116 ipsa
1426 3046 1515 3099 subit:
1542 3043 1592 3097 sed
1614 3058 1676 3095 marn
1696 3039 1726 3093 dt

373 3137 471 3172 exsors
493 3123 684 3191 corruptionis,
707 3128 822 3177 eundem
844 3143 952 3194 semper
973 3128 1123 3180 colorem
1144 3135 1173 3179 et
1195 3134 1348 3195 aspectum,
1372 3143 1452 3195 quem
1473 3125 1615 3193 proprium
1637 3122 1724 3176 habet

373 3200 644 3273 magnitudinemque
677 3211 779 3258 tuetur.
821 3205 897 3266 Quod
919 3215 1012 3260 autem
1037 3208 1117 3260 Luna
1146 3207 1337 3260 illustrato
1366 3206 1496 3275 quidem
1524 3220 1677 3272 semper,
1704 3200 1725 3252 in

374 3280 512 3349 aliquibus
534 3282 693 3350 pleniluniis
714 3302 768 3337 non
790 3294 923 3338 consueta
944 3287 1072 3339 claritate
1094 3287 1281 3339 illustraretur
1302 3288 1349 3339 sed
1371 3288 1580 3346 obscuraretur,
1604 3284 1725 3335 affectum

369 3366 399 3411 et
412 3360 535 3413 laborem
555 3364 742 3431 appellarunt,
758 3383 792 3417 eo
807 3368 878 3434 quod
893 3366 1094 3427 existimarent,
1116 3366 1295 3419 mutationem
1310 3367 1385 3419 illam
1400 3366 1427 3419 in
1441 3365 1497 3418 suis
1520 3363 1724 3432 operationibus

368 3449 470 3502 subire.
504 3439 545 3500 Et
569 3443 666 3502 infra:
692 3454 788 3506 Habet
801 3454 907 3523 quidem
921 3454 1010 3516 Luna,
1027 3462 1122 3507 etase
1138 3455 1207 3523 ipsa,
1219 3457 1317 3517 lumen,
1333 3455 1449 3507 debilius
1463 3470 1537 3515 vero,
1553 3460 1587 3505 ut
1602 3451 1722 3504 diximus.

369 3526 523 3588 Theonem
559 3540 679 3591 secutus
713 3529 933 3592 Cleomedes
973 3531 1024 3591 lib.
1058 3532 1095 3594 ll.
1131 3532 1271 3613 Cyelicae
1304 3533 1450 3594 Theoriae
1483 3531 1593 3591 miscet
1632 3530 1723 3588 lumen

368 3615 471 3676 Lunae
503 3636 540 3677 en
575 3618 682 3678 lumine
714 3618 794 3680 Solis
824 3628 854 3680 et
887 3621 1016 3699 proprio.
1035 3616 1078 3692 ⁶⁸)
1125 3621 1359 3682 Reinholdus
1392 3619 1555 3681 uerissime
1587 3619 1640 3678 sol.
1670 3613 1722 3681 ldl

366 3707 442 3772 (²1¹0)
481 3703 772 3769 Commentariorum
807 3708 835 3768 in
867 3710 1083 3780 Purbachium‚
1108 3721 1191 3781 Esse,
1217 3711 1273 3782 ait,
1299 3721 1325 3773 in
1342 3722 1420 3773 Luna
1435 3719 1578 3790 peculiare
1595 3719 1723 3789 quoddam

367 3810 416 3847 seu
447 3796 593 3849 obscurum
622 3800 730 3861 lumen,
753 3806 781 3851 et
804 3800 886 3868 quale
909 3800 960 3851 hoc
982 3800 1025 3859 sit,
1049 3806 1146 3868 aperte
1175 3802 1274 3854 docent
1304 3803 1406 3854 totales
1429 3800 1514 3868 ipsius
1536 3799 1680 3859 desectus,
1702 3797 1723 3849 in

367 3873 465 3942 quibus
488 3875 599 3945 integer
621 3880 694 3931 orbis
720 3879 841 3932 cernitur
868 3886 941 3931 tetro
963 3887 991 3931 et
1013 3880 1136 3932 horribili
1165 3882 1274 3939 colore:
1301 3881 1345 3949 qui
1374 3889 1467 3933 tamen
1495 3879 1568 3931 alias
1591 3886 1637 3932 est
1657 3876 1723 3931 rubi·

367 3954 493 4015 cundior‚
518 3957 596 4009 Luna
627 3958 719 4010 altiori
747 3967 775 4011 et
802 3967 885 4012 extra
915 3960 1070 4027 eclipticam
1102 3960 1212 4030 longius
1234 3969 1344 4022 evecta,
1371 3962 1441 4013 alias
1468 3959 1593 4028 nigrior,
1626 3965 1723 4028 quanto

366 4032 493 4086 videlicet
517 4035 645 4089 humilior
667 4048 710 4091 est
733 4055 765 4091 ac
787 4050 936 4107 propterea
952 4040 1103 4092 inumbras
1119 4040 1221 4092 Terrae
1243 4040 1403 4109 profundius
1424 4040 1563 4092 immersa.
1613 4035 1724 4105 Quibit!

367 4120 483 4200 quidem
509 4122 620 4184 ultimis
645 4125 744 4184 verbis
767 4127 922 4204 perspicue
947 4127 1060 4187 refutat
1084 4127 1122 4200 id,
1148 4128 1226 4205 qued
1250 4146 1316 4187 cum
1336 4126 1400 4204 ipse
1420 4134 1482 4186 tum
1512 4125 1723 4185 antecedentes

366 4209 484 4280 dixere,
519 4212 615 4272 lumen
654 4214 684 4273 id
716 4233 783 4273 esse
807 4215 910 4274 Lunae
944 4216 1104 4293 proprium.
1151 4216 1230 4276 liam
1263 4216 1288 4275 si
1321 4215 1471 4294 proprium
1504 4224 1590 4274 esset
1614 4213 1721 4280 Lunae,

365 4298 477 4359 clarius
502 4310 663 4377 appareret
687 4321 723 4361 ex
749 4303 891 4363 tenebris.
936 4304 987 4364 Sic
1012 4305 1089 4364 enim
1115 4313 1146 4364 et
1170 4305 1273 4365 Lunae
1298 4324 1316 4364 a
1339 4304 1411 4365 Sole
1435 4312 1606 4363 mutuatum
1631 4301 1722 4363 lumen

365 4396 455 4447 noctu
481 4388 681 4449 clarissimum
711 4399 772 4457 est.
806 4410 872 4450 cum
906 4392 1033 4452 interdiu
1058 4394 1107 4452 rix
1139 4394 1240 4453 oculos
1273 4400 1404 4453 moreat.
1450 4390 1520 4452 Jam
1544 4391 1722 4452 contrarium

365 4476 466 4534 evenit
491 4486 570 4535 teste
594 4476 772 4538 lleinholdo.
820 4480 1004 4539 l'rolundam
1029 4482 1104 4541 enim
1130 4481 1262 4541 umbram
1286 4480 1425 4558 ingressa
1448 4480 1563 4557 nigrior
1587 4487 1722 4558 apparet:

364 4562 455 4623 altior
479 4574 510 4623 et
534 4584 669 4642 apogneo
693 4567 812 4644 propior
836 4568 1033 4640 rubicundior,
1060 4578 1138 4628 utet
1158 4571 1276 4629 eumad
1298 4569 1378 4630 latus
1403 4570 1525 4630 umbrae
1549 4567 1579 4629 in
1602 4576 1721 4645 septen·

365 4652 478 4712 triones
510 4652 650 4713 declinat.
700 4656 784 4715 l'nde
818 4654 1004 4727 intelligitur,
1031 4657 1162 4718 invenire
1188 4658 1303 4717 Lunam
1327 4659 1355 4718 io
1385 4658 1507 4718 umbrae
1542 4655 1722 4735 marginibus

366 4741 460 4800 lucem
486 4743 675 4818 permixtam,
701 4763 787 4822 quam
804 4743 879 4804 hanc
900 4744 996 4823 ipsam
1013 4764 1078 4805 esse
1095 4747 1170 4819 dico,
1197 4766 1273 4825 quae
1288 4764 1342 4824 per
1361 4746 1441 4807 aeris
1463 4762 1573 4824 corpus
1598 4746 1722 4807 refracta

364 4830 592 4889 transmittitur.

453 4919 619 4995 Propterea
652 4926 733 4978 reete
765 4919 984 4980 Plutarchus
1018 4923 1153 4983 omnibus
1189 4923 1234 4981 his
1267 4922 1416 5000 antiquior
1455 4922 1559 4983 libello
1583 4922 1622 4981 de
1652 4920 1720 4980 lacit

364 5002 482 5077 Lunae,
517 5025 583 5066 curn
608 5006 793 5067 Pharnacem
822 5008 1038 5071 introduxisset
1068 5012 1312 5084 contendentem,
1347 5029 1415 5071 esse
1439 5010 1545 5073 Lunae
1570 5020 1605 5071 ut
1634 5011 1720 5070 astris
