3692 5842
698 479 780 545 caput
799 477 874 532 m
935 514 939 522 ·
1396 481 1461 550 747

108 654 177 719 Aut
199 656 278 720 euim
306 662 470 737 sequnntur
496 655 657 736 ecclesiam
677 656 849 720 Romanam
875 665 930 721 aut
951 656 990 720 ab
1013 676 1050 720 ea
1072 658 1286 722 discesserunt
1333 660 1383 724 Illi
1404 679 1462 723 er-

109 751 255 826 epeetant
268 743 612 819 adhnc‘Antichristum,
626 745 657 807 hi
672 747 799 808 credunt
816 746 951 809 Judaeos
971 746 1068 812 adhuc
1088 750 1324 811 convertendos:
1344 750 1461 833 utrique

108 833 318 916 probabiliter,
341 833 576 914 praedicandum
591 834 791 914 Evangelium
814 854 869 915 per
886 843 984 899 totum
998 837 1159 899 Terrarum
1182 837 1284 900 orbem
1307 839 1461 902 omnibns-

109 941 168 1005 que
200 922 348 986 barbaris.
403 922 512 986 Neutri
543 923 635 1002 igitur
671 922 747 986 certi
783 932 857 986 suut
886 925 1072 1007 jamjamque
1107 923 1262 990 imminere
1299 927 1462 991 adventum

106 1010 242 1076 Domini.
278 1013 385 1094 Itaque
400 1031 460 1074 non
480 1020 609 1093 possunt
622 1012 700 1075 hanc
723 1012 844 1075 stellam
863 1013 968 1096 aliqua
989 1013 1134 1094 peculiari
1152 1016 1270 1079 ratione
1290 1017 1331 1079 ad
1345 1015 1462 1082 christi

107 1100 274 1164 adventum
296 1101 523 1163 accommodare
546 1119 641 1182 exque
666 1120 702 1162 ea
725 1110 861 1181 tempora
883 1103 1073 1166 dinumerare
1099 1112 1255 1187 metasque
1278 1106 1460 1207 praefigere:

106 1207 200 1278 qnam
232 1190 391 1255 scientiam
412 1191 497 1253 Deus
526 1190 585 1252 sibi
614 1190 792 1253 reservavit
837 1192 963 1255 Interim
984 1213 1045 1256 nun
1077 1210 1150 1255 saue
1179 1202 1323 1276 peccaut,
1355 1195 1381 1256 si
1403 1196 1461 1258 hac

106 1273 204 1342 irath
225 1279 452 1343 commonefacti
481 1278 576 1341 vitem
606 1279 777 1342 instaurant
800 1277 1007 1344 Christianam
1030 1281 1131 1364 itaque
1154 1302 1187 1388 se
1211 1293 1405 1365 comparant,
1428 1292 1463 1347 nt

107 1366 267 1434 Christum
288 1368 483 1431 Dominum
469 1368 654 1449 Jamjamque
677 1369 840 1450 excepturi.

198 1456 387 1530 Quodsicm
379 1457 531 1520 stellam
554 1456 632 1519 hanc
654 1457 738 1521 lubet
756 1458 794 1520 ad
809 1466 932 1521 nostms
946 1458 1173 1540 Europaeurum
1194 1461 1315 1523 trahere
1334 1470 1460 1524 conten-

104 1547 226 1611 tiones:
256 1547 394 1629 equidem
416 1548 468 1609 fiet
490 1546 667 1627 capitulatio
696 1547 825 1609 omnium
849 1548 911 1609 fere
940 1547 1193 1628 conjectmarum,
1216 1568 1292 1631 quas
1314 1550 1461 1614 hactenus

105 1636 256 1710 receneui.
301 1637 381 1698 Nam
404 1635 590 1718 Sagittarius
612 1637 855 1717 repraesentabit
877 1636 1037 1699 ecclesiam
1053 1637 1112 1699 Dei
1136 1638 1252 1720 (posito
1275 1639 1355 1720 quod
1377 1641 1461 1703 Deus

104 1725 139 1792 in
166 1725 365 1808 significando
396 1733 499 1788 utatur
529 1724 725 1807 conceptibus
750 1725 994 1806 &astrologorum
1028 1727 1107 1808 quod
1136 1746 1196 1788 non
1227 1747 1330 1792 omnes
1359 1737 1461 1792 umen

103 1816 277 1880 concedent
297 1834 412 1897 egoque
434 1815 623 1878 haesitanter
640 1818 802 1896 suppono),
824 1823 888 1878 tam
909 1816 1128 1889 astronomica,
1155 1816 1226 1897 qnia
1243 1817 1274 1879 iu
1292 1836 1350 1899 quo
1374 1817 1461 1906 signo

103 1906 343 1986 congrediuntur
357 1905 456 1968 hodie
477 1904 638 1987 planetae,
661 1904 692 1967 in
716 1923 751 1966 eo
775 1906 861 1984 signo
884 1904 1005 1969 initium
1027 1913 1077 1967 est
1107 1904 1218 1986 trigoni
1241 1905 1338 1985 ignei,
1370 1925 1460 1989 quam

101 1993 301 2074 astrologice,
325 1994 396 2077 qnia
418 1994 603 2074 Sagittarius
627 2001 675 2056 est
697 1993 803 2057 domus
825 1994 923 2057 Jovis.
968 1994 1011 2057 Et
1034 1992 1104 2076 quia
1126 1994 1297 2073 conjunctio
1318 1995 1407 2058 lovis
1430 2003 1461 2057 et

100 2083 220 2148 merus
243 2083 417 2146 turbulenta
439 2091 487 2146 est
509 2091 541 2146 et
564 2083 656 2145 stella
681 2083 772 2165 paulo
803 2092 874 2145 ante
896 2083 968 2146 illos
994 2083 1118 2162 junctos
1141 2082 1229 2145 stetit
1259 2084 1357 2165 quoad
1380 2084 1461 2147 diem

101 2181 137 2236 ct
160 2173 278 2250 locum3
307 2181 338 2236 et
360 2172 545 2255 Sagittarius
572 2172 735 2253 triplicitas
763 2172 891 2235 habetur
913 2172 1025 2235 Martis
1049 2180 1081 2233 et
1103 2171 1205 2234 Solis:
1234 2171 1336 2254 itaque
1359 2172 1460 2237 maxi-

97 2281 220 2331 marum
251 2264 475 2325 contentionum
506 2261 716 2335 novationem,
749 2270 780 2323 et
806 2268 841 2324 ut
863 2281 930 2324 cum
952 2260 1081 2324 Rdslino
1104 2260 1210 2342 loquar
1240 2284 1457 2365 amauspuqqe,

97 2351 183 2417 torte
206 2359 239 2414 et
260 2371 368 2415 novam
393 2360 517 2427 sectam,
542 2359 575 2414 nt
598 2350 746 2431 astrologi
769 2351 862 2413 ceteri
886 2359 1117 2433 suggesserunt,
1141 2350 1310 2432 siguificat;
1336 2360 1367 2414 et
1389 2349 1460 2434 qnia

97 2441 197 2506 stella
219 2442 373 2504 antecedit
394 2441 465 2504 illos
488 2442 519 2502 in
542 2441 590 2502 die
614 2449 645 2502 et
667 2440 734 2501 loco
757 2448 822 2502 tam
845 2439 1044 2521 longitudinis
1068 2459 1156 2521 qnam
1179 2439 1366 2517 latitudinis,
1390 2441 1457 2504 ideo

95 2531 235 2616 quietem
257 2539 329 2612 post
341 2530 426 2593 rixas
447 2530 625 2611 pollicetur;
649 2536 681 2590 et
696 2528 766 2610 quia
785 2528 876 2592 stella
890 2531 979 2593 stetit
996 2549 1090 2611 prope
1109 2530 1190 2591 viam
1213 2530 1328 2609 regiam
1350 2530 1458 2611 plane-

94 2629 212 2697 mum,
235 2620 267 2682 id
289 2620 387 2682 innuit
409 2619 592 2682 contusionis
611 2626 643 2681 et
660 2617 891 2682 exorbitationis
910 2618 1140 2700 abrogationem·
1160 2628 1192 2681 et
1211 2618 1325 2681 ordinis
1348 2620 1458 2682 reduc-

93 2709 216 2776 tionem
223 2728 233 2786 ;
263 2710 344 2791 qnod
368 2709 422 2772 alii
445 2708 482 2771 de
505 2709 604 2770 reditu
626 2708 666 2770 ad
695 2707 877 2771 catholicam
910 2709 1087 2783 ecclesiam,
1119 2708 1173 2771 alii
1196 2708 1233 2771 do
1262 2707 1457 2789 simplicitate

94 2799 236 2865 almum
266 2797 435 2880 apostolica
466 2798 625 2880 accipient
671 2797 714 2859 Et
735 2797 806 2878 quia
829 2806 899 2860 tnnc
922 2799 981 2861 fnit
1009 2796 1127 2859 initium
1149 2797 1230 2878 ignei
1253 2796 1383 2878 trigoni,
1407 2798 1457 2881 qui

94 2888 281 2966 nobilitatus
311 2896 359 2950 est
389 2887 559 2970 praecipuis
589 2903 687 2948 rerum
718 2894 872 2964 gestarum
904 2886 1061 2962 articulis,
1094 2895 1128 2949 ut
1157 2886 1309 2950 creatione
1343 2887 1455 2963 mundi,

93 2977 264 3044 testivitate
295 2976 411 3041 Christi
444 2978 543 3051 (vide¹
559 2995 625 3058 cap.
655 2975 725 3038 VII.
757 2982 788 3036 ct
819 2976 992 3057 Tychouem
1020 2976 1173 3038 Braheum
1202 2976 1234 3039 in
1266 2975 1457 3039 conclusione

95 3067 267 3150 Progyrnn.
293 3066 344 3129 lol.
368 3063 464 3143 805),
496 3066 565 3130 ideo
598 3064 785 3145 significatur
815 3064 919 3148 aliqua
950 3065 1103 3128 revocatio
1127 3067 1167 3127 ad
1193 3065 1343 3148 principia
1365 3064 1457 3130 chri-

98 3155 284 3221 stianitatis.
329 3156 373 3219 Et
394 3157 465 3238 qnia
487 3156 578 3218 stella
600 3155 659 3216 fuit
680 3153 770 3216 altior
792 3155 870 3217 Jove
893 3163 926 3217 et
947 3157 1063 3230 Marte,
1089 3163 1120 3217 et
1143 3174 1210 3218 cum
1232 3154 1310 3231 illis,
1333 3173 1458 3237 qnorum

96 3245 155 3310 ille
177 3263 329 3327 pompam,
354 3241 476 3322 laetum,
500 3245 729 3317 auctoritatem,
752 3241 802 3304 hic
824 3243 1070 3326 inquietudinem,
1094 3263 1227 3325 pugnas,
1250 3243 1349 3321 rixas,
1373 3245 1456 3307 sedi-

95 3334 214 3410 tiones,
237 3336 367 3398 furorem
390 3335 472 3416 vulgi
496 3343 528 3398 et
549 3335 679 3415 impetus
703 3332 880 3395 temerarios
904 3334 1071 3414 significat:
1097 3333 1165 3395 ideo
1188 3330 1374 3413 significatur
1396 3332 1456 3396 ali-

96 3422 177 3510 quid
198 3422 248 3487 his
270 3425 387 3487 dnobus
409 3425 546 3506 partibus
570 3421 761 3486 contrarium.
799 3422 841 3483 Et
863 3422 935 3503 qnia
956 3423 1048 3486 stella
1069 3442 1130 3485 nou
1153 3421 1210 3485 luit
1225 3441 1291 3484 cum
1307 3422 1455 3486 Saturno:

95 3513 190 3578 nulla
211 3532 282 3595 ergo
314 3514 450 3578 imminet
480 3513 596 3576 molitio
630 3518 736 3575 contm
757 3528 807 3574 res
830 3510 1009 3589 Saturnias;
1040 3512 1095 3575 sed
1123 3511 1194 3593 quia
1225 3510 1283 3573 fuit
1309 3530 1376 3574 cum
1402 3512 1456 3574 illo

95 3604 294 3670 consentiens
330 3604 361 3665 in
397 3603 572 3680 latitudine,
609 3622 645 3665 ea
680 3620 712 3662 re
753 3599 949 3665 adumbratur
987 3601 1074 3665 nobis
1109 3600 1317 3665 Saturniarom
1358 3619 1457 3664 rernm

95 3692 241 3769 victoria,
264 3692 404 3755 nimirum
427 3692 626 3777 antiquitatis,
660 3690 860 3767 constantiae,
894 3691 1023 3766 consilii,
1052 3690 1240 3771 prudentiae,
1271 3690 1455 3765 severitatis,

96 3781 316 3885 parsimoniae.
369 3783 603 3846 Restaurabitur
630 3779 752 3864 publico
782 3779 910 3843 concilio
942 3781 1104 3862 disciplina
1136 3779 1364 3856 ecclesiastica3
1397 3799 1456 3842 uon

96 3869 315 3976 permittentur
338 3872 467 3953 amplius
491 3873 719 3936 concionatores
744 3868 875 3931 scribere
898 3870 1095 3951 prognostica
1121 3870 1269 3952 iidemque
1292 3877 1325 3932 ct
1346 3868 1455 3932 existi-

89 3961 266 4042 misnam
296 3961 410 4025 ordinis
432 3963 490 4024 hec
513 3963 648 4025 vanitate
679 3958 882 4034 labefactare;
913 3959 1120 4022 emendabitur
1150 3959 1299 4035 ecclesia;
1331 3960 1463 4022 tolletur

94 4037 228 4126 libertas
247 4050 391 4136 juveqilis
415 4051 603 4131 disputandi,
627 4048 844 4125 calumniandi3
868 4047 1067 4112 refrenabitur
1090 4049 1173 4112 furor
1199 4048 1318 4131 populi,
1340 4048 1455 4111 valebit

96 4137 314 4223 ἆρισιιοιιρατια
329 4137 543 4221 collegiorum;
559 4141 744 4211 coercebitur
759 4156 879 4219 pompa,
894 4138 993 4214 luxus,
1010 4138 1150 4221 superbia
1163 4160 1222 4201 eos
1235 4159 1454 4220 μωαρχιιηωις

92 4230 183 4316 quod
205 4239 237 4293 et
258 4230 396 4294 Braheus
419 4228 562 4294 f01.802
585 4250 623 4292 ex
646 4251 701 4295 sua
724 4227 816 4289 stella
839 4227 1016 4291 deduxit:
1008 4248 1038 4290 ιιι
1062 4247 1187 4304 summa,
1210 4227 1345 4291 Jovialia
1367 4235 1455 4289 eruut

95 4320 280 4395 mediocria
304 4319 461 4382 Martialis
492 4320 669 4396 deterrima,
697 4320 847 4383 Saturnus
877 4316 1075 4397 praevalebit
1119 4317 1163 4382 Et
1189 4316 1260 4400 quia
1288 4316 1346 4379 fuit
1374 4315 1454 4379 idem

95 4411 176 4476 ordo
205 4416 334 4492 quatuor
367 4409 524 4473 stellarum
553 4368 732 4485 latitudine,
763 4404 814 4486 qui
836 4412 885 4467 est
907 4425 940 4467 re
958 4424 1033 4468 vera
1054 4406 1085 4472 in
1106 4405 1216 4468 mundo
1249 4406 1453 4486 sphaerarum,

95 4501 169 4566 ideo
194 4498 310 4581 sperari
332 4506 436 4580 potest
458 4499 638 4576 emendatio¹
660 4499 790 4561 manime
822 4502 1028 4558 consentanea
1050 4513 1148 4558 rerum
1171 4501 1334 4558 naturae.
1351 4497 1453 4578 Atque

96 4589 176 4654 haec
199 4597 249 4651 est
279 4588 332 4651 illa
362 4588 551 4659 clarissimae
573 4596 605 4650 et
626 4584 881 4671 flagrantissimae
914 4583 1024 4647 stellae
1056 4585 1224 4647 amoenitas
1249 4584 1286 4647 ab
1316 4585 1453 4648 omnibus

96 4678 219 4763 passim
241 4679 465 4740 commendata:
490 4677 550 4739 nisi
573 4678 652 4759 quod
674 4678 763 4759 paulo
780 4673 848 4754 plus
870 4673 1004 4755 ruboris,
1029 4693 1096 4737 cum
1119 4682 1203 4738 esset
1224 4674 1356 4751 humilis,
1377 4694 1452 4758 prae

92 4788 134 4833 'se
157 4769 248 4833 tulit:
272 4768 351 4831 unde
374 4768 537 4850 conjicias,
566 4766 654 4830 initia
676 4766 715 4829 ad
737 4772 840 4829 tentos
863 4782 1023 4826 successus
1046 4763 1195 4842 difficilia,
1226 4764 1399 4829 turbulenta
1421 4774 1453 4828 et

99 4858 248 4941 sanguine
270 4867 436 4940 purpurata
459 4859 574 4932 futura,
599 4859 687 4919 tinem
709 4872 781 4918 vero
804 4852 969 4934 pulchrum.
1014 4852 1162 4916 Nimirum
1186 4853 1231 4916 sic
1254 4854 1345 4916 etiam
1367 4854 1452 4917 illam

99 4949 223 5012 stellam
245 4948 316 5011 anni
341 4946 434 5013 1572.
460 4945 649 5028 interpretati
680 4955 749 5008 sunt
771 4941 923 5004 nonnulli:
956 4942 1108 5005 incensam
1131 4962 1199 5006 esse
1222 4962 1332 5006 novam
1354 4944 1451 5006 lucem

99 5037 131 5102 in
156 5056 242 5120 spem
262 5037 393 5118 piorum,
424 5038 474 5121 qui
496 5036 611 5120 passim
639 5036 777 5100 maximis
809 5031 1034 5098 calamitatibus
1064 5032 1258 5098 circumventi
1280 5031 1448 5116 gemebant
