<?xml version="1.0" encoding="UTF-8"?>
<!DOCTYPE html PUBLIC "-//W3C//DTD XHTML 1.0 Transitional//EN"
    "http://www.w3.org/TR/xhtml1/DTD/xhtml1-transitional.dtd">
<html xmlns="http://www.w3.org/1999/xhtml" xml:lang="en" lang="en">
 <head>
  <title>
</title>
<meta http-equiv="Content-Type" content="text/html;charset=utf-8" />
  <meta name='ocr-system' content='tesseract 3.04.00' />
  <meta name='ocr-capabilities' content='ocr_page ocr_carea ocr_par ocr_line ocrx_word'/>
</head>
<body>
  <div class='ocr_page' id='page_1' title='image "./joanniskepleria01frisgoog/joanniskepleria01frisgoog_0084.png"; bbox 0 0 3692 5842; ppageno 0'>
   <div class='ocr_carea' id='block_1_1' title="bbox 239 467 1170 538">
    <p class='ocr_par' dir='ltr' id='par_1_1' title="bbox 239 467 1170 538">
     <span class='ocr_line' id='line_1_1' title="bbox 239 467 1170 538; baseline 0.001 -16"><span class='ocrx_word' id='word_1_1' title='bbox 239 467 282 538; x_wconf 79' lang='grc'>72</span> <span class='ocrx_word' id='word_1_2' title='bbox 661 472 762 523; x_wconf 88' lang='lat' dir='ltr'>Literac</span> <span class='ocrx_word' id='word_1_3' title='bbox 780 471 882 536; x_wconf 82' lang='lat' dir='ltr'>Kepleri</span> <span class='ocrx_word' id='word_1_4' title='bbox 901 473 1053 538; x_wconf 83' lang='lat' dir='ltr'>aliorumque</span> <span class='ocrx_word' id='word_1_5' title='bbox 1069 480 1170 523; x_wconf 83' lang='lat' dir='ltr'>mutuae</span> 
     </span>
    </p>
   </div>
   <div class='ocr_carea' id='block_1_2' title="bbox 239 646 1654 2921">
    <p class='ocr_par' dir='ltr' id='par_1_2' title="bbox 239 646 1654 2139">
     <span class='ocr_line' id='line_1_2' title="bbox 239 646 1603 715; baseline -0.002 -14"><span class='ocrx_word' id='word_1_6' title='bbox 239 651 305 701; x_wconf 86' lang='lat' dir='ltr'>sicut</span> <span class='ocrx_word' id='word_1_7' title='bbox 322 651 348 698; x_wconf 90' lang='lat' dir='ltr'>in</span> <span class='ocrx_word' id='word_1_8' title='bbox 373 646 512 712; x_wconf 78' lang='lat' dir='ltr'>principio?</span> <span class='ocrx_word' id='word_1_9' title='bbox 540 646 702 712; x_wconf 86' lang='lat' dir='ltr'>Respondes:</span> <span class='ocrx_word' id='word_1_10' title='bbox 731 650 790 714; x_wconf 86' lang='lat' dir='ltr'>quia</span> <span class='ocrx_word' id='word_1_11' title='bbox 813 649 896 700; x_wconf 85' lang='lat' dir='ltr'>radius</span> <span class='ocrx_word' id='word_1_12' title='bbox 919 650 1014 699; x_wconf 77' lang='lat' dir='ltr'>invenit</span> <span class='ocrx_word' id='word_1_13' title='bbox 1042 649 1134 700; x_wconf 82' lang='lat' dir='ltr'>nuliam</span> <span class='ocrx_word' id='word_1_14' title='bbox 1162 650 1318 715; x_wconf 74' lang='lat' dir='ltr'>superficiem</span> <span class='ocrx_word' id='word_1_15' title='bbox 1340 653 1401 699; x_wconf 80' lang='lat' dir='ltr'>actu</span> <span class='ocrx_word' id='word_1_16' title='bbox 1418 648 1489 698; x_wconf 81' lang='lat' dir='ltr'>intra</span> <span class='ocrx_word' id='word_1_17' title='bbox 1507 660 1603 712; x_wconf 75' lang='lat' dir='ltr'>corpu.</span> 
     </span>
     <span class='ocr_line' id='line_1_3' title="bbox 240 718 1604 786; baseline -0.001 -16"><span class='ocrx_word' id='word_1_18' title='bbox 240 721 278 772; x_wconf 86' lang='lat' dir='ltr'>rel</span> <span class='ocrx_word' id='word_1_19' title='bbox 297 722 318 770; x_wconf 84' lang='lat' dir='ltr'>si</span> <span class='ocrx_word' id='word_1_20' title='bbox 336 720 379 777; x_wconf 86' lang='lat' dir='ltr'>ris,</span> <span class='ocrx_word' id='word_1_21' title='bbox 399 720 456 784; x_wconf 84' lang='lat' dir='ltr'>quia</span> <span class='ocrx_word' id='word_1_22' title='bbox 473 721 568 769; x_wconf 80' lang='lat' dir='ltr'>invenit</span> <span class='ocrx_word' id='word_1_23' title='bbox 586 722 655 784; x_wconf 85' lang='lat' dir='ltr'>quasi</span> <span class='ocrx_word' id='word_1_24' title='bbox 679 720 788 770; x_wconf 86' lang='lat' dir='ltr'>infinitas</span> <span class='ocrx_word' id='word_1_25' title='bbox 807 722 963 784; x_wconf 85' lang='lat' dir='ltr'>superficies,</span> <span class='ocrx_word' id='word_1_26' title='bbox 980 720 1093 771; x_wconf 78' lang='lat' dir='ltr'>videlicet</span> <span class='ocrx_word' id='word_1_27' title='bbox 1112 722 1137 769; x_wconf 92' lang='lat' dir='ltr'>iu</span> <span class='ocrx_word' id='word_1_28' title='bbox 1156 724 1222 772; x_wconf 89' lang='lat' dir='ltr'>omui</span> <span class='ocrx_word' id='word_1_29' title='bbox 1244 721 1380 786; x_wconf 86' lang='lat' dir='ltr'>positione,</span> <span class='ocrx_word' id='word_1_30' title='bbox 1404 720 1490 769; x_wconf 69' lang='lat' dir='ltr'>nuclt</span> <span class='ocrx_word' id='word_1_31' title='bbox 1511 718 1604 774; x_wconf 74' lang='lat' dir='ltr'>radin.</span> 
     </span>
     <span class='ocr_line' id='line_1_4' title="bbox 240 789 1604 858; baseline 0 -17"><span class='ocrx_word' id='word_1_32' title='bbox 240 807 288 858; x_wconf 82' lang='lat' dir='ltr'>quo</span> <span class='ocrx_word' id='word_1_33' title='bbox 307 805 334 840; x_wconf 86' lang='lat' dir='ltr'>re</span> <span class='ocrx_word' id='word_1_34' title='bbox 353 797 434 840; x_wconf 86' lang='lat' dir='ltr'>rertat</span> <span class='ocrx_word' id='word_1_35' title='bbox 453 798 480 840; x_wconf 89' lang='lat' dir='ltr'>et</span> <span class='ocrx_word' id='word_1_36' title='bbox 497 790 552 840; x_wconf 90' lang='lat' dir='ltr'>ideo</span> <span class='ocrx_word' id='word_1_37' title='bbox 572 799 628 853; x_wconf 87' lang='lat' dir='ltr'>pest</span> <span class='ocrx_word' id='word_1_38' title='bbox 647 794 750 855; x_wconf 86' lang='lat' dir='ltr'>primam</span> <span class='ocrx_word' id='word_1_39' title='bbox 769 792 914 842; x_wconf 78' lang='lat' dir='ltr'>tractionem</span> <span class='ocrx_word' id='word_1_40' title='bbox 928 795 953 842; x_wconf 90' lang='lat' dir='ltr'>iu</span> <span class='ocrx_word' id='word_1_41' title='bbox 972 792 1099 855; x_wconf 87' lang='lat' dir='ltr'>superficie</span> <span class='ocrx_word' id='word_1_42' title='bbox 1117 793 1228 857; x_wconf 90' lang='lat' dir='ltr'>procedit</span> <span class='ocrx_word' id='word_1_43' title='bbox 1239 794 1292 842; x_wconf 89' lang='lat' dir='ltr'>sine</span> <span class='ocrx_word' id='word_1_44' title='bbox 1312 792 1365 842; x_wconf 79' lang='lat' dir='ltr'>riis</span> <span class='ocrx_word' id='word_1_45' title='bbox 1382 790 1494 841; x_wconf 66' lang='lat' dir='ltr'>tiedone</span> <span class='ocrx_word' id='word_1_46' title='bbox 1514 789 1604 841; x_wconf 56' lang='lat' dir='ltr'>&amp;aas</span> 
     </span>
     <span class='ocr_line' id='line_1_5' title="bbox 241 860 1604 928; baseline -0.002 -15"><span class='ocrx_word' id='word_1_47' title='bbox 241 863 274 913; x_wconf 82' lang='lat' dir='ltr'>ad</span> <span class='ocrx_word' id='word_1_48' title='bbox 292 868 411 926; x_wconf 86' lang='lat' dir='ltr'>punctum</span> <span class='ocrx_word' id='word_1_49' title='bbox 430 861 459 910; x_wconf 88' lang='lat' dir='ltr'>G.</span> <span class='ocrx_word' id='word_1_50' title='bbox 497 860 578 917; x_wconf 89' lang='lat' dir='ltr'>Dico,</span> <span class='ocrx_word' id='word_1_51' title='bbox 606 862 670 926; x_wconf 90' lang='lat' dir='ltr'>quod</span> <span class='ocrx_word' id='word_1_52' title='bbox 697 866 778 928; x_wconf 78' lang='lat' dir='ltr'>magis</span> <span class='ocrx_word' id='word_1_53' title='bbox 806 871 872 913; x_wconf 89' lang='lat' dir='ltr'>esset</span> <span class='ocrx_word' id='word_1_54' title='bbox 891 879 933 927; x_wconf 92' lang='lat' dir='ltr'>pro</span> <span class='ocrx_word' id='word_1_55' title='bbox 960 863 1086 914; x_wconf 88' lang='lat' dir='ltr'>commodo</span> <span class='ocrx_word' id='word_1_56' title='bbox 1114 863 1193 920; x_wconf 89' lang='lat' dir='ltr'>radii,</span> <span class='ocrx_word' id='word_1_57' title='bbox 1221 870 1250 913; x_wconf 90' lang='lat' dir='ltr'>ut</span> <span class='ocrx_word' id='word_1_58' title='bbox 1272 863 1366 912; x_wconf 86' lang='lat' dir='ltr'>directe</span> <span class='ocrx_word' id='word_1_59' title='bbox 1394 860 1546 926; x_wconf 72' lang='lat' dir='ltr'>procederet</span> <span class='ocrx_word' id='word_1_60' title='bbox 1563 875 1604 926; x_wconf 83' lang='lat' dir='ltr'>per</span> 
     </span>
     <span class='ocr_line' id='line_1_6' title="bbox 240 932 1604 998; baseline -0.003 -14"><span class='ocrx_word' id='word_1_61' title='bbox 240 933 332 984; x_wconf 86' lang='lat' dir='ltr'>lineam</span> <span class='ocrx_word' id='word_1_62' title='bbox 350 932 397 983; x_wconf 88' lang='lat' dir='ltr'>BD</span> <span class='ocrx_word' id='word_1_63' title='bbox 416 933 442 981; x_wconf 92' lang='lat' dir='ltr'>iu</span> <span class='ocrx_word' id='word_1_64' title='bbox 460 932 588 995; x_wconf 89' lang='lat' dir='ltr'>principio,</span> <span class='ocrx_word' id='word_1_65' title='bbox 608 948 682 998; x_wconf 86' lang='lat' dir='ltr'>qnam</span> <span class='ocrx_word' id='word_1_66' title='bbox 701 935 779 984; x_wconf 79' lang='lat' dir='ltr'>fracte</span> <span class='ocrx_word' id='word_1_67' title='bbox 798 934 932 991; x_wconf 87' lang='lat' dir='ltr'>declinare,</span> <span class='ocrx_word' id='word_1_68' title='bbox 952 950 1007 985; x_wconf 88' lang='lat' dir='ltr'>curu</span> <span class='ocrx_word' id='word_1_69' title='bbox 1026 935 1119 984; x_wconf 87' lang='lat' dir='ltr'>unllam</span> <span class='ocrx_word' id='word_1_70' title='bbox 1138 949 1240 984; x_wconf 87' lang='lat' dir='ltr'>causam</span> <span class='ocrx_word' id='word_1_71' title='bbox 1262 933 1373 983; x_wconf 76' lang='lat' dir='ltr'>invenire</span> <span class='ocrx_word' id='word_1_72' title='bbox 1390 939 1478 997; x_wconf 86' lang='lat' dir='ltr'>petest</span> <span class='ocrx_word' id='word_1_73' title='bbox 1495 933 1522 981; x_wconf 88' lang='lat' dir='ltr'>in</span> <span class='ocrx_word' id='word_1_74' title='bbox 1541 933 1604 996; x_wconf 83' lang='lat' dir='ltr'>prin·</span> 
     </span>
     <span class='ocr_line' id='line_1_7' title="bbox 241 1002 1604 1070; baseline -0.003 -14"><span class='ocrx_word' id='word_1_75' title='bbox 241 1006 315 1070; x_wconf 89' lang='lat' dir='ltr'>cipio,</span> <span class='ocrx_word' id='word_1_76' title='bbox 335 1005 393 1069; x_wconf 89' lang='lat' dir='ltr'>quin</span> <span class='ocrx_word' id='word_1_77' title='bbox 413 1005 501 1054; x_wconf 87' lang='lat' dir='ltr'>eadam</span> <span class='ocrx_word' id='word_1_78' title='bbox 521 1005 631 1055; x_wconf 78' lang='lat' dir='ltr'>obviaret</span> <span class='ocrx_word' id='word_1_79' title='bbox 650 1008 675 1054; x_wconf 92' lang='lat' dir='ltr'>in</span> <span class='ocrx_word' id='word_1_80' title='bbox 699 1008 818 1063; x_wconf 83' lang='lat' dir='ltr'>transitu,</span> <span class='ocrx_word' id='word_1_81' title='bbox 842 1007 938 1058; x_wconf 88' lang='lat' dir='ltr'>scilicet</span> <span class='ocrx_word' id='word_1_82' title='bbox 963 1007 1164 1069; x_wconf 72' lang='lat' dir='ltr'>impedimentum</span> <span class='ocrx_word' id='word_1_83' title='bbox 1187 1005 1360 1061; x_wconf 78' lang='lat' dir='ltr'>resistentites,</span> <span class='ocrx_word' id='word_1_84' title='bbox 1389 1011 1494 1053; x_wconf 87' lang='lat' dir='ltr'>etcum</span> <span class='ocrx_word' id='word_1_85' title='bbox 1518 1002 1604 1053; x_wconf 60' lang='lat' dir='ltr'>edera</span> 
     </span>
     <span class='ocr_line' id='line_1_8' title="bbox 241 1073 1605 1141; baseline -0.003 -14"><span class='ocrx_word' id='word_1_86' title='bbox 241 1077 274 1127; x_wconf 85' lang='lat' dir='ltr'>rit</span> <span class='ocrx_word' id='word_1_87' title='bbox 292 1076 381 1140; x_wconf 85' lang='lat' dir='ltr'>ubique</span> <span class='ocrx_word' id='word_1_88' title='bbox 400 1076 554 1133; x_wconf 77' lang='lat' dir='ltr'>resistentia,</span> <span class='ocrx_word' id='word_1_89' title='bbox 579 1076 667 1126; x_wconf 88' lang='lat' dir='ltr'>eadem</span> <span class='ocrx_word' id='word_1_90' title='bbox 687 1085 753 1126; x_wconf 87' lang='lat' dir='ltr'>esset</span> <span class='ocrx_word' id='word_1_91' title='bbox 772 1076 876 1127; x_wconf 86' lang='lat' dir='ltr'>deilexio</span> <span class='ocrx_word' id='word_1_92' title='bbox 894 1083 1021 1141; x_wconf 90' lang='lat' dir='ltr'>perpetuo.</span> <span class='ocrx_word' id='word_1_93' title='bbox 1059 1076 1109 1127; x_wconf 86' lang='lat' dir='ltr'>Sed</span> <span class='ocrx_word' id='word_1_94' title='bbox 1127 1075 1184 1141; x_wconf 86' lang='lat' dir='ltr'>quid</span> <span class='ocrx_word' id='word_1_95' title='bbox 1203 1077 1250 1128; x_wconf 92' lang='lat' dir='ltr'>hoc</span> <span class='ocrx_word' id='word_1_96' title='bbox 1270 1083 1296 1127; x_wconf 87' lang='lat' dir='ltr'>et</span> <span class='ocrx_word' id='word_1_97' title='bbox 1318 1073 1464 1140; x_wconf 76' lang='lat' dir='ltr'>quomodo?</span> <span class='ocrx_word' id='word_1_98' title='bbox 1497 1074 1605 1138; x_wconf 76' lang='lat' dir='ltr'>Expecta</span> 
     </span>
     <span class='ocr_line' id='line_1_9' title="bbox 243 1145 1605 1212; baseline -0.003 -13"><span class='ocrx_word' id='word_1_99' title='bbox 243 1154 270 1199; x_wconf 89' lang='lat' dir='ltr'>et</span> <span class='ocrx_word' id='word_1_100' title='bbox 288 1146 392 1197; x_wconf 87' lang='lat' dir='ltr'>attende</span> <span class='ocrx_word' id='word_1_101' title='bbox 410 1160 549 1210; x_wconf 89' lang='lat' dir='ltr'>parumper.</span> <span class='ocrx_word' id='word_1_102' title='bbox 587 1147 752 1197; x_wconf 79' lang='lat' dir='ltr'>Revertamur</span> <span class='ocrx_word' id='word_1_103' title='bbox 771 1150 803 1199; x_wconf 89' lang='lat' dir='ltr'>ad</span> <span class='ocrx_word' id='word_1_104' title='bbox 822 1151 918 1199; x_wconf 91' lang='lat' dir='ltr'>initium</span> <span class='ocrx_word' id='word_1_105' title='bbox 937 1149 978 1198; x_wconf 92' lang='lat' dir='ltr'>ubi</span> <span class='ocrx_word' id='word_1_106' title='bbox 997 1149 1182 1212; x_wconf 79' lang='lat' dir='ltr'>incipiebamus.</span> <span class='ocrx_word' id='word_1_107' title='bbox 1212 1147 1320 1209; x_wconf 85' lang='lat' dir='ltr'>Quando</span> <span class='ocrx_word' id='word_1_108' title='bbox 1338 1145 1424 1195; x_wconf 85' lang='lat' dir='ltr'>radius</span> <span class='ocrx_word' id='word_1_109' title='bbox 1438 1145 1485 1195; x_wconf 80' lang='lat' dir='ltr'>AB</span> <span class='ocrx_word' id='word_1_110' title='bbox 1505 1145 1605 1195; x_wconf 76' lang='lat' dir='ltr'>terrebar</span> 
     </span>
     <span class='ocr_line' id='line_1_10' title="bbox 241 1215 1605 1285; baseline -0.004 -16"><span class='ocrx_word' id='word_1_111' title='bbox 241 1218 397 1283; x_wconf 83' lang='lat' dir='ltr'>superficiem</span> <span class='ocrx_word' id='word_1_112' title='bbox 417 1218 486 1267; x_wconf 88' lang='lat' dir='ltr'>densi</span> <span class='ocrx_word' id='word_1_113' title='bbox 505 1217 623 1282; x_wconf 90' lang='lat' dir='ltr'>diaphaui</span> <span class='ocrx_word' id='word_1_114' title='bbox 642 1222 667 1268; x_wconf 89' lang='lat' dir='ltr'>in</span> <span class='ocrx_word' id='word_1_115' title='bbox 686 1226 778 1283; x_wconf 87' lang='lat' dir='ltr'>puncto</span> <span class='ocrx_word' id='word_1_116' title='bbox 797 1220 818 1269; x_wconf 90' lang='grc' dir='ltr'>Β</span> <span class='ocrx_word' id='word_1_117' title='bbox 838 1226 863 1268; x_wconf 89' lang='lat' dir='ltr'>et</span> <span class='ocrx_word' id='word_1_118' title='bbox 881 1220 1065 1285; x_wconf 79' lang='lat' dir='ltr'>ingrediebatur</span> <span class='ocrx_word' id='word_1_119' title='bbox 1083 1220 1197 1277; x_wconf 81' lang='lat' dir='ltr'>refracta,</span> <span class='ocrx_word' id='word_1_120' title='bbox 1217 1233 1322 1284; x_wconf 88' lang='lat' dir='ltr'>quaere,</span> <span class='ocrx_word' id='word_1_121' title='bbox 1342 1231 1375 1266; x_wconf 84' lang='lat' dir='ltr'>an</span> <span class='ocrx_word' id='word_1_122' title='bbox 1395 1215 1486 1267; x_wconf 85' lang='lat' dir='ltr'>eodem</span> <span class='ocrx_word' id='word_1_123' title='bbox 1507 1216 1605 1265; x_wconf 81' lang='lat' dir='ltr'>instanti</span> 
     </span>
     <span class='ocr_line' id='line_1_11' title="bbox 242 1286 1604 1354; baseline -0.004 -13"><span class='ocrx_word' id='word_1_124' title='bbox 242 1291 275 1341; x_wconf 83' lang='lat' dir='ltr'>ab</span> <span class='ocrx_word' id='word_1_125' title='bbox 303 1288 390 1339; x_wconf 84' lang='lat' dir='ltr'>eodem</span> <span class='ocrx_word' id='word_1_126' title='bbox 417 1295 510 1353; x_wconf 90' lang='lat' dir='ltr'>puncto</span> <span class='ocrx_word' id='word_1_127' title='bbox 537 1289 559 1338; x_wconf 88' lang='lat' dir='ltr'>B</span> <span class='ocrx_word' id='word_1_128' title='bbox 588 1290 732 1340; x_wconf 87' lang='lat' dir='ltr'>reflectatur</span> <span class='ocrx_word' id='word_1_129' title='bbox 758 1287 861 1343; x_wconf 68' lang='lat' dir='ltr'>neone?</span> <span class='ocrx_word' id='word_1_130' title='bbox 900 1291 973 1352; x_wconf 82' lang='lat' dir='ltr'>Quod</span> <span class='ocrx_word' id='word_1_131' title='bbox 1000 1290 1136 1340; x_wconf 83' lang='lat' dir='ltr'>reflectitur</span> <span class='ocrx_word' id='word_1_132' title='bbox 1166 1290 1302 1341; x_wconf 88' lang='lat' dir='ltr'>seeundum</span> <span class='ocrx_word' id='word_1_133' title='bbox 1330 1287 1453 1353; x_wconf 69' lang='lat' dir='ltr'>angulum</span> <span class='ocrx_word' id='word_1_134' title='bbox 1480 1286 1604 1354; x_wconf 80' lang='lat' dir='ltr'>aequalem</span> 
     </span>
     <span class='ocr_line' id='line_1_12' title="bbox 243 1357 1606 1426; baseline -0.004 -14"><span class='ocrx_word' id='word_1_135' title='bbox 243 1361 405 1416; x_wconf 81' lang='lat' dir='ltr'>incidentiae,</span> <span class='ocrx_word' id='word_1_136' title='bbox 425 1375 475 1409; x_wconf 92' lang='lat' dir='ltr'>nou</span> <span class='ocrx_word' id='word_1_137' title='bbox 495 1367 533 1409; x_wconf 90' lang='lat' dir='ltr'>est</span> <span class='ocrx_word' id='word_1_138' title='bbox 553 1361 733 1419; x_wconf 72' lang='lat' dir='ltr'>dubitandumr</span> <span class='ocrx_word' id='word_1_139' title='bbox 762 1364 914 1426; x_wconf 82' lang='lat' dir='ltr'>experientia</span> <span class='ocrx_word' id='word_1_140' title='bbox 933 1364 1009 1412; x_wconf 89' lang='lat' dir='ltr'>etiam</span> <span class='ocrx_word' id='word_1_141' title='bbox 1028 1361 1112 1418; x_wconf 89' lang='lat' dir='ltr'>decet,</span> <span class='ocrx_word' id='word_1_142' title='bbox 1141 1363 1205 1411; x_wconf 90' lang='lat' dir='ltr'>oculi</span> <span class='ocrx_word' id='word_1_143' title='bbox 1223 1362 1324 1411; x_wconf 66' lang='lat' dir='ltr'>ndens:</span> <span class='ocrx_word' id='word_1_144' title='bbox 1344 1359 1388 1409; x_wconf 89' lang='lat' dir='ltr'>sed</span> <span class='ocrx_word' id='word_1_145' title='bbox 1408 1357 1513 1408; x_wconf 89' lang='lat' dir='ltr'>dubium</span> <span class='ocrx_word' id='word_1_146' title='bbox 1532 1365 1606 1408; x_wconf 80' lang='lat' dir='ltr'>restat</span> 
     </span>
     <span class='ocr_line' id='line_1_13' title="bbox 243 1428 1606 1496; baseline -0.003 -14"><span class='ocrx_word' id='word_1_147' title='bbox 243 1432 274 1483; x_wconf 91' lang='lat' dir='ltr'>de</span> <span class='ocrx_word' id='word_1_148' title='bbox 293 1431 428 1481; x_wconf 87' lang='lat' dir='ltr'>identitate</span> <span class='ocrx_word' id='word_1_149' title='bbox 455 1434 572 1495; x_wconf 90' lang='lat' dir='ltr'>temporis</span> <span class='ocrx_word' id='word_1_150' title='bbox 597 1439 622 1481; x_wconf 90' lang='lat' dir='ltr'>et</span> <span class='ocrx_word' id='word_1_151' title='bbox 647 1435 740 1496; x_wconf 90' lang='lat' dir='ltr'>puncti.</span> <span class='ocrx_word' id='word_1_152' title='bbox 777 1434 834 1484; x_wconf 79' lang='lat' dir='ltr'>lam</span> <span class='ocrx_word' id='word_1_153' title='bbox 862 1449 912 1484; x_wconf 90' lang='lat' dir='ltr'>non</span> <span class='ocrx_word' id='word_1_154' title='bbox 940 1434 1038 1483; x_wconf 89' lang='lat' dir='ltr'>dabitur</span> <span class='ocrx_word' id='word_1_155' title='bbox 1065 1435 1190 1496; x_wconf 83' lang='lat' dir='ltr'>responsio</span> <span class='ocrx_word' id='word_1_156' title='bbox 1216 1434 1269 1483; x_wconf 84' lang='lat' dir='ltr'>siue</span> <span class='ocrx_word' id='word_1_157' title='bbox 1298 1430 1414 1483; x_wconf 86' lang='lat' dir='ltr'>absurdo.</span> <span class='ocrx_word' id='word_1_158' title='bbox 1452 1428 1521 1481; x_wconf 78' lang='lat' dir='ltr'>Nam</span> <span class='ocrx_word' id='word_1_159' title='bbox 1547 1428 1606 1478; x_wconf 79' lang='lat' dir='ltr'>iden</span> 
     </span>
     <span class='ocr_line' id='line_1_14' title="bbox 243 1501 1607 1569; baseline -0.002 -16"><span class='ocrx_word' id='word_1_160' title='bbox 243 1509 363 1569; x_wconf 91' lang='lat' dir='ltr'>punctum</span> <span class='ocrx_word' id='word_1_161' title='bbox 382 1510 450 1552; x_wconf 86' lang='lat' dir='ltr'>esset</span> <span class='ocrx_word' id='word_1_162' title='bbox 476 1503 546 1551; x_wconf 85' lang='lat' dir='ltr'>radio</span> <span class='ocrx_word' id='word_1_163' title='bbox 573 1504 682 1566; x_wconf 81' lang='lat' dir='ltr'>pervium</span> <span class='ocrx_word' id='word_1_164' title='bbox 702 1511 727 1553; x_wconf 87' lang='lat' dir='ltr'>et</span> <span class='ocrx_word' id='word_1_165' title='bbox 749 1505 878 1555; x_wconf 86' lang='lat' dir='ltr'>resistibile</span> <span class='ocrx_word' id='word_1_166' title='bbox 907 1506 992 1556; x_wconf 89' lang='lat' dir='ltr'>eodem</span> <span class='ocrx_word' id='word_1_167' title='bbox 1012 1507 1131 1567; x_wconf 86' lang='lat' dir='ltr'>instante,</span> <span class='ocrx_word' id='word_1_168' title='bbox 1158 1510 1184 1553; x_wconf 89' lang='lat' dir='ltr'>et</span> <span class='ocrx_word' id='word_1_169' title='bbox 1212 1504 1300 1554; x_wconf 87' lang='lat' dir='ltr'>eadem</span> <span class='ocrx_word' id='word_1_170' title='bbox 1323 1517 1383 1568; x_wconf 85' lang='lat' dir='ltr'>para</span> <span class='ocrx_word' id='word_1_171' title='bbox 1412 1501 1478 1552; x_wconf 85' lang='lat' dir='ltr'>radii</span> <span class='ocrx_word' id='word_1_172' title='bbox 1503 1501 1607 1551; x_wconf 84' lang='lat' dir='ltr'>essetis</span> 
     </span>
     <span class='ocr_line' id='line_1_15' title="bbox 245 1572 1654 1640; baseline -0.004 -15"><span class='ocrx_word' id='word_1_173' title='bbox 245 1573 340 1625; x_wconf 88' lang='lat' dir='ltr'>dnobus</span> <span class='ocrx_word' id='word_1_174' title='bbox 359 1574 420 1623; x_wconf 92' lang='lat' dir='ltr'>locis</span> <span class='ocrx_word' id='word_1_175' title='bbox 440 1574 528 1631; x_wconf 87' lang='lat' dir='ltr'>simul,</span> <span class='ocrx_word' id='word_1_176' title='bbox 557 1574 595 1623; x_wconf 85' lang='lat' dir='ltr'>rel</span> <span class='ocrx_word' id='word_1_177' title='bbox 619 1577 643 1623; x_wconf 92' lang='lat' dir='ltr'>in</span> <span class='ocrx_word' id='word_1_178' title='bbox 670 1575 771 1625; x_wconf 87' lang='lat' dir='ltr'>dirersis</span> <span class='ocrx_word' id='word_1_179' title='bbox 799 1576 963 1634; x_wconf 84' lang='lat' dir='ltr'>instantibns;</span> <span class='ocrx_word' id='word_1_180' title='bbox 990 1582 1118 1640; x_wconf 89' lang='lat' dir='ltr'>utrumque</span> <span class='ocrx_word' id='word_1_181' title='bbox 1145 1582 1255 1627; x_wconf 72' lang='lat' dir='ltr'>memet</span> <span class='ocrx_word' id='word_1_182' title='bbox 1282 1581 1408 1624; x_wconf 86' lang='lat' dir='ltr'>naturam.</span> <span class='ocrx_word' id='word_1_183' title='bbox 1447 1572 1517 1634; x_wconf 83' lang='lat' dir='ltr'>Quid</span> <span class='ocrx_word' id='word_1_184' title='bbox 1540 1573 1608 1637; x_wconf 73' lang='lat' dir='ltr'>igitur</span> <span class='ocrx_word' id='word_1_185' title='bbox 1647 1585 1654 1602; x_wconf 81' lang='lat'><strong>¹</strong></span> 
     </span>
     <span class='ocr_line' id='line_1_16' title="bbox 244 1643 1608 1712; baseline -0.004 -14"><span class='ocrx_word' id='word_1_186' title='bbox 244 1643 466 1709; x_wconf 78' lang='lat' dir='ltr'>respondendum?</span> <span class='ocrx_word' id='word_1_187' title='bbox 496 1645 628 1695; x_wconf 87' lang='lat' dir='ltr'>Cumana</span> <span class='ocrx_word' id='word_1_188' title='bbox 652 1661 710 1709; x_wconf 88' lang='lat' dir='ltr'>pars</span> <span class='ocrx_word' id='word_1_189' title='bbox 737 1649 939 1698; x_wconf 87' lang='lat' dir='ltr'>contradictionis</span> <span class='ocrx_word' id='word_1_190' title='bbox 959 1655 998 1697; x_wconf 84' lang='lat' dir='ltr'>est</span> <span class='ocrx_word' id='word_1_191' title='bbox 1024 1647 1096 1706; x_wconf 88' lang='lat' dir='ltr'>ialsa,</span> <span class='ocrx_word' id='word_1_192' title='bbox 1126 1649 1265 1698; x_wconf 88' lang='lat' dir='ltr'>necessario</span> <span class='ocrx_word' id='word_1_193' title='bbox 1292 1645 1404 1712; x_wconf 86' lang='lat' dir='ltr'>sequitur</span> <span class='ocrx_word' id='word_1_194' title='bbox 1433 1644 1608 1694; x_wconf 74' lang='lat' dir='ltr'>alteramenta</span> 
     </span>
     <span class='ocr_line' id='line_1_17' title="bbox 244 1714 1608 1782; baseline -0.001 -16"><span class='ocrx_word' id='word_1_195' title='bbox 244 1732 338 1768; x_wconf 85' lang='lat' dir='ltr'>reram.</span> <span class='ocrx_word' id='word_1_196' title='bbox 375 1715 469 1766; x_wconf 86' lang='lat' dir='ltr'>Restat</span> <span class='ocrx_word' id='word_1_197' title='bbox 488 1716 628 1775; x_wconf 89' lang='lat' dir='ltr'>dicendum,</span> <span class='ocrx_word' id='word_1_198' title='bbox 647 1717 712 1768; x_wconf 91' lang='lat' dir='ltr'>idem</span> <span class='ocrx_word' id='word_1_199' title='bbox 731 1725 850 1782; x_wconf 86' lang='lat' dir='ltr'>puuctum</span> <span class='ocrx_word' id='word_1_200' title='bbox 869 1735 918 1769; x_wconf 89' lang='lat' dir='ltr'>non</span> <span class='ocrx_word' id='word_1_201' title='bbox 937 1734 991 1769; x_wconf 85' lang='lat' dir='ltr'>esse</span> <span class='ocrx_word' id='word_1_202' title='bbox 1009 1718 1077 1768; x_wconf 91' lang='lat' dir='ltr'>radio</span> <span class='ocrx_word' id='word_1_203' title='bbox 1096 1721 1205 1782; x_wconf 75' lang='lat' dir='ltr'>pervium</span> <span class='ocrx_word' id='word_1_204' title='bbox 1224 1726 1250 1767; x_wconf 91' lang='lat' dir='ltr'>et</span> <span class='ocrx_word' id='word_1_205' title='bbox 1274 1716 1419 1770; x_wconf 84' lang='lat' dir='ltr'>resistibile‚</span> <span class='ocrx_word' id='word_1_206' title='bbox 1437 1730 1488 1765; x_wconf 90' lang='lat' dir='ltr'>uec</span> <span class='ocrx_word' id='word_1_207' title='bbox 1507 1714 1608 1765; x_wconf 73' lang='lat' dir='ltr'>eunden</span> 
     </span>
     <span class='ocr_line' id='line_1_18' title="bbox 248 1786 1609 1855; baseline -0.001 -16"><span class='ocrx_word' id='word_1_208' title='bbox 248 1789 345 1839; x_wconf 86' lang='lat' dir='ltr'>radium</span> <span class='ocrx_word' id='word_1_209' title='bbox 364 1801 465 1836; x_wconf 90' lang='lat' dir='ltr'>numero</span> <span class='ocrx_word' id='word_1_210' title='bbox 485 1787 610 1838; x_wconf 85' lang='lat' dir='ltr'>reflectis</span> <span class='ocrx_word' id='word_1_211' title='bbox 628 1789 757 1853; x_wconf 87' lang='lat' dir='ltr'>superficie</span> <span class='ocrx_word' id='word_1_212' title='bbox 775 1791 845 1839; x_wconf 88' lang='lat' dir='ltr'>densi</span> <span class='ocrx_word' id='word_1_213' title='bbox 864 1790 981 1855; x_wconf 89' lang='lat' dir='ltr'>diaphani</span> <span class='ocrx_word' id='word_1_214' title='bbox 997 1804 1026 1839; x_wconf 88' lang='lat' dir='ltr'>sc</span> <span class='ocrx_word' id='word_1_215' title='bbox 1045 1791 1116 1839; x_wconf 91' lang='lat' dir='ltr'>simul</span> <span class='ocrx_word' id='word_1_216' title='bbox 1135 1791 1209 1853; x_wconf 84' lang='lat' dir='ltr'>recipi</span> <span class='ocrx_word' id='word_1_217' title='bbox 1228 1792 1296 1839; x_wconf 84' lang='lat' dir='ltr'>iutra</span> <span class='ocrx_word' id='word_1_218' title='bbox 1314 1802 1410 1851; x_wconf 85' lang='lat' dir='ltr'>corpus·</span> <span class='ocrx_word' id='word_1_219' title='bbox 1439 1786 1508 1852; x_wconf 70' lang='lat' dir='ltr'>Ergo</span> <span class='ocrx_word' id='word_1_220' title='bbox 1527 1800 1609 1850; x_wconf 69' lang='lat' dir='ltr'>corpu</span> 
     </span>
     <span class='ocr_line' id='line_1_19' title="bbox 250 1858 1609 1924; baseline -0.001 -15"><span class='ocrx_word' id='word_1_221' title='bbox 250 1860 355 1909; x_wconf 87' lang='lat' dir='ltr'>densum</span> <span class='ocrx_word' id='word_1_222' title='bbox 375 1858 535 1922; x_wconf 88' lang='lat' dir='ltr'>diaphanum,</span> <span class='ocrx_word' id='word_1_223' title='bbox 556 1860 620 1923; x_wconf 89' lang='lat' dir='ltr'>qued</span> <span class='ocrx_word' id='word_1_224' title='bbox 639 1875 713 1910; x_wconf 88' lang='lat' dir='ltr'>sensu</span> <span class='ocrx_word' id='word_1_225' title='bbox 731 1862 827 1911; x_wconf 81' lang='lat' dir='ltr'>ridetur</span> <span class='ocrx_word' id='word_1_226' title='bbox 845 1877 899 1911; x_wconf 89' lang='lat' dir='ltr'>esse</span> <span class='ocrx_word' id='word_1_227' title='bbox 918 1864 1061 1912; x_wconf 87' lang='lat' dir='ltr'>continuum</span> <span class='ocrx_word' id='word_1_228' title='bbox 1073 1876 1117 1924; x_wconf 90' lang='lat' dir='ltr'>per</span> <span class='ocrx_word' id='word_1_229' title='bbox 1135 1876 1220 1911; x_wconf 91' lang='lat' dir='ltr'>omncs</span> <span class='ocrx_word' id='word_1_230' title='bbox 1238 1867 1331 1924; x_wconf 87' lang='lat' dir='ltr'>parter,</span> <span class='ocrx_word' id='word_1_231' title='bbox 1350 1874 1377 1909; x_wconf 89' lang='lat' dir='ltr'>re</span> <span class='ocrx_word' id='word_1_232' title='bbox 1390 1873 1450 1909; x_wconf 74' lang='lat' dir='ltr'>sera</span> <span class='ocrx_word' id='word_1_233' title='bbox 1470 1860 1609 1908; x_wconf 73' lang='lat' dir='ltr'>condacum</span> 
     </span>
     <span class='ocr_line' id='line_1_20' title="bbox 248 1930 1610 1996; baseline -0.002 -15"><span class='ocrx_word' id='word_1_234' title='bbox 248 1946 299 1981; x_wconf 89' lang='lat' dir='ltr'>non</span> <span class='ocrx_word' id='word_1_235' title='bbox 313 1937 362 1986; x_wconf 84' lang='lat' dir='ltr'>est,</span> <span class='ocrx_word' id='word_1_236' title='bbox 374 1930 418 1979; x_wconf 89' lang='lat' dir='ltr'>sed</span> <span class='ocrx_word' id='word_1_237' title='bbox 431 1930 508 1979; x_wconf 86' lang='lat' dir='ltr'>habet</span> <span class='ocrx_word' id='word_1_238' title='bbox 522 1938 605 1994; x_wconf 86' lang='lat' dir='ltr'>partes</span> <span class='ocrx_word' id='word_1_239' title='bbox 619 1946 756 1996; x_wconf 87' lang='lat' dir='ltr'>corporeas,</span> <span class='ocrx_word' id='word_1_240' title='bbox 776 1947 841 1996; x_wconf 88' lang='lat' dir='ltr'>quae</span> <span class='ocrx_word' id='word_1_241' title='bbox 854 1934 929 1983; x_wconf 91' lang='lat' dir='ltr'>radiis</span> <span class='ocrx_word' id='word_1_242' title='bbox 948 1935 1073 1990; x_wconf 87' lang='lat' dir='ltr'>resistunt,</span> <span class='ocrx_word' id='word_1_243' title='bbox 1093 1939 1118 1981; x_wconf 88' lang='lat' dir='ltr'>at</span> <span class='ocrx_word' id='word_1_244' title='bbox 1130 1939 1214 1996; x_wconf 82' lang='lat' dir='ltr'>partes</span> <span class='ocrx_word' id='word_1_245' title='bbox 1232 1935 1390 1995; x_wconf 82' lang='lat' dir='ltr'>incorporeas</span> <span class='ocrx_word' id='word_1_246' title='bbox 1409 1930 1487 1980; x_wconf 84' lang='lat' dir='ltr'>radiis</span> <span class='ocrx_word' id='word_1_247' title='bbox 1505 1930 1610 1993; x_wconf 74' lang='lat' dir='ltr'>pervias:</span> 
     </span>
     <span class='ocr_line' id='line_1_21' title="bbox 250 1999 1612 2068; baseline -0.001 -16"><span class='ocrx_word' id='word_1_248' title='bbox 250 2004 287 2053; x_wconf 84' lang='lat' dir='ltr'>ita</span> <span class='ocrx_word' id='word_1_249' title='bbox 306 2008 334 2051; x_wconf 94' lang='lat' dir='ltr'>ut</span> <span class='ocrx_word' id='word_1_250' title='bbox 352 2002 469 2051; x_wconf 77' lang='lat' dir='ltr'>refractio</span> <span class='ocrx_word' id='word_1_251' title='bbox 489 2001 550 2051; x_wconf 90' lang='lat' dir='ltr'>nihil</span> <span class='ocrx_word' id='word_1_252' title='bbox 569 2002 635 2052; x_wconf 88' lang='lat' dir='ltr'>aliud</span> <span class='ocrx_word' id='word_1_253' title='bbox 655 2005 687 2052; x_wconf 91' lang='lat' dir='ltr'>sit</span> <span class='ocrx_word' id='word_1_254' title='bbox 706 2018 780 2067; x_wconf 89' lang='lat' dir='ltr'>quam</span> <span class='ocrx_word' id='word_1_255' title='bbox 799 2005 898 2055; x_wconf 87' lang='lat' dir='ltr'>iuterna</span> <span class='ocrx_word' id='word_1_256' title='bbox 916 2004 1024 2060; x_wconf 85' lang='lat' dir='ltr'>reflexio,</span> <span class='ocrx_word' id='word_1_257' title='bbox 1043 2012 1069 2053; x_wconf 88' lang='lat' dir='ltr'>ct</span> <span class='ocrx_word' id='word_1_258' title='bbox 1087 2018 1143 2068; x_wconf 88' lang='lat' dir='ltr'>pars</span> <span class='ocrx_word' id='word_1_259' title='bbox 1160 2004 1223 2052; x_wconf 85' lang='lat' dir='ltr'>radii</span> <span class='ocrx_word' id='word_1_260' title='bbox 1241 2005 1305 2052; x_wconf 91' lang='lat' dir='ltr'>iutro</span> <span class='ocrx_word' id='word_1_261' title='bbox 1319 2009 1431 2065; x_wconf 84' lang='lat' dir='ltr'>recepta,</span> <span class='ocrx_word' id='word_1_262' title='bbox 1452 2002 1501 2052; x_wconf 84' lang='lat' dir='ltr'>etsi</span> <span class='ocrx_word' id='word_1_263' title='bbox 1521 1999 1612 2050; x_wconf 77' lang='lat' dir='ltr'>ridetur</span> 
     </span>
     <span class='ocr_line' id='line_1_22' title="bbox 248 2075 1152 2139; baseline 0 -16"><span class='ocrx_word' id='word_1_264' title='bbox 248 2075 334 2124; x_wconf 87' lang='lat' dir='ltr'>sensui</span> <span class='ocrx_word' id='word_1_265' title='bbox 353 2086 408 2122; x_wconf 88' lang='lat' dir='ltr'>esre</span> <span class='ocrx_word' id='word_1_266' title='bbox 427 2079 504 2129; x_wconf 73' lang='lat' dir='ltr'>reeta,</span> <span class='ocrx_word' id='word_1_267' title='bbox 525 2081 668 2136; x_wconf 81' lang='lat' dir='ltr'>esttamen</span> <span class='ocrx_word' id='word_1_268' title='bbox 687 2076 824 2139; x_wconf 87' lang='lat' dir='ltr'>composita</span> <span class='ocrx_word' id='word_1_269' title='bbox 844 2092 872 2125; x_wconf 88' lang='lat' dir='ltr'>ex</span> <span class='ocrx_word' id='word_1_270' title='bbox 891 2076 981 2125; x_wconf 89' lang='lat' dir='ltr'>multis.</span> <span class='ocrx_word' id='word_1_271' title='bbox 1018 2075 1066 2126; x_wconf 85' lang='lat' dir='ltr'>Hie</span> <span class='ocrx_word' id='word_1_272' title='bbox 1084 2076 1152 2124; x_wconf 88' lang='lat' dir='ltr'>sisto.</span> 
     </span>
    </p>

    <p class='ocr_par' dir='ltr' id='par_1_3' title="bbox 245 2142 1617 2493">
     <span class='ocr_line' id='line_1_23' title="bbox 340 2142 1614 2210; baseline 0.003 -18"><span class='ocrx_word' id='word_1_273' title='bbox 340 2142 381 2193; x_wconf 90' lang='lat' dir='ltr'>lta</span> <span class='ocrx_word' id='word_1_274' title='bbox 399 2144 494 2207; x_wconf 83' lang='lat' dir='ltr'>placuit</span> <span class='ocrx_word' id='word_1_275' title='bbox 506 2146 531 2194; x_wconf 92' lang='lat' dir='ltr'>in</span> <span class='ocrx_word' id='word_1_276' title='bbox 552 2146 749 2210; x_wconf 78' lang='lat' dir='ltr'>argumentando</span> <span class='ocrx_word' id='word_1_277' title='bbox 769 2146 862 2197; x_wconf 88' lang='lat' dir='ltr'>ludere.</span> <span class='ocrx_word' id='word_1_278' title='bbox 894 2146 919 2197; x_wconf 88' lang='lat' dir='ltr'>Si</span> <span class='ocrx_word' id='word_1_279' title='bbox 933 2149 1016 2210; x_wconf 90' lang='lat' dir='ltr'>inepte</span> <span class='ocrx_word' id='word_1_280' title='bbox 1028 2147 1084 2204; x_wconf 85' lang='lat' dir='ltr'>ieci,</span> <span class='ocrx_word' id='word_1_281' title='bbox 1104 2149 1209 2209; x_wconf 83' lang='lat' dir='ltr'>imputes</span> <span class='ocrx_word' id='word_1_282' title='bbox 1228 2145 1354 2209; x_wconf 84' lang='lat' dir='ltr'>praesenti</span> <span class='ocrx_word' id='word_1_283' title='bbox 1367 2157 1441 2194; x_wconf 90' lang='lat' dir='ltr'>meae</span> <span class='ocrx_word' id='word_1_284' title='bbox 1460 2142 1614 2196; x_wconf 79' lang='lat' dir='ltr'>infirmitatis</span> 
     </span>
     <span class='ocr_line' id='line_1_24' title="bbox 245 2213 1615 2283; baseline -0.001 -18"><span class='ocrx_word' id='word_1_285' title='bbox 245 2215 303 2266; x_wconf 93' lang='lat' dir='ltr'>loco</span> <span class='ocrx_word' id='word_1_286' title='bbox 321 2214 462 2265; x_wconf 85' lang='lat' dir='ltr'>medicinae</span> <span class='ocrx_word' id='word_1_287' title='bbox 489 2217 587 2265; x_wconf 88' lang='lat' dir='ltr'>animus</span> <span class='ocrx_word' id='word_1_288' title='bbox 614 2217 762 2281; x_wconf 90' lang='lat' dir='ltr'>quandoque</span> <span class='ocrx_word' id='word_1_289' title='bbox 790 2219 898 2269; x_wconf 88' lang='lat' dir='ltr'>reficitur</span> <span class='ocrx_word' id='word_1_290' title='bbox 924 2219 1050 2283; x_wconf 81' lang='lat' dir='ltr'>augendo.</span> <span class='ocrx_word' id='word_1_291' title='bbox 1085 2218 1142 2268; x_wconf 79' lang='lat' dir='ltr'>lam</span> <span class='ocrx_word' id='word_1_292' title='bbox 1161 2217 1218 2266; x_wconf 84' lang='lat' dir='ltr'>duxi</span> <span class='ocrx_word' id='word_1_293' title='bbox 1236 2223 1262 2266; x_wconf 89' lang='lat' dir='ltr'>te</span> <span class='ocrx_word' id='word_1_294' title='bbox 1282 2216 1314 2266; x_wconf 89' lang='lat' dir='ltr'>sd</span> <span class='ocrx_word' id='word_1_295' title='bbox 1337 2216 1402 2265; x_wconf 80' lang='lat' dir='ltr'>iores</span> <span class='ocrx_word' id='word_1_296' title='bbox 1434 2213 1615 2264; x_wconf 79' lang='lat' dir='ltr'>domiciliorum</span> 
     </span>
     <span class='ocr_line' id='line_1_25' title="bbox 246 2284 1615 2353; baseline -0.004 -15"><span class='ocrx_word' id='word_1_297' title='bbox 246 2293 363 2345; x_wconf 85' lang='lat' dir='ltr'>naturae,</span> <span class='ocrx_word' id='word_1_298' title='bbox 383 2286 426 2335; x_wconf 89' lang='lat' dir='ltr'>ubi</span> <span class='ocrx_word' id='word_1_299' title='bbox 445 2286 526 2336; x_wconf 85' lang='lat' dir='ltr'>latent</span> <span class='ocrx_word' id='word_1_300' title='bbox 545 2290 598 2349; x_wconf 85' lang='lat' dir='ltr'>ejus</span> <span class='ocrx_word' id='word_1_301' title='bbox 619 2301 721 2337; x_wconf 85' lang='lat' dir='ltr'>arcana.</span> <span class='ocrx_word' id='word_1_302' title='bbox 755 2287 781 2337; x_wconf 88' lang='lat' dir='ltr'>Si</span> <span class='ocrx_word' id='word_1_303' title='bbox 800 2304 850 2338; x_wconf 90' lang='lat' dir='ltr'>non</span> <span class='ocrx_word' id='word_1_304' title='bbox 869 2290 946 2353; x_wconf 90' lang='lat' dir='ltr'>possis</span> <span class='ocrx_word' id='word_1_305' title='bbox 965 2290 1057 2340; x_wconf 86' lang='lat' dir='ltr'>intrare</span> <span class='ocrx_word' id='word_1_306' title='bbox 1076 2295 1174 2353; x_wconf 88' lang='lat' dir='ltr'>propter</span> <span class='ocrx_word' id='word_1_307' title='bbox 1191 2288 1288 2337; x_wconf 89' lang='lat' dir='ltr'>illarum</span> <span class='ocrx_word' id='word_1_308' title='bbox 1307 2288 1448 2353; x_wconf 80' lang='lat' dir='ltr'>angustias,</span> <span class='ocrx_word' id='word_1_309' title='bbox 1469 2291 1499 2334; x_wconf 89' lang='lat' dir='ltr'>tu</span> <span class='ocrx_word' id='word_1_310' title='bbox 1518 2284 1615 2334; x_wconf 82' lang='lat' dir='ltr'>mathc-</span> 
     </span>
     <span class='ocr_line' id='line_1_26' title="bbox 247 2357 1617 2424; baseline -0.002 -16"><span class='ocrx_word' id='word_1_311' title='bbox 247 2360 342 2408; x_wconf 86' lang='lat' dir='ltr'>matice</span> <span class='ocrx_word' id='word_1_312' title='bbox 362 2357 480 2407; x_wconf 88' lang='lat' dir='ltr'>abstrahe</span> <span class='ocrx_word' id='word_1_313' title='bbox 499 2365 525 2408; x_wconf 93' lang='lat' dir='ltr'>et</span> <span class='ocrx_word' id='word_1_314' title='bbox 544 2357 664 2408; x_wconf 88' lang='lat' dir='ltr'>contrahe</span> <span class='ocrx_word' id='word_1_315' title='bbox 682 2366 708 2408; x_wconf 90' lang='lat' dir='ltr'>te</span> <span class='ocrx_word' id='word_1_316' title='bbox 727 2361 806 2424; x_wconf 88' lang='lat' dir='ltr'>ipsum</span> <span class='ocrx_word' id='word_1_317' title='bbox 824 2362 850 2410; x_wconf 92' lang='lat' dir='ltr'>in</span> <span class='ocrx_word' id='word_1_318' title='bbox 870 2367 988 2418; x_wconf 85' lang='lat' dir='ltr'>atomum,</span> <span class='ocrx_word' id='word_1_319' title='bbox 1007 2367 1033 2410; x_wconf 87' lang='lat' dir='ltr'>et</span> <span class='ocrx_word' id='word_1_320' title='bbox 1050 2361 1153 2410; x_wconf 77' lang='lat' dir='ltr'>intrabis</span> <span class='ocrx_word' id='word_1_321' title='bbox 1176 2359 1258 2409; x_wconf 79' lang='lat' dir='ltr'>luciis.</span> <span class='ocrx_word' id='word_1_322' title='bbox 1297 2359 1330 2409; x_wconf 83' lang='lat' dir='ltr'>Et</span> <span class='ocrx_word' id='word_1_323' title='bbox 1347 2364 1483 2423; x_wconf 82' lang='lat' dir='ltr'>postquam</span> <span class='ocrx_word' id='word_1_324' title='bbox 1503 2367 1617 2422; x_wconf 71' lang='lat' dir='ltr'>egressus</span> 
     </span>
     <span class='ocr_line' id='line_1_27' title="bbox 247 2427 751 2493; baseline -0.004 -13"><span class='ocrx_word' id='word_1_325' title='bbox 247 2444 283 2485; x_wconf 80' lang='lat' dir='ltr'>ea,</span> <span class='ocrx_word' id='word_1_326' title='bbox 302 2429 342 2479; x_wconf 91' lang='lat' dir='ltr'>dic</span> <span class='ocrx_word' id='word_1_327' title='bbox 360 2427 419 2477; x_wconf 90' lang='lat' dir='ltr'>mihi</span> <span class='ocrx_word' id='word_1_328' title='bbox 438 2442 504 2493; x_wconf 88' lang='lat' dir='ltr'>quae</span> <span class='ocrx_word' id='word_1_329' title='bbox 521 2430 645 2479; x_wconf 86' lang='lat' dir='ltr'>mirabilia</span> <span class='ocrx_word' id='word_1_330' title='bbox 663 2431 751 2480; x_wconf 79' lang='lat' dir='ltr'>vidisti.</span> 
     </span>
    </p>

    <p class='ocr_par' dir='ltr' id='par_1_4' title="bbox 248 2498 1622 2921">
     <span class='ocr_line' id='line_1_28' title="bbox 339 2498 1617 2568; baseline 0 -20"><span class='ocrx_word' id='word_1_331' title='bbox 339 2498 412 2561; x_wconf 87' lang='lat' dir='ltr'>Quod</span> <span class='ocrx_word' id='word_1_332' title='bbox 432 2500 465 2549; x_wconf 92' lang='lat' dir='ltr'>ad</span> <span class='ocrx_word' id='word_1_333' title='bbox 484 2499 611 2551; x_wconf 87' lang='lat' dir='ltr'>colores</span> <span class='ocrx_word' id='word_1_334' title='bbox 631 2503 738 2559; x_wconf 85' lang='lat' dir='ltr'>attinet,</span> <span class='ocrx_word' id='word_1_335' title='bbox 758 2503 782 2552; x_wconf 92' lang='lat' dir='ltr'>in</span> <span class='ocrx_word' id='word_1_336' title='bbox 801 2504 897 2552; x_wconf 91' lang='lat' dir='ltr'>illorum</span> <span class='ocrx_word' id='word_1_337' title='bbox 922 2505 1017 2553; x_wconf 76' lang='lat' dir='ltr'>radone</span> <span class='ocrx_word' id='word_1_338' title='bbox 1042 2508 1210 2568; x_wconf 79' lang='lat' dir='ltr'>magnasunt</span> <span class='ocrx_word' id='word_1_339' title='bbox 1229 2503 1349 2564; x_wconf 84' lang='lat' dir='ltr'>mysteria</span> <span class='ocrx_word' id='word_1_340' title='bbox 1367 2513 1416 2549; x_wconf 89' lang='lat' dir='ltr'>nou</span> <span class='ocrx_word' id='word_1_341' title='bbox 1435 2499 1504 2548; x_wconf 93' lang='lat' dir='ltr'>illico</span> <span class='ocrx_word' id='word_1_342' title='bbox 1524 2511 1617 2562; x_wconf 78' lang='lat' dir='ltr'>expau-</span> 
     </span>
     <span class='ocr_line' id='line_1_29' title="bbox 250 2565 1620 2638; baseline -0.001 -16"><span class='ocrx_word' id='word_1_343' title='bbox 250 2570 342 2622; x_wconf 87' lang='lat' dir='ltr'>deuda.</span> <span class='ocrx_word' id='word_1_344' title='bbox 380 2569 431 2621; x_wconf 85' lang='lat' dir='ltr'>Sed</span> <span class='ocrx_word' id='word_1_345' title='bbox 449 2571 548 2636; x_wconf 88' lang='lat' dir='ltr'>quando</span> <span class='ocrx_word' id='word_1_346' title='bbox 567 2573 714 2635; x_wconf 87' lang='lat' dir='ltr'>rescripsero</span> <span class='ocrx_word' id='word_1_347' title='bbox 734 2573 765 2622; x_wconf 96' lang='lat' dir='ltr'>de</span> <span class='ocrx_word' id='word_1_348' title='bbox 783 2576 883 2633; x_wconf 92' lang='lat' dir='ltr'>iride,</span> <span class='ocrx_word' id='word_1_349' title='bbox 902 2574 994 2624; x_wconf 84' lang='lat' dir='ltr'>ridebis</span> <span class='ocrx_word' id='word_1_350' title='bbox 1014 2571 1089 2638; x_wconf 88' lang='lat' dir='ltr'>(quae</span> <span class='ocrx_word' id='word_1_351' title='bbox 1102 2587 1197 2623; x_wconf 89' lang='lat' dir='ltr'>nunca</span> <span class='ocrx_word' id='word_1_352' title='bbox 1214 2572 1401 2636; x_wconf 87' lang='lat' dir='ltr'>peripatheticis</span> <span class='ocrx_word' id='word_1_353' title='bbox 1414 2585 1465 2620; x_wconf 92' lang='lat' dir='ltr'>nou</span> <span class='ocrx_word' id='word_1_354' title='bbox 1479 2565 1620 2628; x_wconf 64' lang='lat' dir='ltr'>nudanda)</span> 
     </span>
     <span class='ocr_line' id='line_1_30' title="bbox 248 2640 1621 2709; baseline -0.003 -15"><span class='ocrx_word' id='word_1_355' title='bbox 248 2645 359 2694; x_wconf 85' lang='lat' dir='ltr'>rationes</span> <span class='ocrx_word' id='word_1_356' title='bbox 390 2650 416 2692; x_wconf 89' lang='lat' dir='ltr'>et</span> <span class='ocrx_word' id='word_1_357' title='bbox 445 2656 534 2692; x_wconf 85' lang='lat' dir='ltr'>causas</span> <span class='ocrx_word' id='word_1_358' title='bbox 563 2646 616 2705; x_wconf 84' lang='lat' dir='ltr'>ejus</span> <span class='ocrx_word' id='word_1_359' title='bbox 644 2643 767 2704; x_wconf 79' lang='lat' dir='ltr'>formales,</span> <span class='ocrx_word' id='word_1_360' title='bbox 795 2646 963 2709; x_wconf 80' lang='lat' dir='ltr'>proximasset</span> <span class='ocrx_word' id='word_1_361' title='bbox 989 2646 1160 2701; x_wconf 86' lang='lat' dir='ltr'>immediatas,</span> <span class='ocrx_word' id='word_1_362' title='bbox 1190 2652 1215 2693; x_wconf 89' lang='lat' dir='ltr'>et</span> <span class='ocrx_word' id='word_1_363' title='bbox 1241 2643 1353 2693; x_wconf 88' lang='lat' dir='ltr'>similiter</span> <span class='ocrx_word' id='word_1_364' title='bbox 1372 2642 1402 2692; x_wconf 90' lang='lat' dir='ltr'>de</span> <span class='ocrx_word' id='word_1_365' title='bbox 1429 2642 1518 2691; x_wconf 84' lang='lat' dir='ltr'>multia</span> <span class='ocrx_word' id='word_1_366' title='bbox 1545 2640 1621 2691; x_wconf 79' lang='lat' dir='ltr'>rebus</span> 
     </span>
     <span class='ocr_line' id='line_1_31' title="bbox 248 2713 1619 2780; baseline -0.001 -15"><span class='ocrx_word' id='word_1_367' title='bbox 248 2714 367 2780; x_wconf 86' lang='lat' dir='ltr'>physicis,</span> <span class='ocrx_word' id='word_1_368' title='bbox 387 2715 438 2763; x_wconf 85' lang='lat' dir='ltr'>suis</span> <span class='ocrx_word' id='word_1_369' title='bbox 451 2714 511 2763; x_wconf 87' lang='lat' dir='ltr'>locis</span> <span class='ocrx_word' id='word_1_370' title='bbox 531 2714 678 2771; x_wconf 83' lang='lat' dir='ltr'>tractandis,</span> <span class='ocrx_word' id='word_1_371' title='bbox 698 2717 718 2763; x_wconf 86' lang='lat' dir='ltr'>si</span> <span class='ocrx_word' id='word_1_372' title='bbox 732 2713 802 2765; x_wconf 87' lang='lat' dir='ltr'>Deus</span> <span class='ocrx_word' id='word_1_373' title='bbox 815 2717 858 2765; x_wconf 89' lang='lat' dir='ltr'>det</span> <span class='ocrx_word' id='word_1_374' title='bbox 876 2716 946 2765; x_wconf 87' lang='lat' dir='ltr'>nobis</span> <span class='ocrx_word' id='word_1_375' title='bbox 965 2718 1041 2765; x_wconf 89' lang='lat' dir='ltr'>etium</span> <span class='ocrx_word' id='word_1_376' title='bbox 1054 2722 1080 2765; x_wconf 88' lang='lat' dir='ltr'>et</span> <span class='ocrx_word' id='word_1_377' title='bbox 1097 2716 1210 2768; x_wconf 89' lang='lat' dir='ltr'>salutem.</span> <span class='ocrx_word' id='word_1_378' title='bbox 1239 2713 1342 2764; x_wconf 90' lang='lat' dir='ltr'>Interim</span> <span class='ocrx_word' id='word_1_379' title='bbox 1361 2713 1490 2778; x_wconf 90' lang='lat' dir='ltr'>patienter</span> <span class='ocrx_word' id='word_1_380' title='bbox 1503 2719 1619 2777; x_wconf 76' lang='lat' dir='ltr'>expecta</span> 
     </span>
     <span class='ocr_line' id='line_1_32' title="bbox 249 2784 1622 2852; baseline -0.003 -15"><span class='ocrx_word' id='word_1_381' title='bbox 249 2786 304 2837; x_wconf 83' lang='lat' dir='ltr'>Hoc</span> <span class='ocrx_word' id='word_1_382' title='bbox 323 2792 408 2835; x_wconf 84' lang='lat' dir='ltr'>tamen</span> <span class='ocrx_word' id='word_1_383' title='bbox 428 2785 459 2835; x_wconf 90' lang='lat' dir='ltr'>de</span> <span class='ocrx_word' id='word_1_384' title='bbox 478 2786 539 2834; x_wconf 91' lang='lat' dir='ltr'>iride</span> <span class='ocrx_word' id='word_1_385' title='bbox 559 2800 625 2835; x_wconf 92' lang='lat' dir='ltr'>nunc</span> <span class='ocrx_word' id='word_1_386' title='bbox 643 2786 707 2842; x_wconf 74' lang='lat' dir='ltr'>dcc,</span> <span class='ocrx_word' id='word_1_387' title='bbox 727 2788 791 2850; x_wconf 89' lang='lat' dir='ltr'>quod</span> <span class='ocrx_word' id='word_1_388' title='bbox 804 2802 882 2837; x_wconf 89' lang='lat' dir='ltr'>causa</span> <span class='ocrx_word' id='word_1_389' title='bbox 901 2787 1095 2838; x_wconf 88' lang='lat' dir='ltr'>demonstranda</span> <span class='ocrx_word' id='word_1_390' title='bbox 1113 2788 1188 2837; x_wconf 88' lang='lat' dir='ltr'>estin</span> <span class='ocrx_word' id='word_1_391' title='bbox 1200 2800 1253 2836; x_wconf 89' lang='lat' dir='ltr'>una</span> <span class='ocrx_word' id='word_1_392' title='bbox 1271 2787 1380 2852; x_wconf 63' lang='lat' dir='ltr'>gatula,</span> <span class='ocrx_word' id='word_1_393' title='bbox 1399 2799 1445 2849; x_wconf 89' lang='lat' dir='ltr'>per</span> <span class='ocrx_word' id='word_1_394' title='bbox 1456 2784 1622 2834; x_wconf 73' lang='lat' dir='ltr'>reflexiones·</span> 
     </span>
     <span class='ocr_line' id='line_1_33' title="bbox 249 2855 1621 2921; baseline -0.002 -14"><span class='ocrx_word' id='word_1_395' title='bbox 249 2858 276 2907; x_wconf 90' lang='lat' dir='ltr'>in</span> <span class='ocrx_word' id='word_1_396' title='bbox 296 2869 408 2906; x_wconf 80' lang='lat' dir='ltr'>concava</span> <span class='ocrx_word' id='word_1_397' title='bbox 426 2855 557 2920; x_wconf 82' lang='lat' dir='ltr'>superficie</span> <span class='ocrx_word' id='word_1_398' title='bbox 577 2863 602 2906; x_wconf 90' lang='lat' dir='ltr'>et</span> <span class='ocrx_word' id='word_1_399' title='bbox 620 2857 795 2907; x_wconf 73' lang='lat' dir='ltr'>rehacdonem</span> <span class='ocrx_word' id='word_1_400' title='bbox 815 2861 839 2908; x_wconf 89' lang='lat' dir='ltr'>in</span> <span class='ocrx_word' id='word_1_401' title='bbox 859 2873 976 2908; x_wconf 85' lang='lat' dir='ltr'>convexa.</span> <span class='ocrx_word' id='word_1_402' title='bbox 1001 2856 1069 2908; x_wconf 85' lang='lat' dir='ltr'>Nihil</span> <span class='ocrx_word' id='word_1_403' title='bbox 1088 2866 1171 2908; x_wconf 88' lang='lat' dir='ltr'>tamea</span> <span class='ocrx_word' id='word_1_404' title='bbox 1185 2857 1233 2907; x_wconf 84' lang='lat' dir='ltr'>dixi</span> <span class='ocrx_word' id='word_1_405' title='bbox 1250 2858 1281 2908; x_wconf 92' lang='lat' dir='ltr'>ob</span> <span class='ocrx_word' id='word_1_406' title='bbox 1299 2857 1427 2921; x_wconf 84' lang='lat' dir='ltr'>mysteria,</span> <span class='ocrx_word' id='word_1_407' title='bbox 1448 2870 1517 2921; x_wconf 79' lang='lat' dir='ltr'>quac</span> <span class='ocrx_word' id='word_1_408' title='bbox 1529 2855 1621 2907; x_wconf 74' lang='lat' dir='ltr'>latent</span> 
     </span>
    </p>
   </div>
   <div class='ocr_carea' id='block_1_3' title="bbox 250 2926 917 3050">
    <p class='ocr_par' dir='ltr' id='par_1_5' title="bbox 250 2926 917 3050">
     <span class='ocr_line' id='line_1_34' title="bbox 250 2926 752 2991; baseline 0 -14"><span class='ocrx_word' id='word_1_409' title='bbox 250 2926 343 2978; x_wconf 80' lang='lat' dir='ltr'>Cetera</span> <span class='ocrx_word' id='word_1_410' title='bbox 361 2926 499 2977; x_wconf 81' lang='lat' dir='ltr'>differenda</span> <span class='ocrx_word' id='word_1_411' title='bbox 517 2927 542 2976; x_wconf 95' lang='lat' dir='ltr'>ln</span> <span class='ocrx_word' id='word_1_412' title='bbox 562 2926 630 2977; x_wconf 88' lang='lat' dir='ltr'>aliud</span> <span class='ocrx_word' id='word_1_413' title='bbox 647 2934 752 2991; x_wconf 86' lang='lat' dir='ltr'>tempus.</span> 
     </span>
     <span class='ocr_line' id='line_1_35' title="bbox 339 2996 917 3050; baseline 0.005 -5"><span class='ocrx_word' id='word_1_414' title='bbox 339 2996 410 3047; x_wconf 85' lang='lat' dir='ltr'>Beue</span> <span class='ocrx_word' id='word_1_415' title='bbox 429 2996 503 3047; x_wconf 87' lang='lat' dir='ltr'>Vale.</span> <span class='ocrx_word' id='word_1_416' title='bbox 541 2998 647 3048; x_wconf 90' lang='lat' dir='ltr'>Londini</span> <span class='ocrx_word' id='word_1_417' title='bbox 666 2998 689 3048; x_wconf 92' lang='lat' dir='ltr'>d.</span> <span class='ocrx_word' id='word_1_418' title='bbox 711 2997 735 3047; x_wconf 83' lang='lat'>2.</span> <span class='ocrx_word' id='word_1_419' title='bbox 755 2996 817 3050; x_wconf 91' lang='lat' dir='ltr'>Dec.</span> <span class='ocrx_word' id='word_1_420' title='bbox 842 2996 917 3048; x_wconf 78' lang='grc'><strong>1606.</strong></span> 
     </span>
    </p>
   </div>
   <div class='ocr_carea' id='block_1_4' title="bbox 252 3120 1631 5074">
    <p class='ocr_par' dir='ltr' id='par_1_6' title="bbox 253 3120 1624 3293">
     <span class='ocr_line' id='line_1_36' title="bbox 342 3120 1624 3203; baseline 0.001 -20"><span class='ocrx_word' id='word_1_421' title='bbox 342 3120 537 3203; x_wconf 85' lang='lat' dir='ltr'>Responsum</span> <span class='ocrx_word' id='word_1_422' title='bbox 570 3131 671 3197; x_wconf 85' lang='lat' dir='ltr'>tuuru,</span> <span class='ocrx_word' id='word_1_423' title='bbox 697 3133 808 3184; x_wconf 73' lang='lat' dir='ltr'>rescribit</span> <span class='ocrx_word' id='word_1_424' title='bbox 825 3132 998 3197; x_wconf 79' lang='lat' dir='ltr'>Keplerus,</span> <span class='ocrx_word' id='word_1_425' title='bbox 1018 3122 1159 3185; x_wconf 88' lang='lat' dir='ltr'>Harriote</span> <span class='ocrx_word' id='word_1_426' title='bbox 1184 3123 1391 3199; x_wconf 86' lang='lat' dir='ltr'>celeberrime,</span> <span class='ocrx_word' id='word_1_427' title='bbox 1417 3122 1524 3203; x_wconf 77' lang='lat' dir='ltr'>magui</span> <span class='ocrx_word' id='word_1_428' title='bbox 1548 3122 1624 3184; x_wconf 89' lang='lat' dir='ltr'>the-</span> 
     </span>
     <span class='ocr_line' id='line_1_37' title="bbox 253 3210 1012 3293; baseline -0.001 -19"><span class='ocrx_word' id='word_1_429' title='bbox 253 3211 335 3274; x_wconf 92' lang='lat' dir='ltr'>sauri</span> <span class='ocrx_word' id='word_1_430' title='bbox 359 3210 426 3274; x_wconf 91' lang='lat' dir='ltr'>loco</span> <span class='ocrx_word' id='word_1_431' title='bbox 450 3219 483 3273; x_wconf 86' lang='lat' dir='ltr'>et</span> <span class='ocrx_word' id='word_1_432' title='bbox 506 3214 664 3293; x_wconf 83' lang='lat' dir='ltr'>amplexus</span> <span class='ocrx_word' id='word_1_433' title='bbox 689 3234 754 3276; x_wconf 82' lang='lat' dir='ltr'>suan</span> <span class='ocrx_word' id='word_1_434' title='bbox 778 3223 810 3276; x_wconf 91' lang='lat' dir='ltr'>et</span> <span class='ocrx_word' id='word_1_435' title='bbox 833 3212 1012 3274; x_wconf 86' lang='lat' dir='ltr'>custodiam.</span> 
     </span>
    </p>

    <p class='ocr_par' dir='ltr' id='par_1_7' title="bbox 252 3299 1631 5074">
     <span class='ocr_line' id='line_1_38' title="bbox 342 3299 1627 3381; baseline 0 -20"><span class='ocrx_word' id='word_1_436' title='bbox 342 3299 444 3362; x_wconf 84' lang='lat' dir='ltr'>Multa</span> <span class='ocrx_word' id='word_1_437' title='bbox 472 3300 501 3363; x_wconf 92' lang='lat' dir='ltr'>in</span> <span class='ocrx_word' id='word_1_438' title='bbox 534 3301 649 3364; x_wconf 87' lang='lat' dir='ltr'>labella</span> <span class='ocrx_word' id='word_1_439' title='bbox 681 3323 746 3365; x_wconf 91' lang='lat' dir='ltr'>sum</span> <span class='ocrx_word' id='word_1_440' title='bbox 778 3302 918 3374; x_wconf 86' lang='lat' dir='ltr'>miratus,</span> <span class='ocrx_word' id='word_1_441' title='bbox 948 3319 1023 3381; x_wconf 86' lang='lat' dir='ltr'>quae</span> <span class='ocrx_word' id='word_1_442' title='bbox 1056 3308 1148 3361; x_wconf 87' lang='lat' dir='ltr'>antea</span> <span class='ocrx_word' id='word_1_443' title='bbox 1179 3300 1325 3381; x_wconf 80' lang='lat' dir='ltr'>ignoravi.</span> <span class='ocrx_word' id='word_1_444' title='bbox 1383 3299 1514 3364; x_wconf 80' lang='lat' dir='ltr'>Clavem</span> <span class='ocrx_word' id='word_1_445' title='bbox 1548 3299 1627 3363; x_wconf 90' lang='lat' dir='ltr'>mihi</span> 
     </span>
     <span class='ocr_line' id='line_1_39' title="bbox 252 3385 1625 3473; baseline 0.001 -22"><span class='ocrx_word' id='word_1_446' title='bbox 252 3399 425 3473; x_wconf 89' lang='lat' dir='ltr'>porrectam</span> <span class='ocrx_word' id='word_1_447' title='bbox 453 3390 560 3472; x_wconf 89' lang='lat' dir='ltr'>opinor</span> <span class='ocrx_word' id='word_1_448' title='bbox 588 3391 627 3452; x_wconf 92' lang='lat' dir='ltr'>ad</span> <span class='ocrx_word' id='word_1_449' title='bbox 656 3392 847 3472; x_wconf 91' lang='lat' dir='ltr'>inquirendas</span> <span class='ocrx_word' id='word_1_450' title='bbox 881 3391 1011 3452; x_wconf 88' lang='lat' dir='ltr'>latentes</span> <span class='ocrx_word' id='word_1_451' title='bbox 1036 3406 1191 3468; x_wconf 87' lang='lat' dir='ltr'>corporum</span> <span class='ocrx_word' id='word_1_452' title='bbox 1215 3398 1352 3452; x_wconf 88' lang='lat' dir='ltr'>naturas.</span> <span class='ocrx_word' id='word_1_453' title='bbox 1410 3385 1491 3461; x_wconf 81' lang='lat' dir='ltr'>Quis</span> <span class='ocrx_word' id='word_1_454' title='bbox 1517 3389 1625 3452; x_wconf 86' lang='lat' dir='ltr'>eredi-</span> 
     </span>
     <span class='ocr_line' id='line_1_40' title="bbox 254 3477 1625 3561; baseline -0.001 -18"><span class='ocrx_word' id='word_1_455' title='bbox 254 3479 368 3555; x_wconf 89' lang='lat' dir='ltr'>disset,</span> <span class='ocrx_word' id='word_1_456' title='bbox 393 3478 519 3559; x_wconf 90' lang='lat' dir='ltr'>spiritus</span> <span class='ocrx_word' id='word_1_457' title='bbox 547 3480 608 3541; x_wconf 82' lang='lat' dir='ltr'>riui</span> <span class='ocrx_word' id='word_1_458' title='bbox 638 3482 781 3561; x_wconf 86' lang='lat' dir='ltr'>majorem</span> <span class='ocrx_word' id='word_1_459' title='bbox 806 3498 873 3541; x_wconf 89' lang='lat' dir='ltr'>esse</span> <span class='ocrx_word' id='word_1_460' title='bbox 897 3477 1107 3540; x_wconf 82' lang='lat' dir='ltr'>refractionem</span> <span class='ocrx_word' id='word_1_461' title='bbox 1131 3497 1219 3557; x_wconf 88' lang='lat' dir='ltr'>quarn</span> <span class='ocrx_word' id='word_1_462' title='bbox 1243 3480 1410 3541; x_wconf 75' lang='lat' dir='ltr'>iolitanae?</span> <span class='ocrx_word' id='word_1_463' title='bbox 1449 3479 1493 3540; x_wconf 86' lang='lat' dir='ltr'>Et</span> <span class='ocrx_word' id='word_1_464' title='bbox 1517 3490 1625 3542; x_wconf 89' lang='lat' dir='ltr'>tamen</span> 
     </span>
     <span class='ocr_line' id='line_1_41' title="bbox 253 3566 1626 3649; baseline -0.001 -17"><span class='ocrx_word' id='word_1_465' title='bbox 253 3567 396 3649; x_wconf 81' lang='lat' dir='ltr'>analogia</span> <span class='ocrx_word' id='word_1_466' title='bbox 419 3577 554 3649; x_wconf 87' lang='lat' dir='ltr'>perstat,</span> <span class='ocrx_word' id='word_1_467' title='bbox 580 3571 674 3648; x_wconf 92' lang='lat' dir='ltr'>quod,</span> <span class='ocrx_word' id='word_1_468' title='bbox 699 3569 749 3631; x_wconf 92' lang='lat' dir='ltr'>ubi</span> <span class='ocrx_word' id='word_1_469' title='bbox 774 3568 859 3631; x_wconf 85' lang='lat' dir='ltr'>mixti</span> <span class='ocrx_word' id='word_1_470' title='bbox 892 3575 962 3628; x_wconf 83' lang='lat' dir='ltr'>sunt</span> <span class='ocrx_word' id='word_1_471' title='bbox 991 3566 1115 3647; x_wconf 88' lang='lat' dir='ltr'>spiritus</span> <span class='ocrx_word' id='word_1_472' title='bbox 1139 3568 1199 3629; x_wconf 83' lang='lat' dir='ltr'>vini</span> <span class='ocrx_word' id='word_1_473' title='bbox 1223 3575 1256 3629; x_wconf 87' lang='lat' dir='ltr'>et</span> <span class='ocrx_word' id='word_1_474' title='bbox 1286 3587 1365 3648; x_wconf 87' lang='lat' dir='ltr'>aqua</span> <span class='ocrx_word' id='word_1_475' title='bbox 1394 3568 1516 3641; x_wconf 80' lang='lat' dir='ltr'>(sinum</span> <span class='ocrx_word' id='word_1_476' title='bbox 1541 3569 1626 3631; x_wconf 86' lang='lat' dir='ltr'>euim</span> 
     </span>
     <span class='ocr_line' id='line_1_42' title="bbox 254 3655 1627 3738; baseline -0.001 -17"><span class='ocrx_word' id='word_1_477' title='bbox 254 3678 292 3721; x_wconf 83' lang='lat' dir='ltr'>err</span> <span class='ocrx_word' id='word_1_478' title='bbox 314 3657 352 3720; x_wconf 91' lang='lat' dir='ltr'>iis</span> <span class='ocrx_word' id='word_1_479' title='bbox 376 3658 503 3721; x_wconf 76' lang='lat' dir='ltr'>mixtum</span> <span class='ocrx_word' id='word_1_480' title='bbox 534 3676 602 3720; x_wconf 88' lang='lat' dir='ltr'>esse</span> <span class='ocrx_word' id='word_1_481' title='bbox 633 3658 747 3720; x_wconf 88' lang='lat' dir='ltr'>indicat</span> <span class='ocrx_word' id='word_1_482' title='bbox 779 3656 958 3737; x_wconf 83' lang='lat' dir='ltr'>separatio),</span> <span class='ocrx_word' id='word_1_483' title='bbox 984 3655 1024 3717; x_wconf 92' lang='lat' dir='ltr'>ibi</span> <span class='ocrx_word' id='word_1_484' title='bbox 1048 3663 1080 3716; x_wconf 89' lang='lat' dir='ltr'>et</span> <span class='ocrx_word' id='word_1_485' title='bbox 1103 3656 1245 3719; x_wconf 82' lang='lat' dir='ltr'>refractio</span> <span class='ocrx_word' id='word_1_486' title='bbox 1269 3656 1469 3718; x_wconf 86' lang='lat' dir='ltr'>intermediae</span> <span class='ocrx_word' id='word_1_487' title='bbox 1494 3655 1627 3738; x_wconf 84' lang='lat' dir='ltr'>quanti·</span> 
     </span>
     <span class='ocr_line' id='line_1_43' title="bbox 254 3744 1628 3825; baseline -0.001 -15"><span class='ocrx_word' id='word_1_488' title='bbox 254 3746 341 3810; x_wconf 86' lang='lat' dir='ltr'>tatis.</span> <span class='ocrx_word' id='word_1_489' title='bbox 390 3745 512 3810; x_wconf 82' lang='lat' dir='ltr'>Salsum</span> <span class='ocrx_word' id='word_1_490' title='bbox 535 3769 555 3809; x_wconf 90' lang='lat' dir='ltr'>s</span> <span class='ocrx_word' id='word_1_491' title='bbox 579 3749 705 3810; x_wconf 84' lang='lat' dir='ltr'>fontana</span> <span class='ocrx_word' id='word_1_492' title='bbox 735 3747 894 3810; x_wconf 86' lang='lat' dir='ltr'>credebam</span> <span class='ocrx_word' id='word_1_493' title='bbox 928 3746 1041 3806; x_wconf 89' lang='lat' dir='ltr'>distare</span> <span class='ocrx_word' id='word_1_494' title='bbox 1074 3744 1140 3806; x_wconf 86' lang='lat' dir='ltr'>sola</span> <span class='ocrx_word' id='word_1_495' title='bbox 1164 3745 1347 3808; x_wconf 79' lang='lat' dir='ltr'>admixtione</span> <span class='ocrx_word' id='word_1_496' title='bbox 1371 3747 1628 3825; x_wconf 84' lang='lat' dir='ltr'>corpusculorum</span> 
     </span>
     <span class='ocr_line' id='line_1_44' title="bbox 255 3833 1629 3916; baseline 0 -18"><span class='ocrx_word' id='word_1_497' title='bbox 255 3835 329 3898; x_wconf 86' lang='lat' dir='ltr'>salis</span> <span class='ocrx_word' id='word_1_498' title='bbox 352 3833 639 3916; x_wconf 83' lang='lat' dir='ltr'>heterogeueorum:</span> <span class='ocrx_word' id='word_1_499' title='bbox 666 3837 696 3899; x_wconf 95' lang='lat' dir='ltr'>id</span> <span class='ocrx_word' id='word_1_500' title='bbox 719 3835 746 3898; x_wconf 91' lang='lat' dir='ltr'>si</span> <span class='ocrx_word' id='word_1_501' title='bbox 770 3844 861 3908; x_wconf 86' lang='lat' dir='ltr'>esset,</span> <span class='ocrx_word' id='word_1_502' title='bbox 888 3853 945 3896; x_wconf 91' lang='lat' dir='ltr'>nou</span> <span class='ocrx_word' id='word_1_503' title='bbox 970 3834 1090 3895; x_wconf 85' lang='lat' dir='ltr'>diversa</span> <span class='ocrx_word' id='word_1_504' title='bbox 1114 3843 1198 3896; x_wconf 83' lang='lat' dir='ltr'>esset</span> <span class='ocrx_word' id='word_1_505' title='bbox 1221 3834 1374 3909; x_wconf 75' lang='lat' dir='ltr'>retractio,</span> <span class='ocrx_word' id='word_1_506' title='bbox 1399 3835 1455 3895; x_wconf 89' lang='lat' dir='ltr'>sed</span> <span class='ocrx_word' id='word_1_507' title='bbox 1479 3835 1511 3897; x_wconf 90' lang='lat' dir='ltr'>iu</span> <span class='ocrx_word' id='word_1_508' title='bbox 1537 3835 1629 3898; x_wconf 81' lang='lat' dir='ltr'>salsa</span> 
     </span>
     <span class='ocr_line' id='line_1_45' title="bbox 255 3922 1626 4003; baseline 0.001 -17"><span class='ocrx_word' id='word_1_509' title='bbox 255 3923 464 3987; x_wconf 87' lang='lat' dir='ltr'>tantummodo</span> <span class='ocrx_word' id='word_1_510' title='bbox 495 3924 649 3987; x_wconf 88' lang='lat' dir='ltr'>obscurior</span> <span class='ocrx_word' id='word_1_511' title='bbox 672 3927 723 3987; x_wconf 80' lang='lat' dir='ltr'>lux</span> <span class='ocrx_word' id='word_1_512' title='bbox 747 3925 911 3996; x_wconf 87' lang='lat' dir='ltr'>incideret,</span> <span class='ocrx_word' id='word_1_513' title='bbox 947 3922 1132 4003; x_wconf 87' lang='lat' dir='ltr'>corpusculis</span> <span class='ocrx_word' id='word_1_514' title='bbox 1156 3924 1230 3985; x_wconf 85' lang='lat' dir='ltr'>salis</span> <span class='ocrx_word' id='word_1_515' title='bbox 1258 3923 1394 3986; x_wconf 87' lang='lat' dir='ltr'>umbram</span> <span class='ocrx_word' id='word_1_516' title='bbox 1423 3923 1626 3988; x_wconf 84' lang='lat' dir='ltr'>facientibus.</span> 
     </span>
     <span class='ocr_line' id='line_1_46' title="bbox 255 4010 1628 4092; baseline 0.001 -16"><span class='ocrx_word' id='word_1_517' title='bbox 255 4014 301 4076; x_wconf 79' lang='lat' dir='ltr'>at</span> <span class='ocrx_word' id='word_1_518' title='bbox 320 4011 386 4090; x_wconf 88' lang='lat' dir='ltr'>jam</span> <span class='ocrx_word' id='word_1_519' title='bbox 410 4011 498 4075; x_wconf 87' lang='lat' dir='ltr'>video</span> <span class='ocrx_word' id='word_1_520' title='bbox 523 4015 659 4077; x_wconf 78' lang='lat' dir='ltr'>diversas</span> <span class='ocrx_word' id='word_1_521' title='bbox 682 4014 891 4086; x_wconf 79' lang='lat' dir='ltr'>refractioues,</span> <span class='ocrx_word' id='word_1_522' title='bbox 917 4019 1005 4074; x_wconf 89' lang='lat' dir='ltr'>eruut</span> <span class='ocrx_word' id='word_1_523' title='bbox 1026 4012 1116 4091; x_wconf 86' lang='lat' dir='ltr'>igitur</span> <span class='ocrx_word' id='word_1_524' title='bbox 1135 4021 1168 4073; x_wconf 90' lang='lat' dir='ltr'>et</span> <span class='ocrx_word' id='word_1_525' title='bbox 1198 4010 1336 4074; x_wconf 76' lang='lat' dir='ltr'>diversae</span> <span class='ocrx_word' id='word_1_526' title='bbox 1362 4012 1628 4092; x_wconf 83' lang='lat' dir='ltr'>homogeueorum</span> 
     </span>
     <span class='ocr_line' id='line_1_47' title="bbox 255 4100 1629 4177; baseline 0 -11"><span class='ocrx_word' id='word_1_527' title='bbox 255 4108 399 4175; x_wconf 86' lang='lat' dir='ltr'>naturae,</span> <span class='ocrx_word' id='word_1_528' title='bbox 429 4108 461 4161; x_wconf 90' lang='lat' dir='ltr'>et</span> <span class='ocrx_word' id='word_1_529' title='bbox 492 4102 575 4164; x_wconf 89' lang='lat' dir='ltr'>salsa</span> <span class='ocrx_word' id='word_1_530' title='bbox 604 4104 737 4166; x_wconf 86' lang='lat' dir='ltr'>nativum</span> <span class='ocrx_word' id='word_1_531' title='bbox 774 4103 903 4164; x_wconf 87' lang='lat' dir='ltr'>colorem</span> <span class='ocrx_word' id='word_1_532' title='bbox 928 4100 1090 4171; x_wconf 86' lang='lat' dir='ltr'>obtinebit,</span> <span class='ocrx_word' id='word_1_533' title='bbox 1127 4120 1194 4162; x_wconf 88' lang='lat' dir='ltr'>curu</span> <span class='ocrx_word' id='word_1_534' title='bbox 1218 4101 1337 4164; x_wconf 83' lang='lat' dir='ltr'>videam</span> <span class='ocrx_word' id='word_1_535' title='bbox 1366 4103 1483 4177; x_wconf 90' lang='lat' dir='ltr'>calida,</span> <span class='ocrx_word' id='word_1_536' title='bbox 1518 4103 1629 4166; x_wconf 85' lang='lat' dir='ltr'>idest</span> 
     </span>
     <span class='ocr_line' id='line_1_48' title="bbox 256 4187 1628 4272; baseline 0.001 -17"><span class='ocrx_word' id='word_1_537' title='bbox 256 4192 370 4260; x_wconf 87' lang='lat' dir='ltr'>oleosa,</span> <span class='ocrx_word' id='word_1_538' title='bbox 395 4191 505 4251; x_wconf 84' lang='lat' dir='ltr'>ceteris</span> <span class='ocrx_word' id='word_1_539' title='bbox 519 4192 641 4272; x_wconf 90' lang='lat' dir='ltr'>paribus</span> <span class='ocrx_word' id='word_1_540' title='bbox 656 4191 832 4270; x_wconf 84' lang='lat' dir='ltr'>grandiores</span> <span class='ocrx_word' id='word_1_541' title='bbox 852 4190 963 4250; x_wconf 88' lang='lat' dir='ltr'>habers</span> <span class='ocrx_word' id='word_1_542' title='bbox 987 4189 1193 4251; x_wconf 76' lang='lat' dir='ltr'>retractiones.</span> <span class='ocrx_word' id='word_1_543' title='bbox 1231 4187 1340 4253; x_wconf 92' lang='lat' dir='ltr'>Oleum</span> <span class='ocrx_word' id='word_1_544' title='bbox 1359 4190 1628 4256; x_wconf 85' lang='lat' dir='ltr'>therebinthiuum</span> 
     </span>
     <span class='ocr_line' id='line_1_49' title="bbox 255 4277 1628 4361; baseline 0.001 -18"><span class='ocrx_word' id='word_1_545' title='bbox 255 4277 420 4361; x_wconf 88' lang='lat' dir='ltr'>aequilibre</span> <span class='ocrx_word' id='word_1_546' title='bbox 444 4288 492 4339; x_wconf 87' lang='lat' dir='ltr'>est</span> <span class='ocrx_word' id='word_1_547' title='bbox 515 4300 612 4361; x_wconf 89' lang='lat' dir='ltr'>aquae</span> <span class='ocrx_word' id='word_1_548' title='bbox 644 4280 802 4353; x_wconf 82' lang='lat' dir='ltr'>fontanae,</span> <span class='ocrx_word' id='word_1_549' title='bbox 831 4278 1029 4359; x_wconf 84' lang='lat' dir='ltr'>nequeenim</span> <span class='ocrx_word' id='word_1_550' title='bbox 1057 4280 1203 4357; x_wconf 85' lang='lat' dir='ltr'>mergitur</span> <span class='ocrx_word' id='word_1_551' title='bbox 1232 4298 1328 4360; x_wconf 89' lang='lat' dir='ltr'>neque</span> <span class='ocrx_word' id='word_1_552' title='bbox 1358 4289 1546 4360; x_wconf 87' lang='lat' dir='ltr'>supernatat</span> <span class='ocrx_word' id='word_1_553' title='bbox 1568 4281 1628 4344; x_wconf 89' lang='lat' dir='ltr'>sed</span> 
     </span>
     <span class='ocr_line' id='line_1_50' title="bbox 255 4365 1628 4451; baseline 0.002 -19"><span class='ocrx_word' id='word_1_554' title='bbox 255 4368 364 4449; x_wconf 89' lang='lat' dir='ltr'>ubique</span> <span class='ocrx_word' id='word_1_555' title='bbox 388 4366 503 4430; x_wconf 86' lang='lat' dir='ltr'>haeret.</span> <span class='ocrx_word' id='word_1_556' title='bbox 542 4368 662 4431; x_wconf 87' lang='lat' dir='ltr'>Mariua</span> <span class='ocrx_word' id='word_1_557' title='bbox 685 4387 756 4430; x_wconf 90' lang='lat' dir='ltr'>vero</span> <span class='ocrx_word' id='word_1_558' title='bbox 780 4387 859 4447; x_wconf 91' lang='lat' dir='ltr'>aqua</span> <span class='ocrx_word' id='word_1_559' title='bbox 882 4365 1003 4447; x_wconf 78' lang='lat' dir='ltr'>gravier</span> <span class='ocrx_word' id='word_1_560' title='bbox 1017 4374 1065 4427; x_wconf 90' lang='lat' dir='ltr'>est</span> <span class='ocrx_word' id='word_1_561' title='bbox 1089 4368 1214 4428; x_wconf 85' lang='lat' dir='ltr'>fontana</span> <span class='ocrx_word' id='word_1_562' title='bbox 1233 4375 1385 4431; x_wconf 88' lang='lat' dir='ltr'>ettamen</span> <span class='ocrx_word' id='word_1_563' title='bbox 1410 4370 1511 4432; x_wconf 86' lang='lat' dir='ltr'>ruiuor</span> <span class='ocrx_word' id='word_1_564' title='bbox 1534 4371 1628 4451; x_wconf 76' lang='lat' dir='ltr'>hujus</span> 
     </span>
     <span class='ocr_line' id='line_1_51' title="bbox 255 4453 1628 4541; baseline 0.001 -19"><span class='ocrx_word' id='word_1_565' title='bbox 255 4454 398 4522; x_wconf 76' lang='lat' dir='ltr'>retractio</span> <span class='ocrx_word' id='word_1_566' title='bbox 423 4475 512 4536; x_wconf 86' lang='lat' dir='ltr'>quarn</span> <span class='ocrx_word' id='word_1_567' title='bbox 536 4459 627 4520; x_wconf 92' lang='lat' dir='ltr'>illius.</span> <span class='ocrx_word' id='word_1_568' title='bbox 676 4457 760 4518; x_wconf 91' lang='lat' dir='ltr'>Idem</span> <span class='ocrx_word' id='word_1_569' title='bbox 790 4457 896 4516; x_wconf 88' lang='lat' dir='ltr'>mirum</span> <span class='ocrx_word' id='word_1_570' title='bbox 919 4453 1000 4516; x_wconf 85' lang='lat' dir='ltr'>cirea</span> <span class='ocrx_word' id='word_1_571' title='bbox 1027 4456 1203 4535; x_wconf 82' lang='lat' dir='ltr'>crystallum</span> <span class='ocrx_word' id='word_1_572' title='bbox 1228 4465 1260 4518; x_wconf 88' lang='lat' dir='ltr'>et</span> <span class='ocrx_word' id='word_1_573' title='bbox 1283 4458 1450 4521; x_wconf 86' lang='lat' dir='ltr'>succinum.</span> <span class='ocrx_word' id='word_1_574' title='bbox 1498 4458 1628 4541; x_wconf 79' lang='lat' dir='ltr'>Ergone</span> 
     </span>
     <span class='ocr_line' id='line_1_52' title="bbox 255 4542 1628 4622; baseline 0.003 -13"><span class='ocrx_word' id='word_1_575' title='bbox 255 4542 397 4609; x_wconf 73' lang='lat' dir='ltr'>retractio</span> <span class='ocrx_word' id='word_1_576' title='bbox 421 4545 592 4609; x_wconf 88' lang='lat' dir='ltr'>oleositatis</span> <span class='ocrx_word' id='word_1_577' title='bbox 617 4553 665 4606; x_wconf 87' lang='lat' dir='ltr'>est</span> <span class='ocrx_word' id='word_1_578' title='bbox 689 4544 833 4607; x_wconf 81' lang='lat' dir='ltr'>affectio?</span> <span class='ocrx_word' id='word_1_579' title='bbox 857 4545 901 4604; x_wconf 85' lang='lat' dir='ltr'>At</span> <span class='ocrx_word' id='word_1_580' title='bbox 924 4543 994 4622; x_wconf 89' lang='lat' dir='ltr'>quid</span> <span class='ocrx_word' id='word_1_581' title='bbox 1019 4543 1189 4605; x_wconf 85' lang='lat' dir='ltr'>oleositatis</span> <span class='ocrx_word' id='word_1_582' title='bbox 1214 4546 1244 4607; x_wconf 91' lang='lat' dir='ltr'>iu</span> <span class='ocrx_word' id='word_1_583' title='bbox 1269 4546 1420 4608; x_wconf 60' lang='lat' dir='ltr'>tonnus?</span> <span class='ocrx_word' id='word_1_584' title='bbox 1449 4549 1534 4612; x_wconf 86' lang='lat' dir='ltr'>Num</span> <span class='ocrx_word' id='word_1_585' title='bbox 1559 4550 1628 4613; x_wconf 80' lang='lat' dir='ltr'>sor·</span> 
     </span>
     <span class='ocr_line' id='line_1_53' title="bbox 256 4630 1630 4718; baseline 0.003 -20"><span class='ocrx_word' id='word_1_586' title='bbox 256 4643 340 4698; x_wconf 89' lang='lat' dir='ltr'>tasse</span> <span class='ocrx_word' id='word_1_587' title='bbox 363 4632 576 4697; x_wconf 86' lang='lat' dir='ltr'>lentitudinis?</span> <span class='ocrx_word' id='word_1_588' title='bbox 599 4636 645 4697; x_wconf 86' lang='lat' dir='ltr'>At</span> <span class='ocrx_word' id='word_1_589' title='bbox 660 4633 709 4713; x_wconf 92' lang='lat' dir='ltr'>qui</span> <span class='ocrx_word' id='word_1_590' title='bbox 728 4633 874 4695; x_wconf 89' lang='lat' dir='ltr'>lentitudo</span> <span class='ocrx_word' id='word_1_591' title='bbox 889 4632 918 4693; x_wconf 91' lang='lat' dir='ltr'>in</span> <span class='ocrx_word' id='word_1_592' title='bbox 935 4630 1041 4709; x_wconf 88' lang='lat' dir='ltr'>spiritu</span> <span class='ocrx_word' id='word_1_593' title='bbox 1055 4631 1140 4693; x_wconf 78' lang='lat' dir='ltr'>vini?</span> <span class='ocrx_word' id='word_1_594' title='bbox 1164 4631 1250 4703; x_wconf 89' lang='lat' dir='ltr'>Quae</span> <span class='ocrx_word' id='word_1_595' title='bbox 1270 4635 1342 4697; x_wconf 89' lang='lat' dir='ltr'>item</span> <span class='ocrx_word' id='word_1_596' title='bbox 1364 4638 1524 4718; x_wconf 91' lang='lat' dir='ltr'>proportio</span> <span class='ocrx_word' id='word_1_597' title='bbox 1545 4638 1630 4702; x_wconf 86' lang='lat' dir='ltr'>iuter</span> 
     </span>
     <span class='ocr_line' id='line_1_54' title="bbox 257 4721 1625 4801; baseline 0.004 -17"><span class='ocrx_word' id='word_1_598' title='bbox 257 4724 399 4784; x_wconf 75' lang='lat' dir='ltr'>fonmuae</span> <span class='ocrx_word' id='word_1_599' title='bbox 419 4730 451 4783; x_wconf 91' lang='lat' dir='ltr'>et</span> <span class='ocrx_word' id='word_1_600' title='bbox 470 4724 581 4785; x_wconf 90' lang='lat' dir='ltr'>succini</span> <span class='ocrx_word' id='word_1_601' title='bbox 603 4721 813 4795; x_wconf 89' lang='lat' dir='ltr'>lentitudines,</span> <span class='ocrx_word' id='word_1_602' title='bbox 834 4740 910 4800; x_wconf 89' lang='lat' dir='ltr'>quae</span> <span class='ocrx_word' id='word_1_603' title='bbox 931 4739 996 4781; x_wconf 88' lang='lat' dir='ltr'>curu</span> <span class='ocrx_word' id='word_1_604' title='bbox 1017 4721 1209 4801; x_wconf 86' lang='lat' dir='ltr'>proportione</span> <span class='ocrx_word' id='word_1_605' title='bbox 1229 4723 1445 4787; x_wconf 77' lang='lat' dir='ltr'>refractionem</span> <span class='ocrx_word' id='word_1_606' title='bbox 1472 4725 1513 4790; x_wconf 79' lang='grc'>12</span> <span class='ocrx_word' id='word_1_607' title='bbox 1534 4735 1569 4790; x_wconf 90' lang='lat' dir='ltr'>et</span> <span class='ocrx_word' id='word_1_608' title='bbox 1581 4723 1625 4790; x_wconf 76' lang='grc'>21</span> 
     </span>
     <span class='ocr_line' id='line_1_55' title="bbox 257 4809 1631 4893; baseline 0.004 -21"><span class='ocrx_word' id='word_1_609' title='bbox 257 4809 423 4890; x_wconf 87' lang='lat' dir='ltr'>comparari</span> <span class='ocrx_word' id='word_1_610' title='bbox 443 4812 564 4889; x_wconf 89' lang='lat' dir='ltr'>possit?</span> <span class='ocrx_word' id='word_1_611' title='bbox 587 4809 725 4890; x_wconf 84' lang='lat' dir='ltr'>Denique</span> <span class='ocrx_word' id='word_1_612' title='bbox 745 4829 811 4871; x_wconf 90' lang='lat' dir='ltr'>cum</span> <span class='ocrx_word' id='word_1_613' title='bbox 835 4809 894 4870; x_wconf 80' lang='lat' dir='ltr'>vini</span> <span class='ocrx_word' id='word_1_614' title='bbox 914 4818 945 4870; x_wconf 90' lang='lat' dir='ltr'>et</span> <span class='ocrx_word' id='word_1_615' title='bbox 965 4810 1044 4870; x_wconf 89' lang='lat' dir='ltr'>aceti</span> <span class='ocrx_word' id='word_1_616' title='bbox 1068 4810 1266 4873; x_wconf 84' lang='lat' dir='ltr'>refractiores</span> <span class='ocrx_word' id='word_1_617' title='bbox 1285 4815 1377 4893; x_wconf 90' lang='lat' dir='ltr'>paulo</span> <span class='ocrx_word' id='word_1_618' title='bbox 1398 4815 1522 4880; x_wconf 87' lang='lat' dir='ltr'>varient</span> <span class='ocrx_word' id='word_1_619' title='bbox 1541 4824 1631 4880; x_wconf 89' lang='lat' dir='ltr'>utet</span> 
     </span>
     <span class='ocr_line' id='line_1_56' title="bbox 258 4897 1630 4978; baseline 0.007 -20"><span class='ocrx_word' id='word_1_620' title='bbox 258 4917 364 4978; x_wconf 86' lang='lat' dir='ltr'>aquae,</span> <span class='ocrx_word' id='word_1_621' title='bbox 385 4897 526 4961; x_wconf 76' lang='lat' dir='ltr'>retractio</span> <span class='ocrx_word' id='word_1_622' title='bbox 542 4918 599 4961; x_wconf 90' lang='lat' dir='ltr'>nou</span> <span class='ocrx_word' id='word_1_623' title='bbox 616 4909 665 4961; x_wconf 90' lang='lat' dir='ltr'>est</span> <span class='ocrx_word' id='word_1_624' title='bbox 679 4898 820 4959; x_wconf 89' lang='lat' dir='ltr'>accidens</span> <span class='ocrx_word' id='word_1_625' title='bbox 840 4898 998 4978; x_wconf 87' lang='lat' dir='ltr'>specificae</span> <span class='ocrx_word' id='word_1_626' title='bbox 1014 4898 1118 4961; x_wconf 87' lang='lat' dir='ltr'>horum</span> <span class='ocrx_word' id='word_1_627' title='bbox 1132 4899 1287 4963; x_wconf 90' lang='lat' dir='ltr'>humerum</span> <span class='ocrx_word' id='word_1_628' title='bbox 1307 4902 1512 4967; x_wconf 79' lang='lat' dir='ltr'>differentiae.</span> <span class='ocrx_word' id='word_1_629' title='bbox 1538 4904 1630 4967; x_wconf 80' lang='lat' dir='ltr'>Haec</span> 
     </span>
     <span class='ocr_line' id='line_1_57' title="bbox 258 4986 1630 5074; baseline 0.011 -27"><span class='ocrx_word' id='word_1_630' title='bbox 258 4994 291 5048; x_wconf 85' lang='lat' dir='ltr'>et</span> <span class='ocrx_word' id='word_1_631' title='bbox 309 4986 371 5050; x_wconf 86' lang='lat' dir='ltr'>alia</span> <span class='ocrx_word' id='word_1_632' title='bbox 388 4987 482 5050; x_wconf 89' lang='lat' dir='ltr'>multa</span> <span class='ocrx_word' id='word_1_633' title='bbox 501 4989 680 5070; x_wconf 83' lang='lat' dir='ltr'>suppeditat</span> <span class='ocrx_word' id='word_1_634' title='bbox 700 4986 774 5051; x_wconf 90' lang='lat' dir='ltr'>mihi</span> <span class='ocrx_word' id='word_1_635' title='bbox 794 4987 1013 5051; x_wconf 86' lang='lat' dir='ltr'>consideranda</span> <span class='ocrx_word' id='word_1_636' title='bbox 1032 4986 1147 5050; x_wconf 87' lang='lat' dir='ltr'>tabella</span> <span class='ocrx_word' id='word_1_637' title='bbox 1166 4996 1228 5051; x_wconf 80' lang='lat' dir='ltr'>tua</span> <span class='ocrx_word' id='word_1_638' title='bbox 1263 4988 1430 5074; x_wconf 81' lang='lat' dir='ltr'>Reliquisti</span> <span class='ocrx_word' id='word_1_639' title='bbox 1449 5011 1501 5058; x_wconf 86' lang='lat' dir='ltr'>ms</span> <span class='ocrx_word' id='word_1_640' title='bbox 1520 5002 1630 5062; x_wconf 81' lang='lat' dir='ltr'>tamea</span> 
     </span>
    </p>
   </div>
   <div class='ocr_carea' id='block_1_5' title="bbox 0 0 1872 5842">
    <p class='ocr_par' dir='ltr' id='par_1_8' title="bbox 0 0 1872 5842">
     <span class='ocr_line' id='line_1_58' title="bbox 0 0 1872 5842; baseline 0 0"><span class='ocrx_word' id='word_1_641' title='bbox 0 0 1872 5842; x_wconf 95' lang='lat' dir='ltr'> </span> 
     </span>
    </p>
   </div>
  </div>
 </body>
</html>
