3692 5842
614 500 658 536 ..a
675 484 811 539 neamus
832 486 858 536 ra
876 484 934 541 sora
952 487 1024 537 ama
1435 486 1499 555 θοι

147 658 237 721 biduo
260 668 292 723 et
315 657 459 740 am'plius,
491 663 661 726 sedetiam
685 664 805 727 Pascha
832 663 954 744 saepius
987 661 1142 725 statuebat
1166 668 1236 724 ante
1266 664 1496 744 aequinoctium.

145 749 228 812 Sane
252 750 308 812 hoc
332 750 481 829 posterius
505 751 667 815 etiamnum
691 761 826 833 tempore
850 750 1043 816 Constantini
1068 751 1299 815 committebant
1318 753 1439 832 Iudaei,
1465 763 1500 820 ut

145 838 240 920 liquet
263 858 301 901 ex
324 838 453 919 epistola
476 838 668 904 Constantini
692 842 729 903 de
753 841 904 905 Paschate
928 850 961 904 et
984 860 1022 902 ex
1045 840 1113 903 aliis
1137 840 1300 921 Epiphanii
1325 843 1408 907 locis.

233 926 295 990 Sed
319 930 356 989 ad
381 947 462 990 rem:
487 928 575 994 VIII.
596 929 663 995 Cal.
679 931 797 1011 Aprilis
817 929 972 1004 Christum
996 929 1115 1011 quidam
1140 930 1353 1007 resurrexisse,
1377 934 1499 1014 quidam

145 1017 265 1098 linguae
295 1018 382 1112 lapsp
411 1036 533 1098 passum
565 1038 634 1082 esse
658 1028 690 1083 et
712 1021 756 1083 sic
779 1020 900 1083 Pascha
922 1021 1057 1083 ultimum
1083 1018 1256 1083 Christian
1281 1020 1330 1083 die
1353 1021 1498 1087 incidisse

144 1106 293 1181 dixerunt,
318 1107 424 1187 diuque
448 1108 607 1172 admodum
630 1110 752 1172 Pascha
774 1110 864 1172 fixum
887 1110 943 1172 hoc
967 1109 1014 1171 die
1039 1105 1092 1172 25.
1116 1108 1221 1172 Martii
1245 1106 1329 1171 Galli
1356 1111 1496 1176 celebra-

145 1204 217 1258 runt
247 1215 342 1276 usque
374 1204 445 1275 poet
476 1205 615 1276 tempora
646 1198 764 1262 concilii
796 1199 912 1261 Niceni.
959 1197 1075 1261 Eodem
1104 1197 1152 1260 die
1175 1197 1265 1261 VIII.
1291 1196 1359 1262 Cal.
1382 1202 1499 1281 Aprilis

145 1293 324 1366 conceptum
347 1305 416 1348 esse
438 1286 467 1347 in
491 1296 577 1349 utero
600 1287 720 1365 Matris,
744 1289 908 1352 hauserunt
932 1289 980 1350 vel
1004 1307 1042 1349 ex
1062 1286 1277 1370 Chryaostomo
1301 1289 1349 1350 vel
1373 1307 1410 1352 ex
1432 1291 1499 1354 Ro-

144 1374 244 1437 manis
275 1375 503 1455 antiquioribus.
548 1378 665 1439 Eodem
688 1378 737 1440 die
765 1385 798 1440 et
828 1378 969 1442 mnndum
1000 1377 1152 1440 conditum
1184 1397 1252 1439 esse
1282 1377 1396 1457 opinati
1429 1388 1500 1443 sunt

143 1473 248 1545 patres
279 1464 386 1546 synodi
419 1465 612 1528 Palaestinae
643 1489 662 1529 a
693 1467 860 1547 Theophila
895 1466 1090 1547 congregati;
1127 1477 1160 1528 ut
1198 1467 1291 1547 liquet
1321 1487 1365 1530 ex
1397 1488 1498 1534 eorum

145 1553 906 1725 11111ιέ0111·..1115311111111
929 1554 1499 1726 111.11111111111.1Π1;

143 1731 322 1796 Eusebium.
362 1731 439 1797 Cum
462 1733 563 1815 itaque
588 1733 640 1800 25.
660 1736 764 1798 Martii
788 1738 826 1798 ab
845 1733 1084 1798 occidentalibus
1107 1753 1161 1814 pro
1179 1733 1313 1816 principe
1336 1735 1383 1798 die
1408 1737 1500 1799 fuerit

144 1820 281 1890 habitus,
310 1820 380 1903 quid
403 1821 517 1899 mimm,
542 1843 645 1888 eorum
668 1844 873 1889 successorem
897 1824 1075 1905 scriptorem
1097 1823 1262 1886 Annalium
1286 1821 1436 1888 Gallicum
1460 1845 1498 1890 ex

145 1929 183 1974 ea
205 1909 254 1972 die
277 1909 408 1992 incipere
437 1914 569 1976 annum?
603 1915 664 1977 Vel
691 1921 773 1977 certe
797 1933 835 1976 ex
857 1933 895 1976 ea
918 1914 966 1976 die
989 1912 1152 1975 Paschatis
1180 1910 1318 1989 mobilis,
1351 1915 1430 1996 quod
1454 1914 1498 1978 cis

144 2006 177 2062 et
199 1999 280 2062 ultra
302 2000 380 2063 hunc
403 2001 482 2064 diem
505 2001 636 2066 incidere
659 2004 748 2067 solet.
799 2043 802 2048 -

146 2114 151 2126 ·
231 2088 499 2154 Evidentissimnm
533 2112 604 2155 vero
637 2093 749 2157 habent
779 2097 986 2172 argumentum
1008 2089 1068 2169 ipsi
1098 2088 1166 2151 anni
1196 2090 1417 2154 Incamationis
1444 2111 1499 2157 seu

142 2177 269 2258 vulgata
298 2198 384 2256 aera,
419 2199 479 2259 qua
501 2181 590 2244 hodie
618 2183 728 2245 utimur
760 2200 876 2264 quaque
900 2186 932 2242 et
954 2179 1087 2259 scriptor
1115 2176 1224 2241 Gallus
1254 2187 1303 2242 est
1330 2200 1421 2255 usus,
1453 2183 1500 2246 illi

143 2267 292 2348 siqnidem
325 2268 363 2330 ab
396 2277 518 2333 auctore
551 2291 604 2334 suo
633 2271 779 2353 Dionysio
812 2270 996 2350 putabantur
1028 2268 1158 2347 genuina
1190 2269 1311 2340 notione
1341 2270 1425 2332 vocis
1457 2273 1496 2356 ab

142 2356 366 2433 Incarnatione,
391 2359 448 2421 hoc
467 2368 516 2422 est
533 2380 552 2421 a
567 2358 771 2441 Conceptioue
793 2359 917 2434 Christi,
942 2358 1106 2438 posteritas
1128 2376 1200 2419 vero
1225 2358 1354 2438 decepta
1376 2361 1498 2440 putavit

142 2445 324 2528 Dionysium·
345 2467 501 2511 numerare
525 2450 594 2511 illos
618 2469 712 2512 annos
731 2448 935 2513 aNativitate
955 2444 1069 2509 Christi
1080 2466 1089 2521 ;
1113 2446 1171 2508 nisi
1194 2446 1273 2509 enim
1293 2448 1497 2512 aNativitate

142 2544 383 2608 numerarentur,
398 2536 539 2601 Christus
562 2546 651 2601 natus
671 2547 755 2602 esset
772 2559 850 2602 anno
863 2537 986 2600 Julianc
1000 2530 1054 2599 46.
1074 2534 1252 2599 Decembri·
1280 2537 1371 2599 Anno
1394 2537 1498 2620 itaque

144 2620 200 2687 74.
224 2623 401 2702 Decembri,
425 2626 510 2706 cujus
532 2629 725 2708 praecedenti
749 2626 920 2708 Septembri
944 2624 1104 2687 finiebatur
1130 2623 1179 2688 15.
1205 2624 1331 2701 Tiberii,
1357 2624 1498 2691 Christus

143 2714 265 2776 demum
288 2712 462 2778 inchoasset
485 2736 594 2779 annum
618 2715 675 2791 29,
700 2719 777 2800 quod
801 2716 983 2780 contrarium
1011 2713 1170 2777 videbatur
1192 2713 1423 2795 Evangelistac,
1447 2718 1499 2797 qui

140 2804 263 2866 videtur
292 2803 459 2881 affirmare,
485 2804 637 2870 Christum
666 2826 743 2869 anno
775 2805 825 2870 15.
850 2804 963 2867 Tiberii
995 2802 1153 2866 inchoasse
1181 2821 1291 2865 annum
1313 2801 1367 2868 30.
1413 2806 1498 2869 Haec

140 2893 247 2973 itaque
271 2911 364 2955 causa
387 2893 456 2969 fuit,
488 2913 541 2958 cur
563 2895 707 2978 Dionysio
730 2894 915 2977 posteriores
939 2911 1033 2955 annos
1057 2911 1146 2954 aerae
1169 2891 1390 2975 Dionysianae,
1422 2915 1497 2977 quos

141 2982 196 3046 ille
219 2990 430 3046 numeraverat
452 2985 491 3048 ab
514 2985 728 3062 incarnatione,
752 2983 976 3048 numeraverint
1000 2980 1214 3057 aNativitate‚
1238 2990 1272 3044 ut
1293 2983 1338 3045 sic
1356 2982 1502 3068 Dionysii

142 3090 248 3135 aeram
271 3073 534 3155 quomodocunque
558 3075 753 3138 conciliarent
776 3073 842 3140 cnm
864 3074 905 3137 Ι).-
928 3072 1013 3134 Luca
1034 3070 1247 3152 Evangelista‚
1277 3072 1314 3133 de
1343 3072 1431 3136 annis
1454 3071 1499 3139 30

143 3160 337 3241 incompletis
360 3169 392 3224 et
418 3159 457 3227 15
487 3161 599 3226 'liberii
628 3165 786 3244 completis
810 3161 983 3226 intellectis.
1020 3160 1108 3225 Unde
1132 3160 1314 3311 sequebpnr
1336 3169 1370 3224 ut
1393 3162 1422 3238 ii,
1448 3164 1498 3244 qui

143 3249 284 3332 Dionysii
306 3258 439 3314 mentem
462 3253 644 3328 retinebant,
667 3273 768 3317 aeram
784 3251 898 3317 Christi
922 3250 1099 3314 inchoarent
1121 3250 1159 3311 ab
1183 3249 1244 3311 Vll
1263 3296 1271 3312 .
1289 3248 1355 3313 Cal.
1370 3251 1498 3333 Aprilis,

142 3338 196 3421 qui
218 3357 290 3402 vero
314 3359 381 3403 eam
414 3340 504 3405 aliter
535 3344 829 3423 interpretabantur,
861 3342 900 3404 ab
923 3340 1011 3404 VIII.
1037 3337 1103 3404 Cal.
1125 3336 1197 3401 Jan.
1221 3340 1438 3418 praecedente,
1462 3361 1497 3404 eo

144 3428 225 3510 quod
247 3436 381 3509 tempore
403 3430 544 3513 Dionysii
569 3440 722 3512 receptum
746 3440 827 3507 erat,
850 3429 1006 3494 Christum
1034 3436 1209 3509 conceptum
1233 3427 1351 3507 quidem
1375 3448 1442 3492 esse
1466 3438 1498 3492 et

140 3518 333 3582 incarnatum
357 3519 445 3583 VIII.
471 3519 538 3584 Cal.
561 3522 670 3601 April„
688 3529 798 3585 ¹natum
821 3539 891 3583 vero
915 3518 1004 3582 VIII.
1031 3517 1097 3582 Cal.
1121 3515 1270 3580 Ianuarii.

232 3607 338 3671 Putari
373 3627 444 3672 vero
482 3630 577 3672 annm
610 3609 726 3675 Christi
755 3609 957 3693 Dionysiacos
989 3607 1085 3687 primo
1121 3604 1252 3668 auctoris
1285 3604 1425 3669 instituto
1457 3608 1497 3671 ab

140 3697 354 3762 incarnatione
384 3706 416 3760 et
445 3695 736 3764 arcaturiam
768 3700 838 3763 anni
865 3696 980 3764 Juliani
1008 3692 1072 3770 46,
1103 3712 1162 3758 non
1193 3712 1267 3756 uero
1291 3716 1311 3757 a
1334 3692 1402 3759 Cal.
1425 3697 1496 3760 Jan.

139 3785 410 3869 praecedentibus,
442 3788 573 3851 affirmat
595 3790 727 3853 Lucidus
751 3797 783 3852 et
810 3808 866 3869 ego
898 3787 991 3870 probo
1015 3805 1053 3848 ex
1076 3805 1130 3861 ec,
1160 3784 1241 3865 quod
1261 3784 1425 3868 Dionysius
1449 3795 1496 3850 tot

135 3876 204 3959 jam
228 3875 339 3939 seculis
362 3897 382 3939 a
405 3874 527 3942 Christo
550 3879 664 3960 elapsis
686 3882 798 3960 primus
822 3878 886 3953 luit,
911 3877 960 3957 qui
980 3873 1166 3939 asententia
1189 3881 1323 3937 veterum
1346 3876 1495 3940 ecclesiae

139 3964 322 4046 scriptorum
346 3965 482 4043 descivit,
507 3968 683 4050 principium
707 3988 796 4032 aerae
821 3966 935 4031 Christi
959 3973 1139 4029 connectens
1163 3981 1221 4025 non
1245 3983 1311 4027 cnm
1336 3959 1389 4027 42.
1415 3985 1493 4028 anno

141 4053 277 4135 Augusti
301 4073 354 4116 sen
379 4074 446 4119 cnm
475 4058 620 4137 principio
643 4054 698 4121 44.
722 4058 849 4131 Juliani,
875 4064 907 4119 ut
930 4064 1050 4120 veteres
1074 4071 1183 4133 magno
1206 4071 1327 4116 numero
1358 4054 1493 4117 affirma-

139 4154 221 4218 runt,
246 4162 320 4225 quoe
344 4144 411 4207 vide
445 4147 524 4228 apud
546 4148 727 4223 Baronium;
761 4147 815 4210 sed
837 4144 994 4210 transtulit
1016 4145 1089 4208 illud
1112 4144 1142 4205 in
1165 4136 1218 4208 46.
1240 4141 1404 4206 Julianum.
1446 4144 1495 4207 Ex

141 4253 202 4315 quo
225 4241 363 4314 apparet,
378 4234 555 4318 Dionysium
569 4255 626 4298 non
641 4238 812 4320 respexisse
827 4236 865 4298 ad
885 4254 1060 4316 expressum
1074 4233 1104 4296 in
1118 4231 1318 4312 Evangelista
1341 4251 1494 4297 numerum

139 4319 185 4389 30
209 4321 362 4393 annornm.
387 4324 535 4405 adquam
559 4334 679 4389 veteres
702 4333 912 4406 respexerant,
937 4324 990 4386 sed
1014 4324 1082 4385 aliis
1107 4322 1291 4401 argumentis
1315 4342 1402 4386 usum
1426 4343 1493 4386 esse

139 4413 181 4476 ad
203 4420 296 4493 caput
318 4412 398 4475 illius
422 4433 494 4476 suae
518 4422 551 4476 et
573 4424 695 4478 nostrae
719 4434 808 4478 aerae
840 4413 1094 4492 investigandum.
1140 4412 1361 4492 Argumentum
1393 4421 1493 4476 autem

139 4503 206 4584 ejus
236 4502 293 4564 hoc
326 4501 419 4565 luisse
452 4503 560 4584 colligo
593 4524 630 4566 ex
662 4514 772 4567 eventu
803 4502 1045 4565 ratiocinationis
1078 4501 1175 4582 hujus.
1231 4502 1394 4583 Dionysius
1427 4522 1492 4564 cum

141 4590 362 4673 Chrysostomo
387 4590 541 4657 Christum
574 4602 678 4658 natum
708 4594 837 4658 credidit
860 4589 913 4655 25.
938 4590 1115 4655 Decembris
1138 4592 1166 4653 in
1196 4590 1328 4653 solstitio
1358 4589 1491 4666 hiberno,

138 4690 173 4745 et
195 4691 373 4763 conceptum
388 4702 493 4746 novem
517 4685 669 4748 mensibus
690 4693 771 4759 ante,
786 4681 838 4747 25.
855 4683 960 4745 Martii
975 4683 1004 4743 in
1024 4680 1213 4761 aequinoctio
1236 4679 1360 4743 yemali.
1397 4679 1492 4742 Porro
1575 4763 1577 4769 Ι

139 4770 237 4834 series
261 4772 407 4834 historiae
430 4770 632 4853 Evangelicae
661 4772 808 4849 ostendit,
831 4770 1002 4834 iohannem
1024 4789 1080 4832 sex
1103 4770 1222 4832 circiter
1245 4769 1396 4832 mensibus
1420 4777 1491 4832 aute

140 4859 295 4927 Christum
320 4860 412 4923 luisse
436 4870 620 4942 conceptum.
648 4865 731 4946 Ergo
755 4862 946 4943 sequebatur,
971 4869 1146 4941 conceptum
1170 4878 1237 4921 esse
1256 4860 1287 4921 in
1302 4858 1490 4939 aequinoctio

139 4949 318 5014 autumnali.
364 4951 451 5012 Hanc
475 4953 511 5013 de
535 4952 640 5016 Natali
668 4956 696 5017 in
721 4952 773 5017 25.
797 4951 972 5013 Decembris
1000 4950 1133 5014 nonnulli
1162 4949 1398 5011 vetustissimam
1422 4957 1488 5012 tra-

139 5039 283 5103 ditionem
308 5036 429 5115 iaciunt,
454 5042 645 5123 referuntque
669 5051 748 5120 teste
765 5042 936 5121 Nicephoro
961 5042 990 5105 in
1009 5040 1158 5104 Evodium
1174 5040 1209 5101 D.
1230 5039 1313 5102 Petri
1335 5059 1490 5123 conponor

218 5143 436 5197 ιηιιιιομιιιι
1243 5143 1275 5196 ol
