3692 5842
258 462 325 531 472
681 465 783 516 litem
800 465 904 531 Kepleri
922 467 1073 533 altomqns
1089 473 1193 519 mntnu

259 641 314 703 sub
338 642 476 704 manibus
500 660 577 715 esse,
597 642 732 722 jucunda
755 640 825 702 mihi
849 640 981 704 auditio:
1010 644 1064 704 sed
1094 645 1234 707 festiuum
1257 646 1368 724 juxta,
1396 652 1486 706 tanto
1516 645 1596 725 ipson

258 730 359 791 studio
383 731 439 792 sibi
463 748 570 791 cavere
592 752 611 791 a
630 731 857 809 personalibus:
882 731 969 809 qnasi
983 751 1032 792 res
1054 733 1095 794 sit
1117 734 1254 795 scandali
1276 736 1368 814 plena
1386 741 1420 795 et
1439 752 1508 795 curn
1527 737 1597 813 peri·

257 819 324 881 culo
348 819 519 899 conjuncta,
543 820 696 899 autquasi
719 818 903 899 argumentis
919 820 982 880 suis
1001 821 1154 883 infamiam
1174 822 1312 901 personis
1326 822 1371 884 sit
1387 822 1598 884 conciliatums.

254 907 332 971 Dico
356 928 412 988 ego
435 907 547 982 Mario,
570 928 628 969 non
652 909 815 988 Keplerum
844 915 961 969 tautum
984 917 1016 970 et
1040 908 1227 986 Galilaenm,
1256 911 1312 973 sed
1338 911 1502 991 plerosque
1524 912 1600 973 hodie

255 998 486 1059 mathematicos
510 1017 549 1057 ex
567 997 605 1059 iis
628 998 677 1077 qui
692 997 805 1076 aliquid
819 1016 908 1058 curae
932 1008 1047 1077 ponunt
1066 998 1095 1061 in
1115 1019 1172 1062 sua
1193 1001 1392 1079 professione,
1415 1000 1602 1080 pbilosopho-

255 1106 319 1149 rum
338 1086 596 1167 profundissimos,
622 1088 765 1165 plurimos
786 1086 928 1159 medicos,
952 1106 1009 1148 non
1028 1107 1141 1167 paucos
1159 1088 1395 1169 jureconsultos,
1420 1088 1472 1168 qni
1495 1091 1604 1151 scilieet

254 1176 331 1237 baec
354 1175 456 1237 studia
478 1175 557 1235 inter
579 1175 703 1237 delicias
726 1175 868 1253 privatim
892 1176 1017 1248 habent,
1044 1195 1098 1238 uec
1122 1178 1219 1239 minos
1241 1197 1280 1239 ex
1307 1178 1461 1256 theologis
1483 1178 1603 1257 aliquos,

252 1282 346 1346 penes
361 1282 408 1325 me
422 1263 452 1324 in
476 1271 632 1324 numerato
652 1283 730 1338 esse,
755 1262 822 1324 huic
842 1264 959 1324 haeresi
975 1263 1151 1327 mobilitatis
1166 1267 1278 1327 Terrae
1301 1265 1452 1328 addictos.
1492 1265 1605 1328 Vellem

253 1352 354 1432 igitur,
378 1352 494 1413 bfarius
523 1352 714 1414 refutationis
737 1371 810 1413 suae
838 1352 996 1413 materiam
1023 1353 1135 1416 babere
1163 1361 1268 1433 posset
1290 1374 1329 1417 ex
1350 1354 1456 1418 libello
1484 1375 1551 1417 meo
1572 1357 1605 1417 dc

253 1441 409 1521 principiis
433 1441 646 1513 astronomiae,
669 1460 756 1522 quem
779 1441 818 1501 ad
843 1440 1041 1502 imitationem
1064 1443 1133 1505 libri
1151 1443 1177 1503 I.
1202 1441 1436 1521 Sphaerieorum
1455 1444 1607 1506 maara

253 1528 446 1599 concinnari3
470 1529 524 1589 sed
547 1548 637 1591 unum
661 1531 756 1590 solum
780 1530 948 1608 exemplum
976 1529 1072 1592 babeo
1096 1531 1185 1604 (dicit
1207 1531 1255 1592 bis
1278 1530 1430 1611 Keplerns
1453 1531 1606 1611 Epitornes

253 1638 327 1681 snae
349 1617 566 1679 Astronomiae
590 1616 816 1698 Oopernicanae
846 1625 978 1697 partem,
1009 1638 1098 1697 quarn
1128 1638 1206 1681 anno
1235 1620 1352 1681 demum
1384 1617 1473 1684 1618
1500 1621 1606 1701 publici

247 1706 327 1785 juris
354 1706 451 1781 fecit).
499 1706 637 1767 Inveniet
659 1708 775 1769 Marius
804 1707 882 1788 quod
912 1706 1024 1769 refutet
1050 1707 1080 1770 in
1108 1708 1167 1770 mei
1196 1706 1412 1771 commentarii
1443 1709 1482 1771 de
1509 1710 1606 1773 nure

251 1795 482 1870 introductione,
507 1797 669 1857 summaria
691 1796 808 1857 ratione
827 1796 865 1856 ob
889 1796 992 1856 oculos
1014 1797 1163 1876 positum;
1188 1816 1295 1859 nervos
1319 1805 1419 1858 umen
1445 1818 1605 1878 argumen-

251 1894 350 1947 torum
381 1904 437 1965 per
467 1884 536 1964 ipsa
572 1885 788 1946 commentaria
817 1903 940 1963 sparsos
972 1894 1094 1965 oportet
1123 1894 1157 1946 nt
1186 1886 1357 1947 consideret
1384 1887 1485 1965 juxta.
1535 1887 1606 1950 Com

250 1975 345 2036 sacris
378 1991 435 2053 ego
465 1993 523 2034 uno
556 1973 648 2035 verbo
678 1974 831 2052 transigo:
863 1973 900 2033 de
940 1974 1161 2036 mathematicis
1194 1975 1370 2055 loquuntur,
1407 1995 1468 2037 non
1501 1976 1607 2038 docent

251 2061 488 2135 mathematica3
521 2062 681 2143 loquuntur
711 2070 830 2137 autem,
863 2069 896 2122 ut
919 2063 987 2144 capi
1020 2064 1157 2143 possint,
1191 2063 1222 2125 id
1245 2072 1293 2126 est
1315 2084 1455 2126 sermone
1485 2065 1605 2128 usitato.

252 2152 426 2215 semirasi
449 2152 596 2213 sermonis
619 2151 766 2230 magister
788 2150 884 2223 oculi;
909 2153 1011 2213 oculos
1035 2173 1107 2215 vero
1132 2153 1243 2231 decipi,
1268 2153 1371 2214 thema
1393 2162 1445 2216 est
1467 2155 1605 2235 opticnns

250 2240 314 2304 Sed
332 2241 434 2321 aliqua
451 2241 539 2320 hujus
553 2247 585 2301 et
599 2240 629 2300 in
645 2238 834 2301 Germanicis
849 2240 960 2301 libellis
980 2242 1054 2303 meis
1074 2251 1180 2303 contra
1198 2241 1375 2303 Roeslinnm
1401 2253 1433 2303 et
1447 2244 1603 2306 Feseliunt

338 2330 488 2410 Imprimis
512 2329 648 2409 gaudeo,
677 2328 799 2391 esseio
824 2326 1007 2403 Germania,
1040 2329 1089 2409 qni
1123 2349 1189 2391 cum
1211 2329 1291 2391 Italo
1316 2328 1460 2393 Galilaeo
1485 2332 1516 2394 in
1539 2351 1603 2394 cer-

251 2428 353 2483 tamen
376 2419 480 2481 veniat
502 2418 655 2499 aperiendi
678 2417 765 2479 nobis
789 2436 901 2479 arcana
924 2418 1089 2488 coelestia,
1121 2427 1155 2480 et
1186 2437 1260 2497 rogo
1283 2418 1372 2481 Dom.
1399 2420 1518 2495 Tuam,
1550 2422 1603 2483 sd·

249 2508 381 2571 horteris
404 2507 552 2582 Marium,
586 2514 619 2568 ut
646 2506 834 2568 obtrectandi
868 2507 1013 2581 affectus,
1051 2507 1131 2569 inter
1154 2507 1293 2569 nationes
1323 2509 1470 2584 usitatos,
1504 2521 1606 2573 tanta

248 2596 455 2677 diligentia
485 2595 680 2669 excludat,
715 2603 887 2676 quantum
920 2595 992 2656 sibi
1025 2597 1228 2658 cavendnm
1261 2597 1409 2659 statuit
1442 2600 1557 2679 prins
1586 2619 1604 2660 a

246 2685 532 2767 personalibus:
557 2682 697 2746 veritatis
721 2684 799 2745 enim
822 2702 871 2745 res
894 2684 1004 2763 agitur.

337 2774 496 2838 Galilaeus
534 2774 666 2852 Pragam
698 2771 820 2853 scripsit
851 2781 921 2834 ante
954 2792 1073 2835 menses
1106 2773 1240 2853 aliquot,
1273 2774 1397 2837 stellam
1429 2775 1517 2838 canis
1547 2795 1602 2839 nou

247 2864 384 2927 obtinere
418 2863 692 2944 quinquagesimam
724 2869 840 2942 partem
870 2862 907 2922 de
930 2861 1017 2924 Joris
1041 2861 1222 2942 quantitate.
1268 2860 1389 2942 Opinon
1420 2863 1544 2934 discos,
1573 2873 1603 2926 tt

246 2955 335 3028 solet,
361 2954 440 3015 inter
462 2972 495 3014 se
519 2959 685 3031 comparat,
710 2969 833 3032 quorum
858 2949 997 3012 diametri
1021 2960 1093 3013 sunt
1114 2951 1144 3011 in
1168 2952 1285 3013 ratione
1318 2955 1475 3033 septupla.
1522 2954 1602 3015 Ilaec

246 3051 319 3105 sunt
349 3041 440 3103 Marii
473 3041 612 3103 instituto
645 3041 735 3119 plane
768 3038 997 3101 consentientia.
1054 3040 1100 3101 De
1134 3039 1264 3101 Veneris
1297 3060 1411 3119 paoem
1446 3039 1600 3104 Galilaeus

245 3151 349 3193 mense
368 3129 531 3193 Nouembri
556 3150 622 3210 sup.
647 3129 716 3190 anni
741 3126 862 3206 scripsit
885 3129 1015 3206 Pragam
1040 3129 1179 3206 aenigma
1202 3128 1278 3202 (vid.
1302 3148 1331 3209 p.
1354 3126 1460 3204 465);
1491 3128 1601 3210 postd

247 3239 368 3282 menses
392 3221 510 3300 aperuit
533 3221 681 3298 aenigma.
726 3217 806 3277 Ecce
831 3236 1009 3278 consensum
1033 3218 1111 3278 inter
1135 3216 1306 3279 Galilacum
1332 3227 1364 3278 et
1387 3219 1530 3283 Marium

335 3308 466 3389 Oportet
479 3309 579 3370 Mario
594 3328 662 3369 esse
677 3305 930 3385 perfectissimum
947 3324 984 3366 ex
999 3307 1105 3384 Belgio
1121 3306 1361 3380 instrumentum,
1387 3327 1449 3387 qua
1465 3309 1600 3389 liquidem

247 3418 303 3479 ego
327 3417 431 3471 careo;
455 3417 524 3459 nam
548 3397 617 3458 Itali
640 3396 777 3476 perfecta
799 3414 855 3455 sna
878 3395 965 3455 nimis
990 3396 1163 3458 aestimant.
1212 3393 1337 3474 Opinon,
1362 3416 1422 3457 non
1446 3400 1599 3479 neglectu·

248 3508 313 3550 rum
337 3507 405 3549 esse
429 3487 558 3548 Marium
581 3492 809 3564 argumentum,
837 3483 914 3561 quod
939 3503 977 3544 ex
1000 3484 1057 3544 hac
1082 3484 1308 3546 illuminationis
1332 3485 1468 3549 Veneris
1492 3489 1601 3550 ratione

246 3576 395 3638 extruitur
417 3595 470 3656 pro
495 3573 671 3655 Copernico,
696 3572 823 3641 Braheo,
850 3572 938 3638 I'rso,
964 3571 1101 3651 Capella,
1127 3574 1205 3652 qnod
1221 3571 1381 3635 Galilaeus
1411 3577 1511 3638 rnnlta
1541 3596 1602 3638 cun

245 3665 413 3727 festivitate
438 3662 601 3742 explicarit
624 3662 720 3722 literis
743 3660 877 3733 Italicis,
911 3680 988 3739 quae
1012 3661 1238 3739 conjungentur,
1263 3671 1295 3723 nt
1320 3681 1425 3742 spero,
1451 3685 1521 3728 curn
1540 3685 1602 3727 mea

243 3754 409 3835 Dioptrice,
435 3771 509 3831 quae
524 3753 681 3830 Augustae
702 3749 888 3828 imprinritur.
928 3748 1042 3819 Quodsi
1069 3749 1188 3811 interim
1211 3751 1327 3813 consuli
1350 3761 1456 3830 potest
1480 3756 1601 3826 ilarius,

248 3842 441 3914 consolatum
474 3859 530 3919 ego
563 3839 642 3900 enim
670 3839 747 3899 banc
770 3839 916 3916 epistolae
941 3838 1096 3899 blarianae
1121 3839 1301 3917 particulam
1324 3840 1495 3921 adjungam
1517 3842 1603 3906 Geli-

246 3931 306 3993 laei
330 3931 435 4001 literis,
460 3929 516 3989 nisi
541 3929 692 3989 diversum
717 3927 831 3987 interea
853 3928 969 3987 Illarius
994 3947 1013 3987 a
1036 3947 1083 3988 me
1107 3928 1240 4006 petierit.

333 4018 435 4079 Velim
458 4018 555 4091 scire,
587 4036 626 4077 an
657 4025 689 4076 et
712 4016 741 4076 in
766 4015 897 4077 Saturno
921 4017 991 4076 nori
1015 4017 1084 4095 qnid
1110 4026 1259 4095 agnoscat
1282 4014 1424 4079 Marius?
1460 4011 1604 4075 Gratulor

244 4107 337 4170 etiam
360 4107 397 4168 de
424 4105 554 4167 inventis
578 4104 702 4165 duorum
724 4103 885 4166 Jorialinm
909 4105 1075 4167 satellitum
1099 4106 1242 4185 periodis.
1287 4105 1422 4187 Scripsit
1446 4101 1605 4165 Galilaeus

245 4194 391 4276 superiori
413 4193 590 4255 Decembri:
624 4212 713 4271 spero
742 4193 796 4254 che
820 4194 930 4254 harere
955 4203 1075 4256 trorato
1100 4195 1121 4256 iI
1144 4196 1264 4257 metcdo
1288 4204 1350 4257 etc.
1397 4195 1468 4275 Ego
1494 4194 1603 4257 mensi-

244 4287 301 4347 bus
324 4284 423 4363 Aprili
446 4292 479 4343 et
500 4282 585 4360 Majo
609 4281 809 4342 instrumento
833 4301 889 4342 non
915 4283 1003 4343 raldo
1028 4284 1199 4357 excellenti,
1226 4304 1284 4364 quo
1307 4304 1489 4365 supremum
1511 4285 1605 4346 raris·

242 4372 317 4435 sime
339 4391 461 4435 cernere
485 4370 589 4449 potui,
623 4371 776 4449 periodum
800 4372 1027 4450 pene-supremi
1051 4373 1202 4433 invenisse
1225 4373 1339 4435 videor.
1389 4373 1474 4436 Octo
1494 4374 1606 4435 diem

243 4461 342 4542 spatio
367 4460 521 4531 circumit;
547 4457 705 4518 Galilaeus
720 4476 858 4536 supremo
883 4460 957 4526 dies,
983 4460 1011 4519 ni
1037 4461 1133 4533 fallor,
1161 4459 1198 4523 15
1215 4462 1308 4523 dedit.
1325 4463 1468 4524 Inventis
1483 4463 1605 4524 duorum

242 4550 374 4611 motibus
397 4555 517 4628 oportet
540 4557 572 4608 et
595 4546 772 4624 reliquorum
804 4548 923 4608 tandem
953 4549 1079 4608 inueniri
1111 4568 1201 4628 posse
1226 4571 1282 4629 ope
1307 4552 1378 4613 boui
1404 4551 1604 4615 instrumenti.

328 4637 386 4687 linc
403 4650 481 4700 uque
499 4634 640 4698 Koplarns3
660 4634 762 4698 reliqua,
781 4648 846 4697 quse
863 4637 949 4685 insunt
966 4637 1003 4685 bis
1021 4637 1107 4694 literis,
1126 4639 1289 4704 astrologicae
1308 4638 1427 4691 Vickenii
1446 4644 1605 4708 quantiam

240 4710 358 4763 &neat
378 4721 460 4771 caque
478 4707 593 4771 leguntur
612 4704 668 4753 Vol.
686 4705 706 4752 I.
725 4720 750 4767 p.
769 4700 828 4752 368.

330 4778 464 4833 Marius,
493 4791 567 4841 aegra
594 4776 676 4824 ferens
694 4775 795 4838 Kepleri
823 4780 1012 4830 annotationes.
1041 4781 1107 4842 prins
1131 4780 1193 4829 forte
1212 4796 1256 4845 per
1274 4782 1428 4833 Yickeniurn
1454 4784 1548 4835 deinde
1564 4795 1605 4846 p«

240 4848 302 4898 dtas
323 4851 402 4905 ,mres
419 4847 597 4897 nobilisn'moe‘
617 4845 752 4908 Keplernrn
772 4846 834 4894 adiit
860 4852 997 4912 petiitque,
1026 4863 1054 4898 nt
1072 4859 1221 4902 remactaret
1247 4868 1324 4919 gnra
1343 4856 1376 4906 da
1395 4858 1451 4919 ipso
1476 4857 1602 4919 iareim

239 4918 351 4980 Οιω
368 4921 475 4969 mm
492 4919 592 4967 mne·
609 4925 733 4979 pemeus
751 4916 874 4979 Keplerns
893 4920 956 4969 haec
975 4921 1044 4970 dedit
1062 4919 1161 4971 llario:
