3692 5842
856 456 961 507 1-xn.
1521 456 1587 524 see

318 631 376 694 Hic
408 632 501 711 igitur
532 654 569 695 ex
605 634 797 715 proportione
828 634 881 695 BE
920 633 1089 696 altitudinis
1120 637 1158 695 ad
1193 635 1250 696 EII
1285 634 1419 696 umbram
1457 635 1587 699 habetur

227 720 393 783 declinatio
418 721 499 784 Solis
523 745 541 784 a
565 723 677 784 vertice
701 723 837 803 planitiei
856 725 924 784 BA.
963 724 1040 784 Nam
1066 732 1097 785 ut
1112 725 1166 785 ΒΕ
1190 726 1228 785 ad
1248 724 1306 784 EII
1328 724 1373 785 sic
1396 724 1479 785 siuns
1503 733 1587 787 totus

226 809 268 872 ad
293 819 468 888 tangentem
493 812 656 873 distantiae
681 813 762 874 Solis
786 834 804 873 a
828 813 941 874 vertice
964 813 1046 891 plani
1069 813 1147 874 BA:
1173 813 1202 873 id
1226 820 1275 874 est
1298 813 1399 893 anguli
1423 813 1518 877 ΕΒΗ.

319 897 379 970 Qui
403 919 473 962 vero
498 902 574 963 radii
599 900 680 962 Solis
704 903 817 962 cadunt
843 903 923 962 inter
947 902 1006 962 ΜΒ
1031 910 1063 963 ot
1087 902 1158 975 LD,
1188 901 1207 962 ii
1233 903 1261 963 in
1287 901 1455 962 densiorem
1485 904 1585 983 pellu-

225 987 328 1049 cidam
356 989 542 1068 superficiem
570 992 628 1052 BA
657 992 821 1052 incidentes
855 991 1055 1070 refringantur
1083 1010 1188 1051 versus
1221 991 1497 1070 perpendicularem
1520 992 1585 1067 BE,

226 1085 260 1138 et
284 1079 330 1139 sic
354 1079 414 1139 ΜΒ
438 1079 619 1158 refringatur
643 1080 672 1141 in
696 1079 755 1140 BG
779 1088 809 1140 et
834 1080 889 1140 LD
913 1079 941 1139 in
966 1081 1020 1142 DI.
1058 1080 1098 1140 Et
1123 1080 1178 1139 BD
1203 1088 1287 1140 trans
1311 1080 1488 1160 crystallum
1511 1100 1584 1161 pro-

225 1165 313 1246 jiciet
337 1167 471 1228 umbram
496 1168 524 1228 in
551 1168 595 1229 GI
618 1170 794 1230 breviorem.
842 1169 960 1230 Poterit
989 1178 1087 1230 antem
1119 1168 1211 1229 oculis
1236 1169 1335 1229 notari
1364 1169 1533 1247 quantitas,
1559 1170 1584 1231 si

226 1255 312 1334 prius
337 1256 445 1317 fundus
469 1257 568 1338 capuli
592 1257 707 1319 divisus
732 1259 820 1318 fuerit
844 1266 1015 1319 atramento
1037 1259 1065 1319 in
1082 1264 1185 1337 partes
1209 1266 1320 1318 certas.
1364 1257 1442 1318 Nam
1467 1276 1584 1338 corpus,

228 1344 309 1425 quod
336 1345 456 1406 fundum
481 1346 569 1424 tegit,
594 1354 642 1408 est
664 1347 855 1425 pellucidum.
915 1339 918 1347 ’

318 1434 448 1495 Rursum
482 1435 591 1513 Igitur,
625 1443 658 1496 ut
682 1436 735 1496 BE
769 1436 897 1497 altitudo
928 1435 966 1496 ad
990 1432 1048 1494 EG
1076 1434 1211 1495 umbram
1245 1432 1288 1493 sic
1321 1433 1403 1493 sinus
1438 1441 1520 1495 totus
1544 1436 1582 1496 ad

225 1529 405 1603 tangentem
429 1523 529 1602 anguli
551 1523 649 1586 EBG.
697 1523 860 1586 Subtracto
885 1532 983 1586 autem
1008 1522 1094 1584 EBG
1117 1524 1164 1584 hic
1193 1524 1314 1583 Invento
1338 1521 1375 1582 ab
1394 1522 1479 1584 ΕΒΗ
1501 1525 1585 1602 prius

226 1612 361 1685 Invento,
385 1621 484 1673 restat
508 1611 595 1674 GBH
624 1613 778 1693 quantitas
807 1614 909 1692 anguli
940 1612 1109 1675 retractent
1133 1613 1162 1672 in
1187 1611 1244 1672 hac
1272 1611 1465 1673 inclinatione
1489 1612 1583 1674 EBH.

319 1702 359 1762 V.
405 1702 609 1764 Problema.
653 1702 864 1764 Retractiones
888 1702 1113 1764 inclinationum
1138 1701 1283 1780 majomm
1302 1709 1334 1761 et
1357 1701 1446 1762 simul
1469 1702 1585 1783 priores

227 1790 290 1851 alia
313 1789 363 1850 via
387 1791 571 1852 commodius
594 1791 732 1870 probare.

318 1879 388 1940 Fiat
412 1899 449 1940 ex
473 1880 584 1942 lamma
606 1881 757 1960 pellucida
787 1880 863 1941 satis
897 1899 1016 1953 crassa,
1046 1885 1150 1957 utpote
1183 1877 1297 1938 dimidii
1327 1876 1413 1956 digiti
1437 1877 1585 1939 crassitu-

226 1968 318 2037 dine,
352 1987 460 2047 corpus
493 1969 734 2050 cylindraceum.
772 1970 807 2031 Id
839 1970 879 2030 sit
912 1967 992 2042 AG3
1026 1966 1195 2028 crassitudo
1225 1967 1291 2026 ΕΑ.
1390 2019 1417 2066 Fi
1464 2016 1479 2066 3

225 2057 403 2120 Perforetur
426 2059 537 2119 lamiae
561 2060 723 2120 secundum
748 2060 867 2120 ductum
892 2056 1030 2118 diametri
1054 2056 1169 2128 circuli,
1194 2063 1228 2115 ut
1251 2056 1293 2116 sit
1418 2033 1442 2083 3‘
1482 2055 1508 2069 ''

225 2147 283 2209 Fa
309 2148 443 2208 foramen
468 2148 587 2227 longum
611 2167 664 2227 per
690 2147 713 2210 G
738 2154 872 2209 centrum
895 2147 924 2206 in
951 2146 980 2207 G
1009 2146 1124 2217 exiens,
1150 2153 1202 2205 aut
1225 2144 1291 2205 loco
1395 2132 1512 2311 f*
1689 2174 1695 2185 ·

226 2236 384 2298 foraminis
407 2238 513 2316 regula
535 2256 625 2316 super
648 2238 836 2317 cylindraceo
856 2237 966 2314 figatur
989 2235 1150 2297 secundum
1170 2235 1290 2335 ductum
1360 2268 1377 2304 1
1468 2286 1482 2323 υ

225 2323 332 2399 AGG,
368 2325 494 2403 dioptris
524 2344 618 2405 aeque
651 2326 722 2387 altis
750 2326 780 2386 in
804 2327 833 2385 A
858 2334 889 2385 et
913 2323 953 2386 G.
999 2323 1160 2386 Dividatnr
1184 2323 1291 2384 limbus
1361 2177 1414 2535 fi}
1473 2327 1481 2342 “
1535 2171 1590 2502 ἐξ

225 2413 383 2476 circularis
407 2414 435 2474 in
460 2423 564 2494 partes
589 2411 663 2488 360,
689 2414 773 2475 ioitio
799 2414 879 2474 facto
904 2415 942 2474 ab
957 2413 994 2487 E,
1018 2422 1051 2474 nt
1069 2411 1126 2471 ΑΕ
1151 2413 1191 2472 sit
1214 2431 1290 2491 qua-

225 2503 330 2564 drans.
369 2502 524 2579 Dirigatur
547 2513 646 2564 autem
672 2504 804 2564 foramen
828 2502 875 2562 vel
901 2503 1019 2581 dioptra
1038 2499 1100 2561 AG
1124 2501 1153 2561 in
1178 2499 1289 2575 Solem,
1349 2484 1370 2531 Ρ

225 2600 258 2654 et
281 2591 324 2653 sit
349 2592 398 2653 lux
423 2591 503 2652 Solis
531 2611 585 2670 per
608 2594 636 2653 A
662 2592 799 2671 ingressa
827 2591 907 2652 ultra
932 2590 961 2652 G
985 2589 1124 2670 opposito
1148 2590 1178 2650 in
1207 2590 1273 2651 loco
1297 2594 1345 2653 rel
1370 2594 1485 2673 pariete
1510 2614 1585 2656 con-

226 2680 344 2762 spicua.
398 2678 473 2742 Cum
508 2681 599 2760 igitur
635 2681 839 2742 semicirculus
873 2688 954 2742 totus
987 2700 1046 2740 una
1082 2678 1148 2739 vice
1184 2679 1384 2757 illuminetur,
1418 2684 1586 2762 quadrante

225 2769 366 2849 utrinque
386 2769 424 2846 ab
445 2769 472 2830 A
493 2779 659 2849 porrectus,
683 2779 780 2850 patet,
801 2771 878 2849 quod
900 2770 990 2830 docta
1013 2768 1189 2846 contingens
1207 2770 1302 2848 ipsam
1328 2772 1452 2853 cylindri
1478 2792 1585 2857 super-

225 2859 321 2921 ficiem
347 2858 375 2917 in
400 2859 443 2928 E,
478 2878 554 2938 quae
587 2860 628 2919 sit
651 2859 725 2932 DE,
760 2860 907 2937 parallela
938 2858 978 2918 sit
1009 2859 1046 2919 ad
1071 2855 1131 2918 AG
1166 2866 1197 2917 et
1228 2860 1271 2920 sic
1300 2880 1336 2920 ex
1365 2859 1437 2923 Sole
1471 2862 1584 2929 veniat,

225 2956 381 3021 extremus
405 2947 507 3008 radius
531 2948 666 3009 existens
691 2967 802 3020 eorum,
827 2948 930 3027 quiin
955 2946 1080 3029 cylindri
1105 2947 1321 3009 semicirculum
1347 2949 1490 3012 incidunt.

315 3038 426 3116 Itaque
450 3037 619 3098 circumduc
650 3038 760 3119 stylum
793 3055 918 3116 opacum
948 3057 1037 3116 super
1068 3035 1258 3115 cyliodracea
1288 3039 1443 3117 superficie
1468 3041 1505 3101 ab
1530 3038 1586 3100 AF

226 3145 319 3208 nsque
345 3125 374 3185 in
398 3125 444 3200 E,
479 3137 509 3187 et
540 3127 668 3187 observa
691 3126 740 3187 ubi
772 3127 865 3186 cadat
893 3125 959 3203 ejus
990 3125 1095 3186 umbra
1118 3124 1146 3183 in
1171 3127 1310 3208 opposito
1343 3128 1477 3205 margine
1505 3127 1586 3190 circa
1668 3158 1675 3171 ·

225 3225 331 3295 partes
358 3213 425 3276 GB.
465 3214 541 3276 Esto
568 3224 599 3276 ut
623 3235 689 3276 cum
714 3215 741 3275 in
762 3215 788 3276 E
812 3214 934 3293 ponitur
957 3215 1061 3275 umbra
1085 3213 1176 3273 cadat
1200 3215 1229 3274 in
1253 3217 1289 3276 Β.
1329 3216 1490 3277 Dimidium
1515 3235 1586 3295 ergo

226 3303 488 3367 circumferentiae
506 3304 559 3364 ΕΒ
584 3305 707 3365 metitur
732 3305 873 3381 angulum
898 3302 1087 3364 retractionis
1112 3302 1187 3363 radii
1207 3303 1272 3378 DE,
1299 3305 1348 3383 qui
1372 3304 1465 3366 habet
1488 3306 1585 3366 decli-

226 3394 382 3457 nationem
415 3393 577 3454 maximam
602 3413 620 3453 a
648 3394 778 3466 vertice,
813 3393 921 3472 quippe
953 3393 1053 3471 tangit
1087 3392 1222 3471 crystalli
1254 3392 1448 3473 cylindricam
1478 3413 1586 3473 super-

226 3482 322 3547 ficiem
347 3482 377 3543 in
401 3482 438 3543 E.

257 3574 265 3591 '
313 3571 373 3632 VI.
420 3571 585 3632 Axioma.
634 3568 779 3652 Crystalli
803 3577 835 3630 et
861 3569 931 3629 vitri
962 3569 1159 3630 retractiones
1183 3576 1255 3629 sunt
1284 3569 1417 3649 proxime
1448 3569 1584 3630 eaedem.

313 3660 389 3720 VII.
437 3659 603 3721 Axioma.
652 3658 797 3741 Crystalli
830 3658 1025 3719 retractiones
1059 3657 1216 3737 usquead
1244 3659 1426 3720 tricesimum
1455 3657 1584 3719 inclina-

226 3749 315 3812 tionis
349 3758 420 3809 sunt
443 3750 480 3809 ad
514 3767 632 3809 sensnm
656 3747 896 3827 proportionales
921 3746 1174 3809 inclinationibus.

314 3838 406 3900 VIII.
462 3839 627 3899 Axioma.
680 3838 818 3916 Angelus
856 3837 1045 3898 retractionis
1082 3837 1111 3896 in
1151 3836 1295 3918 crystallo
1333 3842 1380 3896 est
1415 3855 1509 3916 usque
1543 3836 1582 3897 ad

225 3927 341 3993 dietum
365 3927 524 3988 terminum
550 3945 636 4006 quam
661 3927 793 4004 proxime
817 3926 911 3987 tertia
934 3945 1005 4005 pars
1029 3925 1230 3987 inclinationis
1255 3925 1284 3985 in
1310 3932 1389 3986 atre.

313 4017 372 4078 IX.
419 4016 582 4077 Axioma.
630 4015 786 4076 Retractio
810 4016 945 4095 crystalli
971 4016 1101 4076 maxima
1124 4024 1173 4076 est
1196 4014 1315 4076 circiter
1338 4012 1407 4077 48⁰.

313 4105 355 4166 X.
393 4106 553 4166 Axioma
576 4103 759 4183 Opticum.
798 4105 956 4165 Inclinatio
974 4112 1116 4165 causatur·
1134 4104 1355 4176 refractionem,
1382 4112 1413 4163 et
1433 4102 1584 4164 radiorum

225 4195 250 4259 ln
277 4195 388 4258 eodem
417 4194 515 4255 medio
545 4194 774 4255 constitutorum
809 4194 1019 4254 indicationes
1051 4194 1193 4272 aequales
1227 4202 1388 4253 causantur
1412 4200 1444 4251 ct
1467 4193 1584 4252 refrac-

225 4286 325 4349 tiones
346 4303 399 4345 seu
420 4284 631 4345 refractiooum
657 4284 783 4360 angulos
800 4283 950 4361 aequales,
976 4282 1129 4344 inclinatio
1145 4282 1241 4360 major
1263 4282 1353 4342 etiam
1374 4279 1585 4341 refractionem

225 4374 388 4455 majorem
414 4373 496 4434 nulla
521 4373 649 4432 nullam:
675 4373 731 4432 hoc
756 4383 812 4440 est,
836 4372 1090 4451 perpendicularis
1114 4390 1170 4431 non
1196 4371 1377 4449 refringitur.
1418 4414 1426 4431 .

313 4462 371 4524 XI.
409 4462 563 4524 Axioma
587 4460 765 4540 Opticum.
804 4460 893 4521 Iladii
919 4482 938 4521 a
961 4461 1089 4522 diversis
1113 4459 1232 4539 punctis
1258 4458 1426 4520 lucentibus
1450 4458 1479 4518 in
1503 4457 1582 4518 idem

225 4550 393 4634 superficiei
419 4550 567 4613 densi0ris
586 4559 727 4630 punctum
749 4550 913 4611 incidentes
933 4570 965 4610 se
985 4558 1087 4611 mutuo
1107 4556 1223 4623 secant,
1250 4557 1281 4609 ct
1298 4547 1491 4609 incidentium
1506 4545 1583 4607 situs

225 4647 416 4724 permutatur
438 4641 467 4701 iu
491 4641 649 4714 refractis;
674 4658 732 4700 non
757 4640 852 4700 minus
874 4657 909 4699 ac
930 4639 955 4698 si
980 4639 1074 4700 sectio
1099 4637 1288 4716 contingeret
1306 4637 1370 4698 sine
1390 4635 1580 4698 refractione.

314 4732 455 4786 Probatur
475 4731 502 4785 in
525 4731 588 4801 Opt.
610 4748 660 4801 per
681 4730 716 4784 X.
741 4728 820 4799 (Cap.
842 4730 876 4784 V.
898 4729 932 4785 N.
955 4729 981 4784 3.
1004 4748 1082 4800 prop.
1104 4727 1182 4796 XII.)

312 4819 387 4882 XII.
434 4819 656 4898 Propositio.
702 4819 915 4882 Retractiones
945 4818 1093 4899 exquisite
1124 4815 1295 4897 pensitatae
1324 4834 1382 4878 non
1411 4820 1482 4876 sunt
1508 4832 1581 4893 pro-

225 4908 413 4993 portionales
436 4908 678 4972 inclinationibus
703 4909 732 4971 in
757 4917 838 4970 atre.

295 5012 385 5064 snt-rr
398 5014 469 5063 open
486 5015 513 5056 11.
1335 5005 1370 5058 34
