3692 5842
813 469 1017 522 amn-nrm.
1528 471 1591 538 541

231 640 382 706 lateribus
406 643 492 717 oculi,
518 644 591 705 facit
615 647 693 708 oculi
726 649 849 726 liguram
883 648 1012 710 nonnihil
1048 648 1207 726 oblongam
1241 669 1295 711 sen
1327 649 1509 731 ellipniden,
1542 649 1593 712 ubi

232 731 345 794 fundus
376 751 429 794 seu
462 731 624 796 retifornris
658 736 775 797 tunicae
800 737 918 799 cavitas
948 738 1061 800 recedit
1085 737 1122 798 ab
1146 738 1268 800 humore
1293 740 1481 821 crystallino.
1528 740 1593 800 At-

231 821 369 884 tenuatis
405 840 476 884 vero
514 822 665 885 ciliaribns
703 826 893 903 processibus
930 828 957 887 in
996 828 1059 889 tela
1099 847 1227 888 araneae
1263 836 1294 889 et
1330 828 1374 889 sic
1407 829 1436 890 in
1471 828 1592 908 longum

231 909 437 990 exporrectis,
463 910 625 991 ampliatur
647 913 775 976 circulus
799 935 852 993 per
875 917 973 978 latera
996 916 1073 978 oculi
1097 917 1203 977 ductus
1237 924 1267 977 et
1300 918 1333 978 iit
1364 918 1466 979 oculus
1495 917 1593 995 magis

231 998 423 1062 lenticularis
447 1000 576 1078 figurae,
611 1002 701 1063 fundo
736 1004 899 1066 retisormis
933 1007 971 1066 ad
1004 1005 1210 1087 crystallinum
1242 1007 1421 1082 accedente,
1460 1007 1593 1087 ejusdcm

232 1107 330 1150 nveae
355 1087 541 1164 ministerio,
574 1109 649 1169 quae
674 1094 817 1171 pupillam
852 1094 943 1154 etiam
977 1102 1078 1156 arctat
1109 1102 1140 1155 et
1173 1095 1267 1157 laxat.
1315 1095 1401 1157 Ilunc
1434 1097 1473 1158 ad
1508 1113 1593 1158 usum

233 1177 386 1262 barneres,
411 1185 538 1257 excepto
563 1182 747 1259 crystallino,
774 1183 890 1243 tlrmiles
915 1191 987 1244 snnt
1011 1191 1041 1243 et
1064 1183 1216 1260 comprimi
1239 1191 1379 1263 possunt.

326 1263 385 1336 Qui
409 1286 480 1329 vero
504 1268 649 1330 alterutra
673 1270 767 1330 solum
792 1271 934 1332 distincte
959 1273 1076 1344 vident,
1109 1272 1225 1332 ocnlnrn
1250 1273 1362 1334 habent
1393 1292 1498 1333 sanum
1523 1272 1591 1352 qni-

233 1355 315 1430 dem,
340 1356 394 1417 sed
414 1356 480 1436 jam
503 1355 752 1432 indurescentem
778 1360 986 1422 adsuefnetnrn
1011 1369 1043 1421 et
1073 1361 1158 1440 qirasi
1188 1362 1321 1422 senilem.
1369 1362 1490 1422 Vanum
1515 1362 1593 1422 enim

235 1454 295 1520 eet,
322 1465 410 1508 senes
434 1446 516 1508 solos
539 1447 706 1527 propinqua
729 1468 787 1509 non
812 1449 913 1511 ridere
938 1450 1099 1524 distincta,
1130 1459 1183 1511 ant
1213 1452 1295 1511 solos
1314 1451 1443 1528 juvenes
1467 1458 1593 1511 remota.

236 1534 411 1598 Premiscne
435 1534 509 1596 haee
534 1536 666 1617 utrisque
695 1539 853 1610 eveniunt,
887 1540 1048 1599 secundum
1082 1539 1203 1599 habitus
1237 1558 1393 1618 corporum
1427 1545 1480 1598 aut
1503 1558 1591 1599 exer-

235 1623 310 1688 citia
330 1623 512 1704 juventutis.
558 1625 637 1688 Nam
661 1627 709 1706 qni
734 1647 752 1687 a
775 1628 875 1706 pueris
900 1629 1130 1701 venationibus,
1163 1628 1306 1705 aucupio,
1338 1627 1593 1707 navigationibus,

237 1713 398 1778 itineribus
423 1721 469 1774 est
495 1712 632 1790 deditus,
667 1718 783 1778 oculum
808 1716 977 1778 adsuefecit
1001 1718 1038 1778 ad
1072 1725 1202 1790 rcrnota;
1240 1716 1294 1776 sed
1328 1717 1402 1795 quin'
1431 1716 1595 1778 identidem

236 1801 337 1880 cibum
361 1821 479 1882 capere,
503 1822 569 1865 curn
593 1804 761 1868 bominibus
786 1806 914 1886 colloqui
940 1813 1069 1886 oportet,
1093 1813 1196 1866 manet
1214 1805 1317 1866 oculus
1332 1805 1362 1865 in
1379 1805 1594 1867 exercitatione

237 1891 332 1954 etiarn
366 1893 404 1953 ad
437 1893 605 1973 propinqua
636 1894 824 1972 respiciendi.
873 1896 1020 1975 Tempore
1054 1903 1154 1956 tamen
1187 1894 1364 1955 debilitatur
1396 1893 1575 1956 exercitatio
1585 1913 1595 1967 ;

237 1981 283 2044 ita
307 1981 350 2055 fit,
376 1989 409 2042 ut
424 1982 486 2042 fere
510 1980 540 2054 ii,
565 1982 613 2060 qni
630 1983 710 2044 nullo
734 1984 940 2061 injuventute
964 1985 1038 2045 vitio
1063 1982 1185 2044 visionis
1201 1983 1350 2058 laborant,
1376 1982 1405 2043 in
1429 1982 1513 2045 senio
1529 1983 1596 2044 sola

238 2078 358 2134 remota
382 2070 523 2131 distincte
547 2070 680 2132 videant.
719 2073 819 2151 Magis
844 2073 922 2135 enim
948 2074 1085 2135 naturale
1102 2082 1157 2145 est,
1184 2073 1285 2133 oeulos
1300 2072 1465 2152 parallelos
1480 2079 1593 2145 tenere,

238 2178 330 2242 quarn
354 2166 548 2237 contorquere
573 2160 610 2220 ad
634 2161 801 2240 propinqua
825 2165 893 2240 (per
907 2163 1025 2233 LVII).
1063 2163 1098 2222 In
1123 2161 1206 2222 senio
1229 2180 1301 2222 vero
1318 2161 1465 2240 fatigatur
1480 2160 1597 2232 oculus,

239 2257 273 2311 nt
296 2254 417 2310 retenta
439 2246 571 2308 naturali
595 2247 758 2309 directione
782 2251 904 2312 omittat
928 2271 982 2323 ea,
1018 2250 1045 2310 in
1081 2270 1156 2330 quae
1186 2269 1252 2311 cunr
1276 2250 1378 2312 labere
1403 2248 1594 2329 perspicitur.

238 2337 343 2419 Atque
367 2336 423 2397 hoc
447 2335 507 2397 illis
531 2335 636 2397 vitium
660 2337 831 2418 plerumque
856 2340 941 2399 tarde
967 2339 1089 2401 obvenit
1112 2340 1141 2400 in
1167 2340 1258 2400 multo
1283 2338 1376 2401 senio.

330 2424 464 2492 Contra,
498 2423 591 2486 vitam
622 2447 640 2487 a
672 2428 772 2507 pueris
797 2439 922 2506 agentes
947 2428 1169 2502 sedentariam,
1204 2429 1284 2489 intra
1312 2428 1463 2508 parietes,
1499 2425 1597 2487 literis

237 2516 446 2580 incumbentes
471 2522 503 2575 et
525 2515 688 2578 mannariis
713 2517 846 2578 artificiis
870 2517 1040 2592 subtilibus,
1066 2519 1085 2578 ii
1110 2516 1250 2578 celeriter
1269 2519 1434 2577 assuefiunt
1459 2515 1498 2575 ad
1521 2534 1594 2593 pro-

236 2607 360 2687 pinqua,
385 2622 439 2665 nec
463 2623 591 2684 unquam
615 2625 756 2668 successu
780 2607 890 2667 aetatis
907 2607 1131 2680 abstrabuntur,
1155 2607 1207 2666 scd
1232 2606 1331 2685 potius
1356 2605 1453 2683 magis
1476 2604 1592 2683 magis-

237 2714 294 2778 qne
320 2693 495 2755 caecutiunt
518 2694 557 2754 ad
582 2695 753 2774 longinqua.

331 2781 410 2846 Sunt
434 2781 526 2843 etiarn
549 2783 634 2863 primi
659 2783 776 2864 generis
792 2783 927 2844 homines
952 2782 1048 2862 magis
1074 2782 1182 2845 ebriosi
1208 2791 1240 2844 et
1255 2781 1436 2844 somnolenti
1459 2787 1492 2840 et
1506 2779 1597 2841 otiosi

237 2882 271 2936 et
293 2870 500 2952 cogitabundi,
525 2871 582 2933 lroc
605 2880 667 2941 est,
693 2873 741 2953 qni
766 2873 868 2934 crebro
893 2873 1048 2933 dimittunt
1080 2892 1180 2933 curam
1214 2892 1311 2933 rerum
1345 2880 1415 2932 ante
1446 2871 1540 2948 pedes
1565 2877 1596 2928 et

237 2963 294 3025 eub
319 2961 458 3022 manibus
482 2961 683 3031 versantium,
710 2962 814 3042 quibus
839 2962 905 3022 ideo
931 2962 1008 3022 oculi
1033 2961 1201 3040 diriguntur
1224 2961 1427 3040 utplurimum
1450 2959 1480 3019 in
1504 2957 1596 3018 situm

237 3050 429 3132 parallelum,
455 3069 511 3129 quo
528 3049 588 3111 situ
612 3051 728 3112 nonnisi
753 3061 868 3112 remota
883 3051 1025 3111 distinete
1049 3051 1197 3111 videntur.
1231 3049 1363 3111 Secundi
1386 3067 1456 3108 vero
1480 3047 1600 3127 generis

237 3141 375 3204 homines
406 3146 476 3200 sunt
498 3139 598 3218 potius
623 3140 733 3214 sobrii,
768 3140 895 3219 vigiles,
932 3138 1087 3213 laboriosi,
1118 3140 1225 3200 intenti
1251 3140 1288 3199 ad
1318 3136 1499 3217 praesentia.
1548 3134 1599 3197 Sic

237 3231 281 3294 illi
307 3230 371 3292 sere
395 3247 520 3307 procera
544 3236 663 3290 statura
686 3237 768 3302 sunt,
802 3229 871 3308 «piria
895 3229 991 3308 magis
1017 3249 1035 3287 a
1059 3229 1148 3289 irrrrdo
1175 3236 1321 3289 remotum
1346 3227 1460 3287 liabent
1483 3225 1599 3286 oculum

238 3329 270 3382 at
294 3318 414 3399 longius
446 3317 646 3398 prospiciunt,
678 3319 709 3379 lvi
733 3319 833 3397 potins
867 3318 993 3397 pumila;
1028 3318 1105 3395 quod
1129 3325 1229 3377 tamen
1254 3336 1310 3376 non
1336 3325 1382 3374 est
1411 3322 1598 3393 perpetuum.

237 3409 361 3474 Dictum
378 3415 427 3468 est
442 3408 520 3470 enim
537 3407 583 3469 bie
599 3408 689 3470 etiam
706 3407 817 3488 aliquid
833 3409 890 3468 sibi
907 3409 1058 3468 vindicare
1080 3407 1213 3483 corporis
1228 3406 1361 3466 habitum
1377 3404 1554 3465 naturalem.
1565 3402 1599 3474 *l

328 3577 360 3652 *)
383 3583 414 3636 ln
429 3581 538 3634 Tabula
559 3578 717 3633 anatomica
738 3580 785 3631 tn.
802 3581 841 3632 l'l.
863 3578 912 3630 viri
940 3576 1037 3631 Felicis
1055 3577 1162 3628 Plateri
1184 3581 1304 3644 apparet
1324 3591 1436 3628 numero
1451 3574 1487 3627 X.
1508 3574 1600 3643 figura

239 3665 315 3722 telae
338 3678 471 3724 araneae,
494 3661 520 3713 in
545 3659 623 3728 cujus
645 3658 732 3711 medio
754 3659 931 3727 suspenditur
952 3656 1130 3727 crystallinus
1146 3658 1250 3718 humor,
1273 3656 1350 3724 cnjus
1365 3654 1490 3724 genuina
1509 3655 1601 3724 figura

238 3753 283 3802 eet
303 3760 418 3798 numero
432 3741 507 3804 Xlll,
530 3741 598 3793 situs
621 3740 647 3791 in
670 3740 748 3791 oculo
771 3756 882 3792 numero
899 3739 917 3800 l,
942 3740 1014 3806 apud
1036 3737 1143 3790 literam
1166 3754 1197 3789 a:
1220 3737 1267 3788 ubi
1288 3735 1357 3788 radii
1380 3736 1455 3787 telae
1476 3750 1599 3787 araneae

237 3829 489 3897 repraesentantur
509 3838 560 3890 per
580 3820 644 3874 KK.
687 3820 768 3872 Fines
791 3837 854 3871 vero
877 3819 1026 3880 radiorum,
1049 3817 1094 3886 qui
1117 3835 1227 3870 numero
1249 3818 1287 3870 X.
1311 3815 1469 3869 ambiuntur
1490 3813 1599 3877 circulo,

239 3905 402 3978 cogitentur
423 3919 485 3954 esse
506 3899 658 3953 continuat-i
682 3918 740 3953 curn
763 3899 857 3952 tunica
878 3916 947 3950 uvea
970 3899 1053 3951 intus.
1090 3898 1187 3968 ltaque
1209 3914 1320 3950 numero
1343 3897 1403 3949 v'll.
1425 3895 1501 3947 vides
1523 3896 1599 3949 illam

239 3987 362 4042 tunicam
391 3999 517 4036 eversam
543 3989 573 4034 et
598 3982 671 4048 apud
700 3981 795 4033 literas
818 3998 845 4054 n,
865 3997 888 4033 n.
918 3978 1039 4047 vestigia
1066 3979 1204 4030 radiorum
1230 3977 1338 4029 illorum
1361 3993 1376 4028 a
1408 3974 1502 4028 tunica
1527 3993 1600 4029 uvea

239 4066 428 4124 rescissorum.
470 4061 572 4115 Ibidem
603 4061 686 4114 litera
707 4079 724 4113 n
746 4068 789 4113 est
819 4060 902 4112 index
933 4059 1065 4127 pupillae.
1110 4060 1177 4111 Cum
1207 4075 1275 4126 ergo
1302 4065 1332 4110 et
1358 4057 1429 4109 haec
1457 4057 1552 4109 tunica
1572 4065 1602 4109 et

239 4147 305 4202 dieti
327 4143 397 4200 radii
423 4143 500 4196 telae
526 4157 648 4194 araneae
676 4141 732 4194 sint
752 4160 789 4194 ex
815 4140 976 4192 substantia
1002 4140 1097 4190 eadem
1123 4146 1152 4191 et
1177 4139 1306 4191 continua
1331 4137 1445 4189 invicem
1475 4153 1600 4205 corpora,

239 4229 333 4282 colore
354 4223 440 4278 etiam
462 4224 557 4275 eodenr
577 4221 675 4293 nigro:
700 4223 780 4274 valde
801 4220 947 4290 probabile
962 4229 1014 4280 est,
1036 4229 1065 4270 et
1082 4227 1209 4272 naturam
1231 4226 1319 4271 motus
1341 4216 1465 4286 utrisque
1487 4217 1601 4270 eandem

239 4323 314 4362 aeae.
356 4305 410 4360 Est
438 4309 531 4356 autern
558 4301 697 4355 naturalis
725 4300 900 4354 connivent-ia
927 4300 1046 4369 partium
1073 4300 1145 4352 circa
1166 4319 1182 4352 n
1205 4306 1254 4353 aut
1282 4297 1421 4351 contraria
1447 4296 1599 4366 ampliat-io.

240 4387 334 4452 Quare
356 4392 386 4438 et
406 4384 459 4437 hoe
480 4383 609 4437 naturale
630 4398 691 4434 esse
713 4381 828 4444 videtur,
850 4380 943 4435 radios·
970 4397 1080 4433 numero
1102 4381 1138 4433 X.
1168 4381 1303 4433 interdum
1325 4380 1352 4431 in
1374 4395 1404 4430 se
1426 4383 1600 4430 recurrentes

239 4465 398 4524 tbbrevittri
420 4471 449 4517 et
471 4463 509 4516 sic
531 4463 661 4516 circulum
683 4480 735 4532 quo
758 4461 915 4515 ambiuntur
941 4461 1056 4530 ejusque
1082 4461 1204 4530 vestigia
1224 4477 1336 4514 numero
1358 4459 1419 4512 l'll.
1442 4459 1515 4526 apud
1537 4475 1562 4520 o,
1585 4475 1601 4509 n

240 4543 423 4620 coangustari
446 4544 580 4615 simulque
603 4542 794 4613 crystallinum
816 4543 842 4595 in
865 4561 888 4604 o,
912 4560 928 4593 n
951 4558 967 4593 a
989 4541 1072 4593 frando
1088 4559 1105 4609 p
1128 4541 1264 4612 elongari.
1293 4541 1317 4593 E
1339 4537 1477 4590 contrario
1500 4554 1601 4606 expor-

240 4628 326 4685 rectio
348 4627 377 4680 in
403 4627 516 4695 longnrm
547 4623 630 4677 radiis
661 4640 773 4675 numero
795 4623 834 4682 X,
863 4623 934 4691 quod
955 4622 986 4674 fit
1007 4621 1200 4675 attenuatione
1231 4621 1417 4690 singulorum,
1450 4618 1602 4687 ampliatur

241 4708 360 4764 drenlue
375 4711 504 4760 extrema
519 4705 625 4758 illorum
642 4703 782 4755 inclmlens
798 4708 824 4754 et
842 4709 1056 4770 repraesentans
1079 4719 1190 4754 numero
1207 4703 1265 4754 l'll.
1290 4699 1408 4770 vestigia
1425 4697 1602 4751 rescissorum

241 4787 380 4844 radiorum
406 4800 493 4855 supra
512 4804 537 4849 o,
560 4803 585 4838 o.
629 4784 690 4844 Qua
716 4783 822 4835 ratione
845 4784 882 4843 lit,
905 4789 937 4834 nt
958 4781 1091 4848 ampliato
1120 4782 1220 4835 circulo
1243 4801 1267 4844 ο,
1290 4800 1305 4834 o
1327 4781 1426 4834 tiendus
1447 4795 1465 4848 p
1487 4777 1601 4848 propius

243 4869 406 4924 attrahatur
426 4866 463 4919 ad
483 4864 675 4935 crystallinum
697 4862 723 4916 in
745 4862 831 4915 medio
854 4861 948 4914 circuli
970 4880 994 4922 o,
1017 4879 1032 4913 o
1054 4878 1228 4932 suspensum.

331 4947 511 5017 Reliquamm
532 4945 652 5016 partium
673 4943 745 4996 oculi
766 4940 917 5010 explicatio
940 4940 1015 4995 utilis
1037 4959 1136 5012 propp.
1160 4945 1205 4996 60.
1225 4937 1271 4994 61.
1291 4939 1338 4993 62.
1356 4939 1403 4993 63.
1420 4940 1466 5004 64,
1488 4944 1604 5009 petatur

244 5045 281 5086 ex
299 5027 414 5084 Platere
436 5031 467 5080 et
485 5041 565 5080 meaa
585 5029 670 5079 Astr:
692 5031 773 5092 parte
795 5021 896 5091 Optica
923 5025 960 5091 (p.
980 5024 1061 5110 229).
