3692 5842
326 445 388 514 168
789 445 979 513 Paralipomeua
997 451 1022 500 in
1041 449 1208 502 l'itellicaem.

322 627 367 690 ita
388 645 454 689 cum
487 625 662 687 distantiam
695 627 737 687 rei
770 628 978 701 aestimamus,
1012 628 1193 707 triangulum
1225 626 1260 688 fit
1291 625 1436 688 isosceles
1466 624 1674 706 utplurimum,

321 715 406 796 cujus
429 734 552 775 acumen
577 734 629 775 sen
653 724 758 777 uertex
791 717 856 778 uice
888 737 977 778 uersa
1000 717 1029 778 in
1058 717 1157 797 aliquo
1181 715 1222 778 rei
1255 716 1339 776 visae
1370 723 1502 795 puncto,
1534 713 1620 778 basis
1645 713 1677 774 iu

321 805 471 868 oculorum
495 804 651 866 distantia.
700 805 857 885 Propertio
881 807 958 868 enim
986 806 1099 868 attinet
1120 824 1224 867 omnes
1251 804 1417 885 superficiei
1444 805 1531 866 ritae
1554 804 1677 866 dimen-

322 896 433 966 siones,
458 892 605 955 distantia
628 913 698 955 vero
723 895 932 957 consideratur
954 895 985 957 in
1008 895 1089 958 linea
1117 903 1233 957 tantum
1261 902 1360 969 recta,
1385 893 1463 955 node
1486 892 1549 956 illic
1577 892 1679 956 solida

321 975 453 1066 pyiarnis
477 982 525 1043 hic
547 982 668 1061 planum
692 984 874 1062 triangulum
897 984 1067 1064 requiritur.

410 1082 500 1135 Nota
514 1089 548 1135 et
563 1082 720 1136 Censura.
740 1084 894 1154 Sequentes
909 1085 1112 1155 propositiones
1127 1085 1225 1137 9-14
1239 1091 1304 1137 sunt
1317 1083 1435 1138 auctuii
1448 1083 1511 1136 loeo
1525 1087 1678 1153 possemne

320 1161 448 1234 capitalis
470 1163 666 1217 demonstratio
692 1165 736 1217 rel
758 1165 816 1218 sine
838 1165 871 1218 iis
897 1165 1057 1219 consistere.
1099 1167 1230 1218 'fertatur
1254 1164 1361 1235 quidem
1387 1162 1579 1233 experientia,
1606 1162 1677 1216 ima·

320 1242 412 1314 ginem
433 1259 495 1295 esse
517 1242 545 1295 in
565 1243 784 1313 perpendiculari
806 1246 890 1299 etiam
911 1263 972 1299 curn
993 1264 1047 1299 uuo
1061 1247 1141 1299 oculo
1162 1244 1270 1307 utimur,
1292 1253 1324 1298 nt
1338 1244 1378 1298 sic
1397 1260 1512 1297 neeesse
1530 1243 1570 1296 rit
1588 1242 1678 1296 etiam

320 1340 374 1378 nno
395 1324 474 1376 oculo
495 1323 641 1376 distantias
662 1333 825 1393 punctorum
846 1326 1047 1396 comprehendi.
1082 1330 1121 1379 At
1141 1342 1206 1378 rere
1227 1325 1280 1378 etsi
1303 1326 1354 1378 boc
1375 1342 1429 1378 non
1449 1322 1516 1377 insit
1536 1321 1678 1395 singulari

321 1404 401 1457 oculo
423 1404 458 1456 ob
479 1419 577 1456 causas
608 1413 768 1475 sequentes,
800 1406 889 1460 inesse
911 1415 1003 1460 tamen
1034 1411 1247 1459 cousentaneum
1268 1405 1376 1459 est-rel
1398 1405 1433 1457 ob
1454 1403 1542 1458 solum
1573 1411 1679 1458 matum

321 1482 429 1553 eapitis,
451 1501 505 1553 quo
525 1491 600 1536 motu
622 1501 692 1537 unus
713 1486 809 1539 oculus
831 1487 888 1538 rice
909 1488 1023 1539 duorum
1043 1493 1087 1539 est
1109 1487 1192 1556 longe
1212 1485 1384 1539 distantium.

409 1571 581 1649 Propositio
602 1572 657 1632 lX.
695 1573 729 1633 ld
752 1592 824 1635 vero
850 1575 1030 1653 triangulum
1054 1572 1217 1636 distantiae
1241 1571 1421 1633 mensorium
1444 1569 1538 1631 etiam
1562 1567 1592 1630 in
1617 1587 1678 1628 uno

321 1659 406 1721 oculo
428 1668 532 1737 potest
554 1660 746 1735 considerari,
773 1672 805 1724 ut
828 1673 935 1724 vertex
958 1663 1051 1725 sitin
1080 1671 1189 1744 puncto
1213 1661 1255 1722 rei
1279 1662 1380 1735 visae,
1404 1659 1488 1721 basis
1511 1655 1542 1719 in
1566 1657 1677 1720 latitu-

321 1748 389 1809 dine
413 1748 543 1828 pupillae
568 1758 599 1810 et
623 1750 769 1812 diametro
793 1752 924 1833 pupillae
948 1772 994 1825 ea,
1019 1771 1095 1832 quae
1119 1750 1261 1812 coincidit
1282 1770 1348 1811 cum
1372 1749 1454 1810 linea
1475 1754 1678 1809 connectente

321 1845 433 1918 puncta
456 1839 609 1918 utriusque
633 1839 782 1919 pupillae;
807 1852 839 1902 ut
863 1841 907 1902 ita
930 1842 1032 1902 oculus
1056 1861 1130 1902 unus
1154 1863 1173 1902 a
1195 1839 1274 1900 binis
1298 1838 1392 1900 oculis
1415 1837 1472 1899 boc
1496 1833 1680 1898 instituendi

322 1926 464 2006 trianguli
498 1928 650 2006 negotium
683 1930 906 1992 assuefactione
940 1930 1096 1991 didicerit:
1130 1929 1187 1990 hac
1212 1937 1312 1990 tamen
1344 1924 1558 2008 proportione,
1592 1933 1628 1986 ut
1650 1923 1679 1986 si

319 2025 445 2096 propter
477 2016 654 2078 distantiam
686 2019 836 2081 oculomm
865 2021 948 2081 risus
979 2019 1130 2081 discernat
1163 2037 1264 2080 eorum
1296 2016 1490 2090 distantiam,
1527 2033 1605 2096 quae
1638 2011 1680 2074 ad

321 2113 443 2166 centum
467 2123 576 2184 passus
600 2118 807 2181 remorentur,
832 2128 885 2187 per
904 2108 1093 2170 latitudinem
1116 2108 1246 2188 pupillae
1270 2107 1308 2167 ad
1332 2106 1435 2167 decem
1458 2123 1604 2185 passuum
1624 2109 1681 2164 aut

322 2194 452 2255 minores
477 2193 640 2256 distantias
664 2197 787 2276 aspiret.
834 2196 980 2268 Quamvis
1003 2208 1035 2258 et
1058 2197 1136 2258 aliae
1160 2197 1294 2258 rationes
1317 2204 1405 2266 suut,
1433 2213 1486 2256 cur
1513 2191 1679 2272 singularis

323 2282 427 2344 oculus
451 2282 614 2344 distantias
637 2285 779 2346 metiatur
801 2305 855 2365 per
879 2287 963 2348 illam
986 2285 1154 2347 latitudinis
1178 2285 1355 2346 diametrum
1373 2284 1483 2364 potius,
1509 2301 1600 2363 qnam
1621 2299 1680 2362 per

323 2370 413 2432 aliam
439 2371 618 2433 altitudinis.
666 2374 732 2435 Etsi
757 2374 834 2435 euim
859 2377 962 2437 oculus
987 2375 1066 2436 intra
1095 2374 1284 2455 undiquaque
1317 2372 1472 2435 circularis
1497 2380 1564 2444 est,
1590 2377 1682 2432 extra

322 2469 423 2520 tamen
448 2459 556 2521 valvae
579 2461 789 2540 palpebrarum
822 2464 1001 2526 diducuntur
1024 2463 1053 2525 in
1077 2464 1186 2525 lineam
1219 2462 1384 2524 distantiae
1412 2461 1568 2542 utriusque
1599 2457 1680 2520 oculi

321 2548 470 2610 horizonti
502 2550 688 2629 parallelum.
734 2552 852 2613 Natura
884 2554 961 2614 enim
992 2572 1057 2613 cum
1091 2552 1188 2632 ipsam
1219 2552 1370 2613 oculorum
1403 2549 1582 2612 distantiam
1613 2557 1680 2610 tum

322 2656 393 2699 vero
417 2639 509 2700 etiarn
534 2639 611 2701 hanc
638 2642 792 2702 salsarum
816 2643 1001 2721 apertionem
1026 2642 1120 2702 voluit
1144 2640 1290 2702 horizonti
1316 2639 1529 2720 aequidistare,
1555 2636 1679 2700 minime

322 2745 394 2789 vero
417 2728 545 2789 alterum
565 2730 681 2791 oculum
705 2731 802 2791 altero
821 2740 874 2792 aut
889 2732 1017 2792 alterum
1038 2731 1176 2810 angulum
1201 2730 1411 2810 palpebrarum
1426 2728 1523 2789 altero
1539 2727 1681 2789 altiorem

322 2835 391 2878 ease
415 2817 460 2888 (in
484 2818 665 2880 animalibus
690 2819 808 2900 quidem
837 2820 1049 2899 perfectissimi
1073 2820 1170 2892 risus)
1194 2839 1229 2879 eo
1254 2818 1332 2899 qnod
1357 2817 1395 2879 ad
1424 2815 1567 2896 trianguli
1592 2835 1681 2878 men-

321 2904 403 2978 sorii,
429 2906 468 2966 ad
492 2907 629 2982 planitiei
652 2909 783 2982 seilicet,
812 2909 1058 2988 imaginationem
1087 2909 1243 2987 plurimum
1273 2908 1390 2969 confert
1418 2905 1561 2986 planities
1593 2903 1680 2966 bori-

325 2994 423 3056 zontis
456 2995 555 3057 colore
588 3016 642 3057 suo
679 2997 706 3059 iu
740 2998 843 3060 oculos
877 3000 1046 3066 incurrens,
1082 2998 1106 3058 si
1139 2998 1238 3059 altera
1260 2997 1302 3058 sit
1330 2997 1368 3057 ad
1402 2996 1531 3057 alteram
1556 2995 1586 3054 in
1611 2993 1681 3054 basi

322 3083 496 3163 parallelos.
544 3085 709 3164 Propterea
733 3088 885 3148 intuentes
908 3106 1015 3148 everso
1039 3099 1091 3148 aut
1116 3086 1258 3147 inclinato
1283 3085 1383 3166 capite
1407 3083 1592 3165 perplexiori
1616 3082 1680 3143 nti·

323 3191 388 3234 mur
411 3173 606 3252 dignoscendi
632 3177 784 3237 facultate.

411 3278 582 3358 Propositio
611 3281 650 3344 X.
699 3283 864 3362 Propterea
898 3282 989 3343 etiarn
1023 3283 1051 3342 in
1086 3280 1216 3360 speculis
1250 3280 1391 3342 convexis
1425 3287 1458 3340 et
1488 3278 1516 3340 in
1550 3277 1681 3358 planitie

323 3367 493 3430 densiorem
518 3370 680 3432 mediorum
696 3387 804 3432 natura
819 3372 892 3431 duce
912 3371 1078 3438 studemus,
1103 3381 1136 3430 ut
1155 3369 1229 3430 radii
1250 3388 1285 3429 ex
1311 3381 1435 3447 utroque
1451 3368 1538 3430 oculo
1558 3366 1682 3448 aequali

322 3457 432 3536 angulo
456 3457 591 3520 incidant
615 3461 643 3520 iu
668 3460 854 3540 superficiem
880 3463 948 3531 (seu
973 3459 1037 3519 rice
1062 3478 1163 3530 uersa,
1196 3478 1264 3517 naeu
1294 3458 1477 3536 geometrice
1501 3457 1582 3518 idem
1606 3459 1683 3526 est).

323 3545 399 3606 t'nm
424 3546 502 3608 enim
527 3548 601 3608 baec
626 3549 755 3609 facultas
785 3548 960 3609 instituendi
994 3548 1136 3627 trianguli
1169 3547 1307 3607 rurensorii
1330 3547 1373 3606 sit
1396 3557 1428 3608 et
1451 3546 1529 3607 binis
1548 3545 1685 3623 junctim

322 3635 418 3696 oculis
442 3645 473 3696 et
497 3636 623 3717 singulis
648 3639 775 3698 seorsim
800 3637 980 3708 eommunis,
1015 3656 1179 3697 cousensus
1202 3654 1272 3695 vero
1304 3636 1425 3715 quidam
1449 3648 1548 3696 motus
1573 3635 1683 3713 liujus-

328 3724 430 3796 modi,
463 3735 496 3786 ut
520 3745 585 3787 cnm
619 3727 806 3788 confortione
840 3725 939 3785 axium
974 3725 1126 3804 utriusque
1157 3724 1234 3785 oculi
1267 3724 1353 3785 simul
1389 3723 1481 3785 etiam
1515 3725 1569 3784 fiat
1603 3741 1686 3784 nora

324 3812 426 3892 aliqua
450 3814 608 3894 dispositio
632 3817 660 3877 in
686 3814 813 3893 siugulis
837 3813 931 3874 oculis
946 3815 1002 3880 (sit
1019 3815 1082 3893 jam
1107 3813 1189 3874 uerbi
1209 3833 1302 3874 causa
1316 3821 1349 3873 et
1370 3813 1534 3874 confusiori
1559 3811 1683 3884 notitia,

324 3909 358 3961 ut
381 3919 457 3961 urea
480 3902 581 3963 tunica
606 3904 634 3964 in
660 3903 785 3981 siugulis
818 3902 911 3962 oculis
936 3914 988 3963 aut
1020 3915 1194 3981 corrugetur
1224 3911 1276 3962 aut
1309 3902 1500 3972 diducatur),
1536 3912 1566 3962 ut
1592 3901 1683 3963 oculo

326 3997 452 4068 utroque
477 3991 505 4051 iu
541 3993 645 4052 eadem
676 3991 830 4071 superficie
854 3991 899 4052 ret
924 3993 1146 4071 repercusseria
1174 3992 1221 4051 rel
1254 3991 1431 4053 refractaria
1458 4001 1623 4061 versante,
1650 3999 1686 4052 et

325 4077 422 4138 altero
447 4098 545 4139 eorum
576 4081 695 4150 altiori,
731 4099 853 4140 necesse
877 4080 916 4140 sit
949 4081 1187 4159 corrugationem
1220 4099 1313 4141 ureae
1345 4100 1413 4142 cnm
1443 4101 1464 4142 a
1490 4080 1684 4142 contortione

326 4165 425 4225 axium
450 4168 602 4249 utriusque
618 4169 696 4229 occuli
720 4180 780 4229 tum
797 4168 835 4228 ab
859 4169 983 4230 alterius
1006 4189 1100 4229 ureae
1125 4169 1333 4247 corrurgatione
1348 4170 1531 4249 discrepare,
1556 4179 1684 4250 propter

325 4254 532 4316 diversitatem
557 4257 757 4326 refractionis,
782 4269 813 4318 ut
838 4258 915 4318 infra
940 4258 1064 4319 dicetur.
1105 4258 1138 4318 ld
1164 4276 1234 4318 rere
1248 4258 1275 4319 si
1294 4258 1361 4336 quis
1385 4269 1530 4330 attentet,
1551 4258 1685 4339 primum

325 4343 484 4404 difficulter
508 4346 663 4424 impetrat,
699 4346 859 4406 identidem
883 4348 961 4408 eninr
985 4366 1038 4426 pro
1062 4366 1120 4406 uiua
1144 4347 1219 4406 duras·
1249 4345 1345 4408 cernit
1374 4347 1536 4427 iruagiues.
1570 4347 1683 4409 deinde

325 4431 422 4492 visum
447 4432 639 4494 vehementer
662 4435 754 4495 laedit
779 4447 809 4494 et
833 4436 952 4496 dolores
976 4437 1084 4514 capitis
1108 4435 1231 4495 excitat.

415 4538 584 4617 Propositio
619 4541 673 4600 XI.
734 4538 874 4600 Ceterum
916 4555 1042 4601 externa
1080 4541 1233 4601 salsarum
1274 4540 1438 4619 palpebrae
1477 4541 1683 4604 confarreatio

326 4625 443 4704 signnm
467 4628 566 4704 potius
591 4641 638 4688 est
662 4648 749 4708 quam
774 4648 865 4688 causa
890 4629 1044 4690 faeurltatis
1068 4630 1153 4706 liujus
1177 4629 1205 4689 iu
1234 4629 1379 4696 singulari
1402 4631 1508 4690 oculo:
1533 4631 1680 4710 cogitan-

326 4714 394 4774 dum
420 4715 456 4773 de
481 4715 597 4776 interna
622 4728 653 4776 et
677 4717 805 4793 genuina
838 4737 940 4776 causa.
988 4721 1033 4779 Ac
1059 4739 1145 4778 uturum
1179 4719 1297 4798 quidem
1325 4719 1390 4796 jam
1419 4719 1487 4779 dedi
1512 4739 1591 4799 quae
1615 4721 1682 4782 frte

326 4801 486 4876 sufficeret,
511 4805 748 4882 corrugatiouem
774 4825 865 4866 ureae
882 4818 912 4863 et
928 4808 1108 4868 conuariam
1132 4807 1352 4880 dilatationem,
1377 4808 1434 4868 nisi
1459 4809 1567 4869 medici
1591 4809 1680 4870 allir-

327 4901 458 4962 marent,
491 4914 557 4954 esse
583 4893 658 4953 lruuc
683 4895 711 4954 in
737 4893 792 4954 bae
822 4894 922 4953 turuca
957 4911 1067 4957 urorum
1092 4896 1182 4956 etiam
1205 4897 1244 4956 ob
1272 4897 1389 4975 cuipiam
1412 4897 1461 4958 rel
1484 4899 1680 4960 debilitatem

326 4975 418 5038 lucis:
443 4981 480 5040 de
504 5001 561 5062 quo
584 4982 653 5043 ride
678 4982 756 5044 iufra
779 5003 845 5062 cap.
869 4981 900 5044 5.
