3692 5842
735 486 817 553 capnt
834 483 938 540 xxm
1309 488 1313 496 '
1446 479 1508 554 711

159 682 258 743 neque
282 662 371 727 trium
405 682 499 744 neque
530 664 663 724 duorum.
708 664 786 725 Nam
811 664 900 726 docet
931 666 1047 746 optica,
1082 664 1108 729 si
1132 683 1208 745 quae
1231 685 1358 747 corpora
1389 655 1459 730 snat
1481 669 1511 731 in

159 752 268 815 eadem
293 764 386 828 reeta,
412 771 560 832 nunqnam
583 770 619 813 ea
633 751 722 814 aliter
745 773 782 814 ex
802 763 906 820 centro
929 755 1031 816 mundi
1050 754 1108 820 nisi
1122 753 1152 815 iu
1168 755 1273 818 eadem
1297 763 1383 819 recta
1404 757 1510 821 videri.

158 842 206 903 At
219 840 339 922 Jupiter
358 843 442 904 linea
461 860 499 903 ex
513 842 612 903 Marte
634 841 663 902 iu
677 840 796 904 Novam
815 843 872 904 fuit
890 842 975 904 initio
999 842 1181 916 orientalior,
1201 842 1350 909 Saturnus
1369 846 1510 908 occiden-

158 929 261 994 talior.
305 932 376 993 lam
398 932 490 1011 igitur
517 949 612 1011 neque
645 930 808 1013 applicatio
841 932 993 994 radiorum
1022 934 1118 995 servit
1149 934 1311 1016 astrologis
1334 954 1389 1015 pro
1412 936 1511 1008 modo,

158 1038 219 1099 qno
234 1020 367 1098 genitum
387 1019 477 1082 luerit
489 1020 547 1082 hoe
565 1019 658 1082 sidus.
697 1018 844 1099 Superest
863 1029 897 1083 ut
915 1022 1084 1095 credamus,
1108 1019 1220 1084 nullum
1238 1024 1356 1086 omniuo
1371 1024 1511 1087 idonen'm

160 1108 289 1171 inveniri
311 1127 401 1189 posse
424 1109 553 1183 modum,
578 1128 635 1189 quo
659 1109 872 1189 intelligamus,
896 1111 1038 1189 planetas
1061 1111 1118 1172 hos
1140 1112 1323 1191 conjunctos,
1348 1113 1512 1195 separatim

160 1206 194 1259 et
217 1197 387 1273 solitarios,
420 1199 502 1260 nullo
524 1199 695 1261 interventu
723 1218 832 1261 causae
861 1199 1043 1262 sublimioris
1075 1218 1252 1280 progressos
1275 1221 1343 1264 esse
1366 1203 1406 1264 ad
1428 1202 1511 1266 sidus

159 1305 271 1349 norum
295 1287 485 1368 gignendum.

247 1376 467 1456 Explicaudnm
490 1376 576 1438 nobis
595 1385 643 1438 est
662 1377 802 1450 secundo,
828 1376 975 1456 quomodo
999 1376 1144 1455 astrologi
1167 1377 1210 1439 rei
1228 1378 1367 1455 naturali,
1393 1381 1512 1460 qualem

159 1464 276 1527 iaciunt
297 1484 407 1528 novam
430 1465 563 1536 stellam,
586 1466 745 1545 assignent
766 1485 888 1528 causam
904 1483 969 1527 'nou
994 1466 1172 1528 naturalem.
1209 1467 1245 1528 Id
1264 1485 1335 1530 vero
1358 1487 1397 1530 ex
1419 1487 1512 1550 anpe-

158 1554 292 1616 rioribus
316 1556 431 1635 aliquot
455 1553 602 1635 capitibus
626 1564 675 1616 est
696 1554 851 1635 perfacile.
890 1552 1127 1633 conjunctio-et
1149 1572 1252 1618 omnes
1275 1564 1418 1637 aspectus
1442 1566 1514 1621 sunt

158 1662 199 1705 ex
222 1662 332 1723 genere
355 1644 543 1707 relationum.
589 1643 634 1704 At
656 1643 851 1706 relationibus
875 1660 929 1722 per
952 1663 985 1705 se
1009 1642 1073 1705 sine
1101 1642 1270 1707 interventu
1298 1646 1408 1709 mentis
1429 1648 1513 1710 nulla

159 1741 212 1793 est
236 1732 373 1796 efficacia
396 1733 436 1795 ad
462 1732 642 1813 gignendum
673 1730 794 1812 aliquid.
841 1730 904 1794 Sed
933 1732 1128 1794 illustriorem
1155 1731 1255 1795 reddit
1285 1734 1363 1797 banc
1396 1738 1513 1804 refuta·

157 1820 274 1884 tiouem
311 1823 448 1885 doctrina
477 1819 645 1901 (lopemici.
700 1820 823 1883 Relatio
859 1840 986 1901 namque
1019 1820 1073 1882 illa
1110 1819 1287 1885 terminatur
1319 1824 1358 1885 ad
1390 1825 1513 1888 Terram

159 1912 255 1992 (quae
277 1931 331 1992 per
354 1912 468 1973 coelum
491 1912 643 1989 vagatur),
668 1929 726 1971 non
746 1911 784 1971 ad
804 1910 892 1971 mum
914 1909 1016 1971 mundi
1039 1920 1182 1973 centrum.
1220 1911 1300 1974 Nam
1323 1914 1371 1994 qui
1396 1915 1513 1977 oculum

157 1999 315 2082 posuisset
337 2002 365 2061 in
381 2008 485 2061 centro
509 1999 619 2071 mnndi,
643 1998 771 2060 vidisset
789 1998 824 2073 is,
850 1998 974 2078 quodie
998 1998 1082 2060 sidus
1105 1999 1229 2070 effulsit.
1244 2001 1376 2064 Martem
1396 2004 1511 2083 jamin

159 2090 220 2150 fine
245 2087 435 2168 Capricorni,
459 2087 568 2149 Jovem
590 2088 670 2149 ultra
693 2088 812 2167 qnidam
835 2087 932 2149 locum
956 2087 1186 2167 conjunctionis,
1211 2090 1291 2152 intra
1313 2092 1388 2153 fines
1411 2101 1513 2154 tamen

159 2177 337 2258 Sagittarii,
366 2177 539 2257 longissime
563 2176 725 2238 distantem
748 2198 768 2238 a
790 2176 900 2239 Marte.
949 2175 1035 2247 Quae
1063 2176 1164 2259 itaquo
1188 2179 1315 2242 anobis
1344 2181 1514 2244 celebratur

160 2266 333 2346 conjunctio
355 2266 442 2330 Jovis
472 2274 503 2327 et
525 2266 648 2340 Martis,
682 2285 720 2326 ea
752 2266 809 2327 luit
835 2266 879 2328 sic
910 2265 977 2327 visa
1005 2266 1035 2328 in
1065 2267 1131 2327 sola
1153 2268 1256 2330 Terra.
1302 2270 1393 2352 Eripe
1425 2270 1513 2332 uobis

158 2357 362 2419 conditionem
386 2356 462 2417 hauc
484 2355 562 2416 situs
585 2355 662 2417 oculi
682 2356 712 2417 iu
727 2355 830 2430 Terra,
855 2354 1094 2434 conjunctionem
1118 2356 1271 2436 eripueris.
1308 2361 1415 2439 Itaque
1433 2359 1513 2422 inter

159 2447 238 2509 fixas
262 2441 403 2526 quidnam
426 2445 627 2526 gigneturab
650 2464 696 2517 eo,
719 2445 797 2526 qnod
822 2451 949 2524 apparet
972 2443 1089 2506 nonnisi
1108 2463 1146 2506 ex
1164 2446 1279 2509 Terra?
1301 2446 1380 2510 Nam
1403 2470 1422 2510 a
1444 2448 1513 2518 lixis

159 2537 189 2598 si
219 2535 285 2615 quis
319 2534 489 2615 despiceret
514 2533 545 2595 in
574 2529 731 2615 'regionem
760 2534 968 2613 planetarum:
1003 2551 1104 2597 omnes
1135 2534 1184 2595 vel
1216 2546 1433 2600 evanescerent
1463 2537 1512 2600 vel

159 2626 267 2696 eodem
291 2623 381 2702 globo
400 2622 499 2702 juncti
523 2623 707 2686 brevissimis
731 2622 839 2702 spatiis
862 2621 1018 2684 circumire
1046 2632 1256 2700 cernerentur;
1285 2635 1366 2687 certo
1390 2626 1510 2707 saepis-

157 2714 237 2776 sime
256 2712 421 2793 junctiores
445 2721 476 2775 et
498 2710 654 2792 propiores
672 2711 854 2786 riderentur,
879 2729 969 2791 quam
983 2718 1063 2785 tunc,
1084 2730 1150 2773 cnm
1170 2713 1253 2777 sidus
1271 2714 1391 2790 effulsit,
1416 2714 1511 2777 videri

179 2815 294 2865 otnere.

156 2822 178 2885 p
248 2890 407 2954 Habeatur
429 2889 530 2971 itaque
553 2906 608 2969 pro
631 2895 731 2963 certo,
760 2888 950 2968 impossibile·
969 2908 1052 2964 esse,
1076 2896 1110 2951 ut
1131 2890 1199 2952 sola
1225 2893 1413 2973 planetarum
1435 2910 1510 2956 con-

153 2980 272 3061 junctio
296 2978 480 3041 concurrerit
502 2979 540 3039 ad
564 2978 744 3058 gignendum
767 2997 875 3039 novum
897 2978 954 3040 hoc
978 2978 1070 3043 sidus.

249 3067 339 3140 Quod
357 3086 428 3130 vero
447 3068 670 3148 praedictiones
688 3067 800 3128 attinet
818 3075 965 3142 cometae,
998 3066 1159 3147 respondet
1176 3067 1310 3131 Joauuss
1328 3070 1510 3134 Weidnerns

156 3159 292 3222 medicus
316 3156 443 3220 eruditis
467 3156 602 3218 versibus
626 3156 654 3216 in
678 3155 756 3216 hunc
779 3155 917 3218 modum:

425 3277 465 3329 At
486 3273 509 3328 si
530 3272 589 3344 quis
610 3271 687 3326 loris
709 3288 742 3326 ac
762 3271 861 3326 Martis
882 3287 1035 3344 congressa
1055 3272 1168 3326 duorum

425 3360 511 3409 Astra
530 3354 706 3423 planetarum
727 3353 876 3407 imberbem
895 3351 1027 3422 genmm
1048 3359 1189 3419 cometem,
1228 3375 1231 3380 ·

379 3453 381 3458 ·
424 3434 652 3505 Praedictumque
672 3432 725 3486 sibi
744 3449 846 3504 magno
868 3433 1018 3486 contendat
1038 3432 1126 3498 biatu,

425 3515 637 3586 Astrologaster
656 3512 746 3568 iners:
768 3520 877 3567 centnm
898 3528 1068 3582 opponemus
1088 3512 1175 3567 eidem

424 3597 559 3651 Erronnm
579 3594 667 3649 coitus
689 3595 795 3649 nullum
813 3592 947 3665 genuisse
966 3600 1118 3648 cometam:

426 3677 503 3731 Vera
522 3676 597 3746 loqui
617 3691 692 3740 casu
713 3674 856 3730 mendacia
873 3674 949 3727 mille
970 3674 1099 3731 locutum

249 3785 355 3864 Itaque
376 3781 435 3844 nisi
458 3789 566 3863 quarta
589 3781 795 3860 theologorum
819 3779 972 3842 sententia
999 3778 1120 3857 vicerit,
1150 3800 1239 3844 casus
1263 3782 1321 3845 sibi
1344 3783 1511 3849 vindicabit

156 3890 338 3936 concursum
360 3870 469 3934 sideris
492 3890 559 3932 cum
583 3869 791 3950 conjunctione
814 3888 934 3950 magna.

250 3964 297 4025 At
318 3980 377 4023 uon
400 3961 496 4022 minus
521 3959 607 4021 uobis
630 3978 696 4021 cum
719 3958 841 4038 Epicuri
868 3958 1022 4021 sententia
1048 3959 1239 4040 pugnandum
1262 3959 1401 4025 existimo
1425 3964 1510 4038 (nam

157 4051 263 4134 quidni
285 4051 379 4113 liceat
400 4072 475 4131 προς
488 4072 540 4121 aaa
557 4049 680 4129 ripaeos
699 4047 937 4126 aucipastam),
961 4067 1037 4128 quae
1060 4067 1150 4110 caeco
1173 4068 1246 4114 casu
1269 4058 1509 4132 tesserarumque

151 4140 304 4224 jactibus,
335 4139 506 4204 concinnius
539 4140 668 4203 tortasse
697 4157 786 4217 quam
807 4137 954 4216 Epicurus
977 4137 1042 4217 ipse
1066 4138 1198 4199 fortuitis
1228 4146 1393 4202 atomorum
1417 4141 1508 4203 ober-

157 4229 328 4294 rationibus
343 4231 381 4292 ad
400 4228 527 4291 eundem
550 4235 650 4289 tamen
670 4244 794 4306 scopum
813 4226 920 4300 tendit,
945 4232 980 4286 nt
993 4226 1220 4290 admirationem
1234 4228 1336 4292 demat
1358 4230 1508 4294 hominum

157 4318 286 4382 animis:
311 4338 371 4399 qua
388 4326 492 4399 erepta
511 4316 606 4378 omnis
625 4335 683 4377 una
702 4321 811 4391 metus,
837 4315 933 4376 omnis
952 4314 1076 4378 sinistra
1094 4315 1246 4394 ominatio,
1270 4318 1366 4381 omnis
1381 4319 1508 4401 danique

159 4409 245 4472 sarna
266 4406 396 4489 prodigii
420 4405 637 4484 exstinguitur:
661 4411 695 4465 et
709 4404 782 4466 illud
802 4404 962 4479 obtinetur,
982 4412 1018 4466 ut
1036 4405 1091 4466 boo
1113 4407 1189 4486 quod
1211 4407 1313 4469 datum
1332 4417 1381 4471 est
1397 4408 1507 4494 homiui

157 4499 252 4565 breve
281 4498 363 4560 vitae
391 4505 508 4575 tempus
532 4494 560 4555 in
584 4493 736 4554 hilaritate
761 4501 792 4554 et
820 4494 970 4555 suavitate
1001 4493 1079 4556 cums
1112 4495 1243 4558 exclusis
1271 4498 1451 4569 collocetur,
1475 4505 1506 4558 et

161 4605 222 4668 qno
245 4585 356 4650 certina
379 4585 512 4647 imminet
535 4583 658 4657 malum,
682 4584 740 4645 hoc
763 4583 936 4660 diligentius
960 4581 1042 4662 prior
1064 4601 1197 4664 quaeque
1221 4584 1299 4658 dies,
1327 4585 1507 4649 imminentis

160 4676 336 4738 crudelitati
350 4674 435 4756 quasi
453 4673 555 4735 furtim
574 4678 687 4752 erepta,
708 4672 736 4733 in
756 4673 936 4753 triumphum
955 4673 1045 4735 cedat
1063 4672 1161 4734 animo
1182 4674 1278 4737 hostis
1299 4675 1344 4737 sui
1363 4675 1506 4738 instantis

160 4773 194 4828 et
215 4764 359 4828 minantis
380 4764 500 4846 procaci
524 4760 717 4825 contemtori:

491 4879 493 4883 ’
531 4879 671 4944 Viramus,
692 4893 756 4931 msa
774 4876 885 4942 Lesbia,
908 4885 992 4951 atque
1013 4892 1142 4943 amemus,

532 4962 718 5030 Rumoresqne
739 4975 833 5013 senum
854 4960 1019 5015 severiorum

473 5071 476 5077 ·
534 5043 633 5098 Omnes
653 5039 734 5096 nnius
755 5038 930 5096 aestimemus
951 5041 1052 5098 assia·
