3692 5842
239 483 305 552 592
665 483 766 534 Literae
784 483 888 548 Kepleri
907 481 1058 547 aliorumque
1075 487 1180 534 mutate

245 661 300 727 “irs
322 669 348 714 et
369 658 423 724 Ἰ...
460 658 508 708 Ubi
527 659 603 724 igitur
620 657 660 708 hie
678 659 763 726 triga?
782 661 820 710 rel
838 660 858 708 si
876 660 968 725 trigam
986 671 1041 710 esse
1059 657 1199 718 oouteudis,
1219 657 1312 709 saltam
1330 657 1454 710 otum
1470 661 1524 722 titt
1540 673 1587 712 ott·

240 736 417 785 siderationem
435 745 527 781 ranam
545 744 599 780 esse
619 736 645 779 et
662 732 781 781 inutilem.
820 731 913 781 Verum
931 730 972 780 hic
991 730 1070 780 obiter
1086 729 1146 778 mibi
1164 731 1280 788 occurrit,
1298 729 1365 794 quod
1383 743 1415 780 aa
1431 735 1459 780 te
1475 743 1587 796 quaem

241 821 295 855 oum
315 805 412 854 rideam
430 811 456 852 te
475 816 531 851 cum
549 802 726 852 recentioribus
744 803 844 852 musicis
863 800 947 850 ditono
966 802 1026 851 dare
1045 801 1225 865 proportionem
1245 797 1297 865 7„
1315 813 1382 866 quaa
1400 801 1552 866 componitur
1564 817 1588 852 ea

243 872 273 938 ⁰1,
294 882 320 925 et
341 871 394 936 ⁹l„„
414 874 508 923 duobus
526 873 622 922 seilicet
640 875 713 930 tonis,
734 874 811 923 altero
838 876 931 936 majore
957 872 1036 921 altero
1054 873 1162 927 minore,
1186 874 1241 937 quis
1258 873 1292 922 sit
1309 885 1370 922 usus
1388 871 1442 920 toni
1459 871 1555 921 moris
1568 883 1588 922 et

240 962 304 1012 quae
323 949 376 1009 eius
395 946 467 994 aedes
485 945 510 993 in
529 944 600 993 scala
620 946 717 995 musica
734 953 780 994 ant
798 945 946 994 diastemate
971 942 1114 1006 diapason?
1133 942 1198 993 liam
1217 951 1244 994 et
1261 941 1397 994 messam
1415 941 1519 992 llottius
1533 943 1587 994 bne

240 1021 346 1084 ignoret,
368 1025 394 1066 et
411 1031 457 1080 ego
475 1016 501 1064 in
524 1016 620 1064 musica
638 1016 689 1066 sire
717 1016 796 1066 vocali
814 1017 865 1065 sire
891 1015 1074 1064 instrumentali
1096 1027 1146 1064 uon
1168 1029 1268 1078 possm
1294 1027 1435 1078 agnoscere
1463 1015 1510 1062 nisi
1526 1029 1587 1064 a·

240 1100 335 1144 tonum,
354 1102 443 1150 nempe
461 1089 588 1149 majorem.
626 1087 685 1135 Esto
714 1089 780 1136 enim
808 1088 932 1136 diaetam
954 1086 1072 1149 diapason
1092 1099 1109 1134 a
1126 1086 1218 1135 Famat
1245 1085 1278 1135 ad
1296 1085 1335 1136 Ge
1361 1085 1400 1134 sol
1418 1099 1446 1134 ra
1464 1091 1493 1134 ut
1511 1083 1587 1150 (conpr

242 1160 298 1209 Vol.
319 1160 339 1217 l,
358 1176 381 1223 p.
402 1154 484 1219 200:
502 1158 544 1208 hio
562 1158 626 1206 iuter
645 1157 670 1206 Γ
684 1165 710 1207 et
728 1160 750 1206 Α
769 1172 795 1207 re
813 1156 969 1206 intervallum
988 1163 1027 1206 est
1043 1156 1116 1205 unius
1135 1157 1196 1212 toni,
1215 1170 1262 1206 uec
1280 1170 1354 1206 mous
1373 1157 1440 1206 luter
1459 1157 1480 1205 Α
1498 1171 1525 1204 re
1542 1157 1587 1208 etb

239 1233 288 1289 mi,
306 1232 366 1281 item
390 1232 457 1279 iuter
475 1227 495 1276 C
514 1234 541 1277 et
558 1227 598 1283 D,
618 1227 708 1278 deiude
727 1230 790 1278 iuter
808 1227 832 1277 D
851 1236 877 1278 et
895 1229 928 1288 E,
954 1233 1029 1293 atque
1053 1226 1153 1277 demum
1169 1227 1234 1277 iuter
1252 1227 1272 1276 F
1290 1236 1318 1276 et
1335 1227 1367 1276 0.
1406 1225 1588 1278 niusaltus·

241 1305 341 1363 doceas,
360 1302 400 1365 qui
420 1315 450 1350 ex
469 1301 521 1347 istis
540 1300 590 1347 siut
608 1300 659 1348 toni
677 1303 792 1362 majores,
812 1301 852 1364 qui
870 1301 985 1348 minores.
1012 1301 1092 1348 Aures
1110 1299 1176 1348 enirn
1194 1313 1267 1349 meae
1284 1298 1427 1348 hebetiores
1445 1305 1513 1356 suut,
1529 1311 1588 1364 qun

241 1382 269 1424 ut
280 1374 376 1437 possint
388 1374 452 1421 inter
464 1386 506 1420 eos
525 1371 674 1427 discernere,
693 1372 737 1421 sed
750 1386 835 1420 omues
854 1372 991 1420 aestimant
1008 1371 1134 1434 aequales
1160 1369 1265 1434 Oportet
1275 1377 1363 1420 autem
1376 1383 1433 1418 esse
1451 1369 1587 1434 iuuqdu.

241 1447 261 1493 si
280 1445 357 1495 ditoni
376 1443 497 1507 proportio
516 1442 619 1490 sumitur
633 1436 676 1503 Ἃ.
702 1441 767 1491 Nam
787 1443 942 1492 diatessaron
964 1436 996 1502 Ἰ.
1016 1456 1047 1490 ex
1065 1441 1182 1506 diapente
1204 1437 1232 1504 Ἰ,
1254 1441 1367 1492 ablatum
1385 1441 1503 1506 relinquit
1519 1449 1587 1490 toan

243 1512 274 1577 ll„
295 1518 424 1577 majorem,
442 1512 539 1561 scilicet
556 1513 596 1576 qui
616 1512 754 1575 duplicatus
773 1514 952 1576 proportionem
971 1511 1044 1562 offert
1063 1505 1139 1574 ⁸⁸1⁸„
1158 1527 1203 1562 seu
1220 1509 1253 1562 tt
1275 1512 1308 1562 td
1327 1507 1371 1568 64.
1391 1515 1512 1574 majorem
1528 1524 1587 1577 qun

241 1587 289 1635 lert
307 1586 370 1634 ratio
388 1584 465 1633 ditoni
485 1582 500 1628 5
521 1583 551 1632 sd
571 1579 596 1629 l.
632 1583 681 1631 Hie
700 1598 747 1647 ego
765 1598 805 1633 me
824 1585 946 1632 extricare
963 1596 1068 1646 nequeo,
1088 1588 1116 1632 tu
1134 1597 1226 1646 quaeso
1244 1597 1285 1631 me
1303 1581 1393 1632 libera

330 1656 440 1705 Transeo
458 1669 524 1703 nuuc
542 1652 575 1702 ad
594 1653 652 1702 alia.
691 1653 782 1704 Stellas
800 1655 862 1704 iscis
880 1654 973 1704 similes
990 1654 1097 1704 Telluris
1120 1655 1205 1718 eisque
1230 1655 1318 1703 tribuis
1341 1653 1475 1710 bumont,
1503 1653 1587 1704 aalma

242 1730 340 1783 dones,
370 1726 464 1789 plurius
484 1733 510 1774 et
528 1731 655 1774 creaturas
681 1727 810 1782 virentes,
837 1739 939 1789 qnorum
964 1731 1080 1775 neutrum
1103 1725 1198 1789 probo,
1225 1731 1255 1774 ut
1271 1738 1354 1788 neque
1371 1723 1437 1780 boc,
1465 1723 1530 1788 quod
1545 1739 1588 1774 eu

243 1799 379 1861 Copemico
397 1796 521 1846 Tellurem
545 1797 623 1844 instar
650 1796 768 1859 planetae
787 1797 843 1846 ierri
861 1798 907 1845 eis.
944 1795 1007 1846 hlihi
1024 1795 1171 1858 probabilior
1197 1796 1293 1846 ridetur
1319 1797 1451 1844 maurus
1468 1793 1501 1844 B.
1520 1794 1589 1850 Ursi,

243 1869 307 1934 quod
326 1868 404 1918 Terra
421 1869 446 1916 in
465 1873 551 1917 centro
569 1867 735 1917 unirersitatis
752 1869 835 1931 posita
852 1875 920 1917 motu
940 1861 1074 1929 δινησεως
1097 1866 1205 1930 quotidie
1230 1865 1307 1916 semel
1332 1873 1503 1916 eonvertatur.
1537 1865 1588 1916 Jor-

242 1941 352 1990 danum
371 1938 510 1988 Bruunm
528 1939 612 2002 prunis
638 1945 731 1988 tostum
749 1939 847 1994 semble,
876 1939 941 2001 quod
968 1938 1079 2003 intelligo
1102 1937 1171 1987 illum
1198 1944 1336 1987 crematum
1355 1951 1432 1992 este:
1459 1951 1548 2001 quaeso
1563 1951 1588 1986 au

244 2019 338 2062 eertum
356 2011 404 2061 hoe
422 2011 456 2059 sit
473 2017 500 2059 et
526 2009 624 2073 quaudo
643 2016 689 2059 aut
715 2024 791 2073 quare
810 2011 834 2058 ei
859 2010 883 2058 id
903 2010 1039 2066 acmderit,
1067 2010 1107 2058 lac
1124 2016 1153 2058 ut
1169 2010 1256 2059 mans.
1293 2007 1401 2058 Miseret
1423 2023 1466 2058 ma
1492 2009 1589 2058 bouhis

242 2084 345 2144 iusuper
363 2088 461 2145 gratum
475 2079 533 2130 mibi
547 2080 643 2134 seceris.
663 2082 684 2130 si
697 2096 727 2130 ex
740 2080 864 2143 Tychonis
882 2097 976 2146 genero
993 2082 1151 2145 quaesiveris,
1171 2089 1198 2130 et
1208 2087 1297 2143 postea
1308 2093 1349 2128 rue
1368 2081 1502 2128 certiorem
1518 2080 1590 2128 teet

241 2156 272 2204 de
292 2152 407 2202 Thema
425 2151 560 2200 Pinchio
579 2151 781 2216 Fleusbnrgensi.
804 2152 900 2201 medico
919 2159 946 2202 et
964 2153 1100 2216 professore
1118 2151 1295 2202 mathematico
1314 2149 1471 2202 Hernieusi,
1489 2163 1521 2200 an
1538 2149 1589 2198 dieu

244 2225 390 2285 abieritne
409 2223 472 2272 forte
495 2221 578 2271 sedern
597 2221 751 2271 mutaverit?
776 2221 871 2284 hletuo,
890 2238 922 2272 ne
941 2229 1050 2272 mortuus
1068 2224 1114 2279 sit,
1138 2237 1195 2272 cunr
1211 2228 1311 2286 praeter
1329 2221 1537 2270 consuetudinem
1548 2223 1590 2282 ira

243 2297 339 2359 integro
358 2294 478 2344 decennio
496 2291 556 2341 nihil
576 2294 608 2341 ad
625 2309 666 2343 me
684 2293 811 2343 literarum
831 2294 934 2354 dederit,
955 2293 1074 2343 rirralde
1093 2293 1180 2343 doetus
1198 2293 1294 2342 etmihi
1314 2291 1467 2342 carinimnt.
1487 2291 1590 2354 (Reliqua

241 2367 358 2431 leguntur
385 2371 469 2415 annot.
489 2363 531 2413 35.
562 2370 588 2413 et
614 2366 639 2413 iu
667 2367 744 2428 praei.
773 2365 806 2415 ad
834 2361 972 2428 Optieam.)
1008 2364 1174 2428 Keplerus
1201 2363 1327 2427 respondit
1344 2361 1370 2411 d.
1392 2361 1418 2412 b.
1439 2365 1500 2426 Apr.
1520 2360 1589 2410 ibid:

243 2437 418 2516 Speoimina
444 2435 648 2515 experientiae
672 2437 709 2496 do
734 2437 908 2516 aspectibus
932 2436 1119 2498 secundariis
1142 2436 1271 2515 plurima
1294 2435 1370 2495 dare
1393 2453 1526 2513 possem.
1546 2433 1589 2494 sed

243 2546 301 2588 non
337 2533 427 2586 uacat
459 2524 628 2585 describere
662 2525 889 2586 observationes
921 2545 1016 2587 meas.
1072 2523 1160 2587 Anno
1194 2524 1314 2605 quidem
1351 2518 1455 2594 1600,
1489 2541 1590 2584 curua

243 2613 296 2678 23.
329 2614 442 2693 Aprilis
472 2614 500 2675 iu
534 2610 565 2674 2.
596 2613 671 2692 Maji
706 2614 777 2693 styli
810 2614 879 2675 novi
914 2614 1013 2676 nullus
1045 2623 1129 2675 esset
1161 2633 1199 2675 ex
1230 2611 1384 2692 primariis
1419 2613 1590 2690 aspectibus,

244 2704 377 2784 quintilis
402 2721 473 2764 vero
498 2699 528 2778 ii,
553 2701 583 2776 ll
605 2703 634 2763 in
660 2702 782 2782 Magino
807 2702 998 2764 exhiberetur
1026 2702 1053 2764 1.
1072 2702 1160 2781 Maji,
1184 2700 1398 2781 copiosissima
1420 2702 1475 2762 nix
1496 2699 1590 2762 cecidit

244 2804 276 2855 et
295 2793 413 2870 Progne
437 2800 469 2853 et
488 2792 516 2853 in
532 2789 637 2872 Styria
660 2790 689 2850 iu
714 2792 826 2870 nuptiis
841 2790 1034 2864 Ferdinaudi,
1059 2800 1091 2853 et
1113 2790 1278 2852 hastiludia
1301 2789 1454 2868 impedita
1478 2790 1590 2851 luerunt

245 2881 392 2945 Consulto
426 2880 509 2941 coelo
543 2880 696 2940 inventum
728 2889 776 2941 est
808 2880 912 2941 iisdem
944 2880 1050 2942 diebus
1080 2880 1160 2942 iuter
1186 2875 1277 2956 52⁰4
1309 2897 1380 2939 esse
1409 2875 1482 2940 72⁰.
1527 2877 1589 2940 hau

245 2970 373 3031 studiosi
393 2968 544 3049 Tychonis
569 2969 596 3028 in
622 2987 718 3029 meam
743 2969 873 3047 gratiam
897 2969 1061 3048 periculum
1080 2970 1215 3030 iecerunt
1238 2967 1409 3047 quadrante
1423 2967 1588 3047 Tychouien

245 3059 334 3120 Talia
357 3058 451 3117 multa
474 3058 607 3136 prolerre
631 3076 753 3137 possum
786 3059 934 3136 exempla.
982 3056 1043 3119 Sed
1067 3066 1160 3118 uota:
1195 3057 1267 3117 nihil
1292 3056 1473 3134 aspectibus
1497 3057 1588 3120 tribuo,

246 3147 301 3207 nisi
326 3147 356 3206 in
378 3164 487 3224 genere
517 3146 793 3207 constitutionem
819 3155 963 3221 naturae,
995 3166 1071 3226 quae
1096 3146 1192 3225 gignit
1215 3153 1361 3205 meteora.
1411 3143 1502 3214 Quod
1524 3143 1586 3202 enim

247 3236 273 3296 in
299 3235 435 3311 exemplo
461 3234 510 3293 nix
535 3235 599 3308 fuit,
627 3235 654 3294 in
680 3235 739 3294 alio
762 3243 865 3315 potest
888 3255 956 3295 osse
980 3236 1082 3313 pluvia
1105 3245 1137 3295 et
1159 3233 1289 3294 similia:
1314 3241 1420 3316 potest
1444 3244 1478 3294 et
1501 3245 1589 3292 rentes

246 3344 314 3385 esse
338 3324 453 3397 siccus,
478 3332 581 3403 potest
606 3324 727 3384 humida
750 3344 818 3384 esse
850 3324 1022 3395 exhalatio,
1052 3323 1150 3402 qualis
1174 3323 1212 3382 de
1236 3322 1283 3382 die
1313 3322 1491 3400 resplendet
1513 3321 1590 3382 instar

245 3413 371 3475 nebulae
396 3412 514 3473 humilis
539 3420 570 3472 et
593 3412 658 3472 luce
683 3410 763 3473 Solis
787 3413 883 3487 clara,
912 3413 1097 3494 praenuncia
1124 3412 1321 3472 elrasmatum.
1372 3409 1418 3470 De
1443 3410 1590 3472 seruiserto

245 3502 415 3582 recipiendo
439 3501 641 3563 necessariam
665 3501 751 3562 addis
776 3502 966 3562 cautionem:
991 3502 1057 3580 jam
1086 3501 1201 3579 pridem
1225 3499 1253 3560 in
1277 3499 1325 3560 his
1349 3499 1500 3560 desudati
1522 3497 1589 3576 cogi·

246 3592 420 3652 tatiouihus.
469 3588 595 3651 Summa
619 3609 749 3651 mearum
774 3590 1011 3670 speculationum
1035 3591 1110 3650 liaeo
1129 3599 1196 3650 est:
1220 3587 1352 3649 musicae
1377 3599 1410 3649 et
1433 3587 1590 3666 aspectibus

245 3699 399 3742 commune
424 3680 481 3740 hoc
506 3699 582 3750 osse,
609 3679 686 3757 quod
710 3687 743 3739 ut
767 3699 900 3759 quaeque
924 3699 996 3759 pars
1015 3678 1117 3740 circuli
1142 3677 1419 3756 geometricoterme
1443 3687 1589 3739 resecatur.

248 3771 290 3829 sic
314 3777 344 3829 et
378 3777 515 3829 naturam
547 3767 684 3828 stimulet
716 3767 841 3843 fortius,
880 3777 1034 3849 aspectum
1072 3768 1281 3837 conformans,
1318 3773 1351 3826 et
1379 3784 1472 3828 aures
1508 3777 1590 3828 motti

248 3857 433 3929 euidentius,
465 3856 650 3917 harmoniam
682 3857 878 3919 constituens.
937 3857 1042 3936 ltaque
1073 3867 1106 3917 ut
1138 3855 1167 3915 in
1200 3855 1314 3916 musica
1354 3846 1388 3934 Ἰ,
1423 3867 1474 3917 est
1504 3855 1591 3918 lertiot

246 3965 333 4025 (priam
365 3939 397 4027 Ἰ,
426 3945 511 4024 (quin
544 3945 652 4005 divisio
686 3946 786 4005 circuli
812 3947 840 4006 in
866 3944 886 4008 8
911 3956 959 4006 est
987 3964 1044 4007 uno
1077 3945 1172 4023 gradu
1202 3943 1343 4005 remotior
1367 3945 1398 4003 in
1423 3943 1591 4022 geometrici

244 4034 483 4115 pulchritudine,
514 4053 603 4114 quarn
637 4033 744 4093 divisio
769 4035 797 4094 in
821 4033 871 4102 4),
906 4035 948 4095 sie
972 4035 1063 4095 etiam
1087 4035 1117 4094 in
1149 4032 1316 4112 astrologia
1338 4027 1403 4096 90⁰
1432 4033 1590 4094 validiorem

248 4125 320 4184 dant
347 4133 511 4200 aspectum,
538 4142 626 4201 quam
651 4117 720 4183 45⁰.
769 4122 829 4184 Sed
856 4123 921 4201 jam
949 4143 1022 4184 suae
1056 4131 1221 4202 sequuntur
1250 4120 1419 4201 quamlibet
1451 4121 1590 4182 seientiam

244 4212 458 4294 proprietates.
505 4213 540 4272 hi
565 4211 680 4272 musica
704 4230 761 4272 non
786 4220 903 4275 tantum
934 4212 1091 4274 considero
1119 4221 1237 4291 partem
1265 4209 1297 4282 l,
1322 4219 1354 4272 et
1378 4219 1477 4272 toturn
1500 4207 1530 4282 l,
1549 4205 1590 4270 sel

245 4302 337 4361 etiarn
361 4301 510 4360 residuum
527 4297 556 4363 3.
597 4299 699 4360 Causa
723 4301 796 4361 haec
812 4312 868 4374 est,
894 4302 963 4379 qtria
982 4301 1071 4361 datur
1094 4300 1257 4380 duplicatio
1282 4298 1482 4378 longitudinis
1503 4299 1589 4376 cujus·

246 4390 319 4450 libet
342 4390 472 4449 chordae
496 4389 523 4449 in
551 4389 704 4449 inlinitum.
744 4387 824 4459 Quia
847 4391 927 4451 enim
954 4385 983 4468 Ἴ,
1013 4399 1170 4462 consonat,
1195 4397 1319 4466 ergoet
1342 4383 1393 4466 Ἄ,
1419 4389 1468 4449 uhi
1495 4388 1519 4454 Ι.
1537 4379 1589 4454 Zl

245 4487 316 4537 snut
345 4478 372 4537 in
406 4478 497 4555 dupla
531 4478 691 4548 continua,
725 4487 756 4539 nt
791 4481 832 4540 ita
866 4497 990 4539 necesse.
1024 4477 1066 4538 sit
1095 4475 1128 4560 Ἰ,
1155 4495 1332 4538 consonare.
1383 4477 1416 4538 ln
1442 4475 1590 4552 astrologis

245 4587 314 4626 reru
339 4585 395 4625 non
422 4566 493 4627 lieet
516 4567 586 4627 inihi
612 4568 763 4645 duplicare
788 4579 906 4647 partein
931 4567 1114 4640 utramlibet,
1139 4565 1268 4627 circulus
1292 4565 1371 4626 enim
1386 4583 1441 4645 per
1464 4579 1587 4644 aspectu

245 4654 421 4715 dividendus
446 4675 563 4734 semper
587 4655 665 4716 idern
691 4667 748 4717 est.
796 4656 883 4726 Quod
909 4658 1000 4735 igitur
1022 4657 1081 4718 duo
1104 4656 1246 4736 planetae
1270 4655 1423 4715 distantes
1448 4675 1502 4735 per
1523 4647 1588 4714 tte·

245 4755 423 4823 operantur,
447 4744 477 4803 id
502 4764 560 4804 nnn
593 4744 707 4805 iaciunt
731 4744 768 4805 ob
798 4746 871 4819 hoc,
898 4747 968 4825 quia
997 4741 1099 4826 ³⁶⁰lm
1137 4751 1185 4804 est
1215 4743 1414 4824 qrradruplum
1437 4745 1476 4804 de
1503 4739 1584 4820 ⁹722..

245 4852 313 4892 nam
338 4829 403 4894 270
427 4851 483 4891 non
509 4842 555 4894 est
581 4833 698 4914 integer
725 4834 870 4908 circulus,
900 4835 954 4895 sed
978 4834 1016 4895 ob
1040 4835 1112 4906 hoe,
1136 4831 1207 4912 quia
1235 4832 1388 4894 residuum
1412 4827 1456 4894 90
1478 4831 1513 4894 de
1533 4821 1583 4890 27⁰

245 4931 386 4998 estpars
412 4920 503 4981 totius·
527 4921 631 4985 circuli
655 4917 837 5002 geometrice
862 4934 991 4986 resecta.
1029 4923 1071 4985 Et
1089 4923 1134 4984 sic
1157 4921 1309 4982 residuum
1333 4921 1390 4982 hoe
1413 4917 1477 4986 2ῖο
1498 4909 1581 4982 tell

245 5008 317 5070 nihil
339 5009 413 5070 l'acit
429 5028 483 5089 per
497 5029 542 5084 se,
566 5013 621 5074 sed
640 5021 760 5075 tantum
782 5021 904 5092 propter
919 5010 973 5076 90.
1012 5013 1169 5076 Breviter:
1195 5011 1234 5072 ad
1249 5011 1427 5090 quadratum
1449 5011 1576 5072 eticae·
