3692 5842
756 479 897 545 casnm.
1442 477 1507 545 353

144 653 203 717 ΡΝ
224 655 266 717 ad
288 653 363 731 ΡΟ,
388 662 421 718 et
452 656 541 719 simul
572 663 607 719 ut
630 656 684 719 PR
707 659 746 720 ad
769 661 826 722 PN
856 662 899 723 sic
922 663 979 725 ΡΝ
1002 661 1041 723 ad
1063 660 1139 734 PM,
1174 659 1233 722 erit
1254 665 1290 720 nt
1311 659 1365 720 PL
1389 658 1428 720 ad
1450 658 1508 723 PR

144 744 191 805 sic
213 744 275 807 PM
297 745 336 806 sd
359 742 426 816 ΡΟ
463 746 506 807 Ει
528 745 713 808 seorsim
679 755 713 808 u
735 749 797 811 ML
820 750 858 811 ad
882 748 943 821 ΟΒ
966 751 1010 812 sic
1033 749 1094 810 PM
1117 750 1155 810 ad
1178 746 1244 821 PQ,
1270 757 1302 808 et
1320 748 1448 827 junctim
1472 755 1507 810 ut

143 833 216 906 ML,
240 831 302 904 ΟΒ
324 833 414 897 simul
437 835 476 897 ad
499 835 561 896 ML
583 836 627 897 sic
649 836 719 910 PM,
743 836 800 908 ΡΟ
823 840 920 913 simul,
948 841 976 902 b.
1001 858 1027 902 e.
1052 836 1126 911 ΜΟ,
1152 838 1190 899 ad
1214 837 1283 899 ΡΜ.
1332 834 1408 898 Cum
1433 855 1505 917 ergo

143 918 494 1002 setensteten,
527 925 584 985 hoc
608 932 655 987 est
678 924 728 987 SP
758 922 864 1010 ael„
899 928 957 990 erit
979 929 1041 989 ML
1065 920 1162 1009 62⁵1,
1208 926 1251 987 Et
1283 943 1350 987 cum
1377 924 1442 987 ΒΜ
1465 926 1507 987 sit

143 1005 229 1096 96“Ι
257 1011 345 1092 plns,
378 1010 442 1083 ΟΜ
473 1031 545 1074 vero
569 1007 676 1094 26³l„
710 1015 768 1077 erit
799 1017 859 1087 RQ
890 1012 987 1100 tol..
1035 1016 1158 1078 Summa
1194 1006 1311 1096 132Ἰ.
1358 1015 1402 1077 Ut
1433 1032 1504 1094 ergo

147 1095 252 1181 132Ἰ
280 1101 319 1162 ad
343 1094 426 1183 62⁶1,
454 1102 499 1165 sic
523 1096 605 1184 267,
634 1104 672 1164 ad
696 1104 755 1165 PM
783 1100 875 1186 ¹270,
901 1108 962 1168 ML
985 1124 1055 1166 iero
1081 1097 1178 1185 627,
1203 1113 1235 1165 et
1256 1101 1322 1179 PH,
1347 1103 1403 1165 LD
1426 1103 1504 1165 duae

142 1189 363 1254 semidiametri
386 1191 551 1263 foraminis,
575 1191 693 1254 scilicet
719 1187 811 1274 16¹1,
861 1194 986 1257 Summa
1008 1193 1067 1255 HD
1091 1187 1175 1275 911ΙΒ
1204 1192 1276 1253 fere.

235 1277 312 1342 Cum
336 1297 408 1359 ergo
436 1279 496 1345 105
507 1274 538 1363 Ἰ2
577 1280 691 1344 faciant
725 1283 837 1362 digitos
866 1282 922 1360 12,
952 1284 1102 1346 residuum
1130 1275 1210 1362 13Ἰ8
1248 1280 1360 1343 efficiet
1390 1279 1503 1359 digitos

145 1361 204 1448 1Ἰ,
235 1368 309 1437 fere,
333 1382 367 1431 at
390 1368 539 1449 quidhoc
563 1371 594 1431 in
617 1370 730 1432 oculari
754 1373 966 1436 aestimatione
990 1374 1090 1435 differt
1114 1372 1152 1433 ab
1181 1365 1267 1451 l²l,?

234 1454 313 1519 (lum
335 1457 428 1537 igitur
450 1465 483 1521 et
506 1459 555 1521 hic
578 1478 625 1520 me
654 1479 760 1524 sensus
783 1481 859 1541 pene
888 1464 1106 1529 destituerent,
1138 1458 1271 1538 cogitavi
1295 1465 1327 1519 et
1350 1457 1386 1519 de
1410 1457 1503 1520 tertia

141 1544 263 1607 ratione
290 1547 460 1610 metiendae
489 1549 629 1611 diametri
651 1550 756 1611 Lunae
784 1551 813 1611 in
843 1552 1004 1631 eclipsibus
1029 1549 1131 1612 Solis:
1166 1566 1242 1627 qnae
1265 1548 1329 1627 jam
1357 1545 1502 1627 sequitur.

231 1634 432 1698 Problema
453 1637 541 1701 XIIL
588 1639 629 1699 In
654 1639 787 1719 eclipsi
806 1639 910 1702 Solis
933 1661 999 1720 per
1022 1646 1106 1702 ante
1131 1637 1371 1701 fabrefactas
1395 1635 1503 1697 lunu-

140 1722 198 1785 las
222 1725 428 1788 aestimare
456 1727 677 1790 diametrum
700 1728 823 1790 Lunae
854 1731 1028 1810 expedite
1052 1735 1089 1790 et
1117 1736 1209 1789 tuto.
1256 1724 1350 1788 Ratio
1374 1724 1504 1787 omnium

141 1830 219 1890 qnae
253 1815 421 1892 excogitari
455 1825 583 1895 possunt
605 1816 695 1896 plane
727 1818 912 1894 certissima,
947 1818 1094 1899 quaevel
1118 1815 1237 1878 solaiu
1262 1822 1445 1886 causaest,
1469 1822 1503 1876 ut

141 1900 220 1963 hanc
251 1902 416 1965 editionem
447 1915 614 1967 maturam:
646 1906 731 1985 cupio
756 1908 834 1970 enim
858 1915 892 1969 nt
918 1906 1144 1978 mathematici,
1178 1904 1285 1985 quibus
1318 1903 1503 1966 astronomia

140 2008 232 2053 curae
255 1999 317 2066 est,
344 1993 486 2074 eclipsin,
512 2014 588 2074 qnae
613 1994 713 2056 futura
737 2005 785 2058 est
808 2017 886 2059 anuo
914 1992 1007 2060 1605.
1037 1996 1085 2057 die
1109 1992 1140 2056 2.
1169 1991 1218 2055 12.
1244 1991 1386 2054 Octobris
1409 2009 1502 2071 prope

141 2080 334 2159 perigaeum,
357 2082 386 2144 iu
411 2083 488 2145 hunc
511 2084 630 2145 modum
654 2083 825 2148 observent.
871 2087 952 2148 Nam
985 2078 1238 2147 ann01601.in
1266 2081 1333 2160 ipso
1365 2099 1501 2160 apogaeo
1623 2150 1626 2154 ,

142 2168 347 2248 pulcherrima
380 2172 453 2234 mibi
485 2173 635 2235 serenitas
666 2174 797 2236 affulsit:
830 2182 862 2235 et
893 2175 957 2238 fieri
989 2180 1093 2254 potest
1116 2178 1150 2234 ut
1177 2170 1377 2250 impediantur
1409 2168 1502 2249 aliqui

142 2258 283 2338 quamvis
315 2259 498 2340 cupidissimi
531 2262 659 2324 nubibus
691 2263 740 2324 vel
770 2264 953 2326 valetudiue.
1006 2262 1119 2325 Omnes
1152 2260 1243 2340 igitur
1274 2267 1400 2339 paratos
1433 2276 1501 2320 esse

141 2347 277 2428 expedit.
323 2348 443 2411 Etenim
468 2371 505 2412 ex
528 2350 689 2414 collatione
713 2352 851 2414 diametri
874 2354 904 2415 in
928 2371 1063 2434 apogaeu
1086 2358 1118 2411 et
1144 2350 1286 2431 perigaeo
1317 2347 1355 2409 de
1375 2367 1448 2410 vera
1470 2353 1504 2409 et

145 2436 335 2516 geometrica
358 2439 584 2503 eccentrieitate
600 2441 704 2502 Lunae
723 2442 752 2502 in
777 2441 1036 2521 conjunctionibus
1060 2440 1134 2501 certi
1156 2439 1225 2519 quid
1250 2437 1387 2499 concludi
1410 2443 1501 2516 pote-

141 2526 189 2602 ιιι,
216 2526 298 2605 quod
321 2528 507 2591 fundamenti
532 2530 597 2592 loco
621 2530 663 2591 sit
686 2530 724 2591 ad
749 2531 960 2610 disputandum
985 2532 1020 2591 de
1045 2528 1145 2591 causis
1168 2527 1312 2609 physicis.

229 2615 284 2677 Ad
306 2635 378 2678 rem.
427 2615 539 2697 Capiat
561 2619 663 2698 itaque
688 2620 786 2681 rotula
810 2629 916 2681 nostra
943 2638 1114 2702 papyraceo
1135 2636 1190 2696 pro
1219 2616 1324 2694 tigillis
1348 2623 1380 2676 et
1402 2613 1500 2676 indice

140 2704 336 2767 solidinscnlo
358 2724 471 2787 proque
495 2709 600 2787 regula
622 2709 820 2771 transversali
843 2709 930 2771 binas
956 2711 1077 2771 ansulas
1099 2710 1243 2775 retortas,
1266 2704 1370 2765 itidem
1394 2703 1499 2782 paral-

141 2794 217 2855 lelas
242 2793 383 2873 signatae
407 2796 569 2869 diametm,
596 2798 650 2858 sed
674 2808 762 2859 extra
786 2800 888 2860 circuli
912 2798 1113 2877 complexum,
1140 2794 1189 2875 qni
1213 2794 1277 2872 ejus
1302 2791 1361 2853 diei
1384 2791 1501 2853 radium

140 2884 276 2945 metitur.
323 2884 409 2945 Intra
432 2885 487 2945 has
511 2887 635 2948 ansulas
659 2895 801 2966 aptentur
825 2889 889 2948 loco
913 2884 1129 2949 transversalis
1158 2883 1263 2945 foliola
1287 2881 1446 2962 quadrata,
1470 2881 1501 2944 in

141 2992 265 3052 quornm
280 2972 378 3033 medic
398 2973 520 3048 circelli,
544 2984 689 3054 quantam
713 2978 899 3055 suspicamur
923 2977 1053 3038 futuram
1081 2974 1260 3036 diametrum
1280 2972 1385 3032 Lunae
1409 2970 1501 3031 dimi-

142 3072 264 3137 nutam,
297 3061 490 3125 circumcirca
513 3065 737 3126 semidiametro
761 3067 939 3128 fenestellae
971 3074 1103 3129 nostrae.
1150 3063 1243 3123 Ferat
1271 3068 1373 3121 autem
1404 3060 1502 3121 rotula

140 3171 226 3214 suum
249 3150 442 3213 nihilominus
475 3153 600 3214 indicem
626 3172 663 3213 ex
687 3162 804 3227 centro,
833 3173 1035 3236 papyraceum
1060 3155 1125 3215 loco

139 3244 247 3324 prioris
286 3240 387 3318 lignei.
446 3241 526 3303 Nam
564 3242 651 3321 hujus
687 3261 772 3303 usum
810 3253 918 3321 postea
954 3243 1122 3304 ostendam.

140 3333 258 3395 foliola
285 3346 357 3389 vero
392 3332 612 3403 cancellantur,
653 3333 780 3392 resectis
813 3334 850 3393 de
883 3332 1124 3394 circumferentia

141 3421 307 3486 lunulamm
331 3418 467 3495 partibus
491 3420 596 3501 papyri
620 3429 830 3499 praeterquam
854 3442 873 3482 a
895 3421 1048 3494 lateribus,
1074 3421 1124 3481 ubi

140 3510 296 3574 brachiola
319 3507 515 3587 relinquenda
535 3509 642 3570 lunulis
666 3509 830 3570 retinendis
849 3511 879 3572 iu
897 3510 1035 3589 quadrati
1061 3509 1123 3570 folii

138 3609 254 3665 centm.
293 3597 344 3658 Ite
363 3596 416 3657 fiet
429 3606 463 3658 ut
480 3598 630 3677 signatam
646 3597 676 3658 in
696 3600 793 3660 rotula
817 3600 994 3660 diametrum
1013 3598 1123 3660 nihilo-

139 3692 236 3752 minus
264 3687 368 3748 videre
402 3686 517 3764 possis,
554 3705 611 3746 non
645 3687 805 3766 impeditus
834 3690 980 3767 quadrato
1010 3687 1122 3749 foliolo.

139 3779 257 3851 Quibus
281 3776 326 3836 sic
350 3776 522 3853 apparatis,
548 3775 653 3855 eclipsi
677 3775 758 3837 Solis
782 3777 942 3855 incipiente
966 3786 998 3837 et
1020 3778 1125 3855 regula

138 3863 334 3930 instrumenti
367 3882 432 3924 cum
467 3864 587 3926 tabellis
616 3865 645 3925 in
676 3863 776 3926 Solem
811 3867 952 3939 directis,
986 3866 1125 3927 volvatur

138 3958 238 4020 rotula
257 3955 338 4016 circa
362 3952 520 4026 axiculum,
547 3953 678 4015 foliolum
697 3973 768 4015 vero
788 3955 868 4017 iutra
891 3954 1006 4016 rotulae
1031 3974 1124 4015 ansu-

138 4050 183 4109 las
207 4064 264 4124 per
287 4042 398 4104 lineam
422 4052 537 4103 rectam
562 4062 677 4104 sursum
703 4045 850 4117 deorsum,
876 4045 969 4105 donec
993 4062 1125 4105 summus

138 4134 259 4198 lunulae
283 4148 389 4209 margo
407 4131 436 4192 in
458 4132 723 4211 profundissimum
738 4133 859 4195 umbrae
874 4132 990 4213 apicem
1008 4133 1124 4194 sedeat.

137 4225 234 4305 Igitur
256 4224 289 4285 in
318 4220 423 4298 eclipsi
446 4222 626 4300 majuscula,
657 4222 682 4281 si
707 4223 809 4284 lunula
832 4229 886 4283 tua
913 4222 998 4300 justo
1029 4221 1125 4299 major

137 4312 236 4388 fuerit,
251 4310 335 4391 prius
356 4310 760 4388 tegetalateribnscornua
779 4311 864 4385 radii,
886 4311 1121 4392 quamafronte
1255 4317 1308 4381 Flu
1331 4313 1391 4365 116

137 4402 310 4464 interiorem
321 4398 395 4459 radii
411 4399 578 4460 deficientis
593 4400 812 4462 circumferant
791 4409 865 4462 tram
880 4410 1004 4502 tangere
1016 4402 1243 4591 possitpN

136 4492 189 4554 Sin
205 4490 304 4552 minor
318 4489 412 4567 justo,
429 4488 606 4567 applicata
600 4490 638 4567 igi
642 4498 722 4551 tura
737 4491 817 4551 frtou
819 4510 834 4550 e
854 4488 982 4567 margini
1000 4489 1122 4550 umbrae
1157 4409 1459 4660 Ι-ΛΙ

135 4581 251 4654 Lunae,
269 4576 447 4640 alateribus
465 4597 522 4638 non
538 4588 715 4657 assequetur
734 4578 1016 4649 circumferentiam,
1034 4598 1122 4658 qnam

135 4670 165 4730 in
188 4668 289 4731 medio
313 4666 422 4743 tangit
471 4667 578 4745 Itaque
602 4677 753 4729 commuta
780 4668 917 4739 lunulas,
947 4668 1041 4727 donec
1064 4687 1124 4727 una
1382 4655 1460 4912 Ι--Ι

135 4759 240 4838 aliqua
271 4755 393 4836 plane
385 4774 415 4816 ιιι
440 4754 611 4817 interiorem
645 4757 721 4818 radii
752 4756 1021 4818 circumferentiam
1050 4692 1192 4834 aptais
1227 4778 1259 4824 ,ι

135 4847 187 4910 sit
234 4847 294 4909 Illa
316 4845 426 4926 prodet
449 4845 505 4907 tibi
529 4845 679 4908 visibilem
702 4847 806 4907 Lunae
831 4846 1020 4908 diametrum
1160 4825 1345 4921 ss
1347 4785 1460 4915 ul

223 4939 315 5001 Anno
342 4930 438 4997 1601.
467 4931 515 4997 14.
541 4933 592 4999 24
619 4935 795 4997 Decembris
818 4936 937 5015 Pragae
960 4939 1164 5024 Bohcmiaej
1216 4916 1461 5030 -Ι

135 5048 190 5110 per
213 5028 362 5091 usitatum
384 5042 482 5086 meum
508 5025 747 5101 instrumentum,
771 5027 932 5090 fenestella
946 5029 1019 5092 nihil
1039 5053 1122 5096 com·
1163 5026 1215 5034 ”

188 5130 277 5181 [opteri
291 5131 370 5180 opera.
391 5129 417 5170 11.
1249 5137 1282 5188 23
