3692 5842
389 475 455 543 748
865 477 906 528 ne
925 409 1272 541 seu-ammam

387 656 513 720 Addent
535 652 627 735 aliqui
651 661 682 713 et
696 660 832 733 tempns3
856 653 995 716 nimimm
1009 653 1080 736 quia
1103 652 1294 733 sexagesimo
1308 652 1359 715 die
1377 662 1456 735 post
1476 665 1624 719 exortu
1644 657 1740 720 atellae

389 746 539 807 Saturnus
562 744 601 804 ad
614 743 732 804 Noram
755 743 849 817 venit,
872 752 942 804 rata
963 744 1056 823 igitur
1077 742 1179 804 futura
1201 741 1263 804 ista
1282 751 1356 824 post
1375 753 1493 807 annun
1514 746 1741 825 ungam

389 835 432 896 Et
455 834 525 916 quia
548 841 619 895 tunc
642 831 696 893 Sol
725 831 842 912 quoque
869 851 1016 912 praesens
1040 833 1098 894 init
1120 831 1253 896 Saturno
1276 841 1310 894 et
1330 834 1459 909 Novae,
1488 833 1659 897 ntifieatiu
1677 835 1742 898 bet

389 922 516 985 multum
539 920 664 984 habebit
686 920 878 983 solennitatis
901 922 1016 1003 eritque
1039 921 1219 983 abscondita
1241 921 1280 983 ab
1295 922 1392 983 oculis
1415 923 1505 1004 vulgi
1523 933 1561 985 et
1573 925 1743 988 anamim

386 1030 441 1094 per
463 1012 619 1073 literatos:
644 1029 704 1070 nou
728 1008 759 1070 in
782 1018 934 1072 conventu
955 1010 1056 1092 aliquo
1078 1010 1199 1091 publico
1222 1019 1256 1071 et
1272 1009 1363 1073 valde
1385 1012 1571 1094 conspicuo,
1594 1013 1656 1076 nisi
1676 1013 1744 1076 iorte

387 1120 561 1183 paucorum,
585 1100 640 1161 sed
660 1117 716 1179 per
738 1099 854 1161 literas.

477 1190 685 1270 Quamquam,
708 1188 788 1269 quod
810 1188 889 1251 hanc
920 1186 1202 1250 determinationem
1233 1186 1379 1270 temporis
1400 1187 1538 1264 attinet,
1568 1190 1744 1254 exm'm

389 1286 476 1341 extra
497 1277 713 1360 principiorum
740 1284 911 1338 nostrornm
938 1276 1059 1337 limites.
1105 1277 1185 1339 Nam
1207 1276 1239 1358 si
1259 1276 1344 1339 locus
1366 1284 1399 1338 ct
1429 1286 1560 1359 tempus
1593 1280 1743 1342 stellreir

393 1364 451 1432 18⁰
473 1375 503 1441 ,ἵ
527 1368 564 1429 01)
597 1385 791 1446 congressum
818 1367 906 1428 Jovis
937 1375 969 1427 et
990 1365 1101 1427 Martis
1133 1365 1255 1429 inerunt
1285 1367 1385 1429 electa
1410 1386 1432 1427 a
1454 1368 1547 1430 Deo:
1582 1377 1658 1431 tane
1680 1388 1743 1432 ou-

389 1476 513 1537 gressus
543 1455 603 1518 iste
626 1455 750 1519 Saturni
782 1473 849 1517 cum
870 1456 961 1517 Nova
988 1463 1060 1535 post
1093 1453 1172 1516 diem
1205 1455 1426 1535 sexagesimum
1459 1458 1663 1520 necesearius
1689 1457 1743 1530 in't,

390 1566 449 1608 non
473 1546 628 1627 quaesitus
652 1565 671 1605 a
692 1546 769 1607 Deo.
815 1545 880 1606 Aut
902 1543 994 1623 igitur
1013 1546 1098 1606 Deus
1120 1551 1217 1606 totam
1238 1544 1283 1606 rei
1306 1544 1569 1624 significationem
1593 1547 1742 1610 rumh

387 1635 559 1717 praevisam
583 1634 805 1715 specialitatem
833 1641 968 1696 motuum
999 1632 1175 1695 coelestium
1197 1633 1367 1715 disposuit,
1388 1635 1479 1715 'quod
1513 1636 1685 1699 absurdum
1702 1649 1742 1697 ert

390 1724 480 1798 (nihil
505 1724 583 1785 enim
607 1723 777 1784 hominibus
800 1723 894 1784 mittit
915 1730 1040 1803 propter
1062 1722 1190 1796 coelum,
1214 1723 1269 1786 sed
1291 1722 1330 1784 ad
1352 1741 1400 1797 ea,
1423 1743 1505 1804 quae
1530 1725 1684 1790 missum
1702 1737 1742 1786 ert

386 1814 569 1887 hominibus,
599 1812 797 1892 significanda
825 1812 948 1892 ponitur
969 1812 1013 1872 uti
1034 1812 1144 1885 coelo),
1170 1812 1267 1873 autin
1286 1830 1329 1885 re,
1353 1831 1446 1892 quam
1460 1814 1553 1877 Deus
1573 1833 1632 1896 per
1648 1814 1742 1876 stellae

387 1902 627 1985 conjunctionem
651 1920 717 1964 cum
732 1903 811 1965 Jove
835 1909 867 1962 et
882 1902 983 1962 Marte
1007 1900 1198 1980 significavit,
1215 1901 1340 1964 Saturni
1364 1920 1557 1982 congressus
1581 1923 1651 1966 0010
1667 1904 1741 1967 riou

385 1992 565 2055 naturaliter
587 1991 700 2071 poterit
722 1990 792 2063 illa,
825 2009 901 2071 quae
927 1990 964 2052 de
989 2009 1067 2051 anno
1096 1990 1285 2070 sexagesimo
1318 1989 1469 2067 diximus,
1503 1993 1610 2074 (quod
1637 2011 1740 2055 rom

388 2091 437 2144 est
466 2080 747 2156 absurdissimum),
779 2086 912 2141 statuere
945 2080 982 2140 de
1005 2098 1037 2140 re
1069 2078 1215 2142 divinitus
1250 2079 1421 2142 exhibenda
1459 2091 1592 2162 praeter
1627 2093 1738 2146 naturae

385 2172 522 2233 modum:
555 2179 609 2231 aut
637 2169 708 2250 quia
737 2179 875 2231 neutrum
904 2168 1011 2230 horum
1041 2187 1160 2244 verum,
1192 2169 1270 2230 hunc
1293 2168 1419 2231 Saturni
1450 2188 1657 2251 congressum
1682 2190 1738 2234 cu

384 2262 475 2324 Nova
496 2279 556 2320 non
570 2258 736 2340 poterimus
754 2258 793 2320 ad
810 2258 999 2337 conjecturas
1012 2266 1136 2320 nostras
1159 2257 1334 2320 formandas
1349 2258 1509 2321 adhibere.
1552 2261 1636 2323 illud
1649 2271 1736 2322 uma

386 2369 445 2412 non
469 2347 587 2411 difficile
610 2355 658 2410 est
681 2347 841 2426 colligere:
873 2347 945 2427 qnia
973 2346 1065 2408 stella
1087 2348 1168 2410 ultra
1195 2348 1345 2428 integmm
1376 2366 1489 2410 annum
1515 2349 1661 2425 duniit,
1684 2367 1735 2411 ren

377 2438 550 2518 significari
580 2437 668 2498 valde
701 2437 881 2498 diuturnam.
930 2436 1123 2499 cometarum
1156 2436 1234 2499 enim
1264 2436 1366 2498 nullus
1393 2444 1460 2499 tam
1489 2438 1657 2501 diuturnus
1679 2438 1734 2500 trit

387 2527 565 2610 Quanquam
596 2527 672 2588 haec
695 2543 752 2605 ego
780 2526 817 2586 de
849 2525 1015 2588 mutatione
1040 2525 1070 2587 in
1100 2527 1209 2588 melius
1236 2545 1296 2589 nou
1327 2534 1417 2588 tanta
1449 2527 1569 2590 fiducia
1599 2527 1735 2610 praedica

386 2628 499 2699 quanta
527 2637 599 2679 usus
623 2626 672 2677 est
692 2615 848 2677 Riislinus.
895 2614 978 2685 Quid
1004 2613 1031 2675 si
1053 2635 1181 2696 namque
1205 2616 1292 2695 longe
1316 2614 1407 2677 aliter
1439 2617 1677 2697 interpretanda
1699 2629 1736 2678 ert

385 2707 441 2769 illa
461 2707 570 2786 religio
593 2704 739 2768 Saturnia
761 2704 809 2765 vel
835 2703 886 2764 ille
908 2704 1058 2784 propheta
1082 2705 1253 2779 Saturnius,
1276 2704 1326 2786 qui
1350 2725 1369 2765 a
1391 2705 1483 2767 Nora
1508 2706 1606 2768 stella
1627 2706 1734 2787 ejusqui

386 2816 453 2859 cum
476 2797 608 2860 Saturno
631 2813 779 2856 consensu
803 2793 834 2854 in
857 2792 1016 2855 latitudine
1046 2793 1255 2874 significatur?
1292 2794 1406 2855 Horret
1433 2794 1560 2857 animus
1588 2796 1734 2877 expirare.

386 2906 462 2968 quas
492 2882 693 2948 ominationes
722 2882 796 2944 mihi
826 2882 1000 2962 suppeditet
1030 2903 1176 2963 praeseus
1202 2902 1303 2944 rerum
1335 2883 1432 2944 iacies
1462 2893 1495 2945 et
1524 2885 1668 2968 exempla
1692 2902 1735 2966 prr
1769 2889 1770 2900 ¹

386 2995 489 3038 omnes
521 2973 661 3036 nationes
690 2971 787 3033 obvia.
834 2972 897 3034 Sed
927 2972 1115 3033 commodum
1145 2971 1307 3034 intervenit
1328 2973 1553 3053 Harpocrates.
1601 2974 1734 3037 minian
1768 2925 1770 3008 Ι

386 3064 536 3127 Saturnus
560 3063 659 3142 friget,
684 3062 832 3123 Saturnus
855 3069 1024 3122 contemtor
1047 3070 1104 3136 est,
1121 3061 1271 3124 Saturnus
1295 3062 1396 3123 omnia
1418 3082 1536 3143 susque
1561 3064 1658 3145 deque
1679 3065 1734 3126 iot
1769 3031 1770 3078 l

387 3155 536 3217 Saturnus
559 3172 682 3232 pressus
702 3161 733 3212 et
749 3158 872 3211 coactus
891 3151 991 3210 ornnia
1008 3151 1131 3212 simulat
1154 3150 1394 3230 dissimulatque,
1418 3152 1523 3213 omnia
1548 3153 1731 3232 pervestigat

387 3245 486 3306 omnia
510 3250 675 3318 scrutatur,
704 3240 803 3302 omnio
827 3240 1013 3319 suspicatur,
1046 3242 1145 3301 oruuia
1169 3250 1311 3320 suspecta
1334 3240 1421 3314 iacit,
1457 3241 1596 3304 animum
1622 3242 1732 3304 indunt

385 3333 583 3414 pertinaciam
614 3329 718 3392 induit.
765 3327 833 3389 Hic'
853 3350 928 3390 unus
959 3339 1022 3403 est,
1053 3331 1103 3411 qui
1134 3331 1180 3391 rel
1205 3332 1319 3392 ancas
1350 3330 1439 3391 malis
1469 3329 1663 3393 Christianis
1688 3349 1732 3391 un·

386 3424 517 3497 foedere,
535 3422 588 3483 sed
607 3420 722 3482 occulto
738 3428 769 3479 et
785 3418 967 3492 inconfesso,
987 3420 1104 3481 sociare
1119 3421 1240 3499 poterit
1279 3418 1353 3489 (Ubi
1370 3419 1491 3480 venerit
1508 3421 1594 3483 iilius
1610 3420 1731 3482 uonna

385 3523 475 3595 putas
499 3513 577 3594 quod
601 3512 689 3571 fidem
713 3508 886 3570 inventurus
911 3509 953 3569 sit
967 3507 997 3568 in
1015 3510 1118 3571 Terris
1128 3510 1157 3583 ?)
1181 3511 1244 3571 Nec
1268 3508 1330 3569 ulla
1352 3527 1453 3587 poena
1471 3519 1539 3571 tam
1556 3520 1606 3572 est
1630 3528 1730 3589 magua

387 3623 475 3686 quarn
499 3622 557 3664 non
579 3598 785 3661 memerimus.

871 3743 903 3814 E
930 3762 956 3833 p
983 3740 998 3811 i
1024 3740 1041 3812 l
1068 3762 1090 3814 o
1119 3763 1145 3834 g
1172 3764 1199 3814 u
1225 3761 1254 3813 s.

474 3888 609 3970 Exposui
630 3890 732 3949 omnes
755 3883 869 3957 modos,
894 3884 1001 3964 quibus
1025 3891 1097 3963 puto
1121 3882 1290 3943 methodica
1315 3880 1417 3961 aliqua
1440 3882 1568 3945 ratione
1592 3886 1632 3948 ad
1651 3883 1728 3965 eiga

388 3979 508 4044 ficatum
531 3978 638 4040 stellae
662 3973 810 4056 perveniri
831 3992 940 4052 posse:
966 3992 1041 4052 quos
1064 3990 1138 4051 rogo
1163 3973 1305 4033 lectorem
1329 3971 1437 4031 iterum
1462 3981 1560 4053 atque.
1586 3976 1727 4037 iterant:

385 4090 424 4132 ex
447 4070 592 4131 assumtis
620 4064 775 4147 principiis
799 4061 949 4122 aestimet.
978 4060 1125 4140 ‚Negatis
1148 4061 1235 4133 eninr,
1261 4079 1336 4141 quae
1360 4061 1578 4141 quoque,loco
1606 4063 1727 4127 00101111
1766 4117 1769 4122 .

384 4167 474 4222 100111
501 4167 532 4220 01
559 4157 613 4218 illa
642 4173 717 4236 qnae
751 4151 949 4232 superstruxi.
995 4151 1074 4212 Illud
1105 4170 1194 4211 unum
1227 4168 1318 4231 supra
1347 4167 1440 4230 saepe
1470 4154 1641 4232 repetitum
1667 4171 1727 4216 nunt

385 4267 501 4330 quoque
525 4246 652 4318 inculco,
677 4240 838 4304 subtilitati
862 4240 1046 4320 disputandi,
1071 4259 1129 4318 qua
1150 4240 1254 4300 multis
1276 4238 1402 4300 videbor
1423 4259 1511 4313 usus,
1535 4242 1727 4306 minimnnir
1768 4303 1770 4310 ,

384 4339 442 4400 hoc
465 4336 586 4416 negotio
610 4335 706 4396 locum
729 4330 871 4410 relinqui,
904 4330 934 4390 in
957 4349 1014 4409 quo
1038 4330 1225 4407 experientia
1247 4336 1325 4388 teste
1348 4338 1469 4390 tanturn
1502 4332 1613 4394 valent
1635 4333 1726 4395 enthu-
1768 4321 1770 4384 i

387 4428 509 4489 siasmi:
535 4445 600 4486 curn
624 4442 673 4485 res
693 4429 758 4482 tota
781 4419 883 4479 diuina
901 4420 941 4479 sit
961 4419 1061 4498 reique
1086 4417 1293 4498 interpretatio
1318 4418 1430 4490 diuina,
1455 4430 1490 4479 ut
1510 4441 1608 4502 supra
1622 4424 1725 4484 dicun

385 4517 474 4595 Rogo
498 4522 598 4575 autern
621 4513 766 4583 lectores,
789 4529 847 4590 quo
871 4529 917 4570 mc
940 4509 1063 4587 propius
1087 4518 1210 4581 norunt,
1234 4515 1268 4568 ut
1289 4506 1361 4567 milri
1385 4527 1422 4567 ne
1448 4508 1527 4570 uitio
1559 4523 1727 4576 00110011

384 4605 549 4678 breviores,
574 4621 661 4683 quam
679 4600 736 4680 ipsi
752 4599 829 4658 sorte
854 4605 1076 4678 exspectarunt,
1101 4596 1254 4657 discursus
1277 4595 1470 4675 theologicos
1489 4607 1524 4659 et
1540 4603 1683 4681 politicos
1700 4599 1726 4658 de

386 4693 600 4757 certaminibus
637 4691 725 4769 hujus
756 4688 900 4767 temporis
931 4705 1089 4766 eorumque
1113 4685 1306 4766 catastrophe
1339 4686 1462 4759 inserui,
1495 4693 1726 4771 perpendatque

385 4783 586 4846 conditionem
614 4800 726 4850 meam,
751 4778 800 4858 qui
823 4798 842 4836 a
866 4776 998 4837 Caesare
1028 4777 1191 4837 conductus
1224 4796 1305 4848 sum,
1330 4795 1389 4835 uon
1412 4787 1447 4836 ut
1472 4796 1579 4841 essem
1612 4781 1727 4862 publicus

385 4880 489 4946 10100,
521 4873 574 4935 sed
597 4880 631 4931 ut
653 4865 869 4929 astronomiam
899 4865 1026 4943 pennino
1051 4886 1103 4925 suo
1136 4864 1280 4942 magistro
1305 4865 1450 4945 Tychone
1486 4866 1667 4932 destitutam
1686 4887 1714 4947 pt

385 4961 500 5022 iiribus
522 4963 694 5042 perficerem
724 4976 816 5036 eoque
843 4954 870 5014 in
896 4955 990 5014 cilicio
1021 4954 1166 5014 rationein
1197 4955 1337 5015 haberem
1370 4954 1504 5016 omnium
1541 4959 1726 5021 horminumr

386 5050 493 5132 quibus
512 5053 642 5129 Magnus
660 5048 775 5111 Caesar
798 5046 874 5106 hauc
898 5044 1100 5106 astronomiae
1124 5044 1261 5105 excultae
1281 5051 1313 5105 01
1329 5046 1488 5123 perlectae
1512 5051 1647 5126 gratim
1667 5050 1722 5110 ima
