3692 5842
739 475 821 541 caput
837 473 884 527 IV.
906 472 932 526 d.
1123 437 1135 457 .
1392 375 1421 418 ἱ
1449 483 1514 551 207

155 661 286 708 munem.
326 643 546 729 comparentur
569 649 670 730 itaque
694 650 846 733 simplices
870 652 1067 716 refractiones
1091 655 1254 718 earundem
1269 656 1524 724 inclinationum:

156 751 194 794 ne
215 729 355 812 imponat
377 737 515 799 diversus
539 738 629 801 medii
657 741 810 822 utriusque
843 741 920 804 situs
948 743 987 804 ad
1016 743 1197 805 incidentem
1231 747 1355 808 eundem
1384 750 1511 812 radium.

156 820 200 883 m
220 839 307 904 prqp.
339 821 372 887 8.
399 824 487 907 hujus
516 826 625 907 capitis
656 829 685 889 in
715 829 909 892 inclinatione
942 827 1004 894 80⁰
1033 832 1162 911 simplex
1195 833 1270 895 radii
1304 839 1446 899 infractio
1477 859 1514 901 cx

156 916 226 970 aere
257 909 288 973 in
322 932 432 994 aquam
460 923 512 992 ¹est
547 911 690 979 19⁰17‘.
736 918 772 978 In
806 918 911 980 eadem
945 920 1138 982 inclinatione
1169 916 1231 984 80ο
1260 941 1345 1005 prop.
1371 921 1400 987 9.
1426 927 1513 1007 hujus

156 997 267 1078 rapitis
298 1003 427 1082 simplex
454 1003 532 1066 radii
565 1005 709 1067 retractio
739 1025 775 1067 ex
807 1008 929 1070 aethere
960 1008 987 1068 in
1020 1015 1121 1070 adrem
1155 1017 1204 1070 εει
1227 1006 1302 1074 59”.
1351 1014 1448 1093 Igitur
1475 1034 1514 1078 ex

155 1086 281 1151 aethere
305 1090 468 1173 inaquam
497 1100 581 1156 esset
603 1094 746 1157 refractis
771 1095 898 1175 simplex
926 1093 1066 1161 19⁰18‘.
1098 1098 1256 1177 Propertio
1280 1100 1382 1181 itaque
1407 1104 1512 1165 eadem

156 1193 234 1256 qnae
267 1178 395 1242 unitatis
418 1180 458 1242 ad
484 1176 625 1263 mvl„
670 1183 766 1264 Atqui
799 1185 996 1247 retractiones
1029 1186 1198 1264 hujusmodi
1227 1198 1354 1250 causata
1382 1200 1431 1252 est
1459 1192 1513 1255 illa

154 1264 343 1329 solummodo
366 1268 512 1346 densitas,
537 1289 613 1351 qnae
637 1273 846 1335 consideratur
868 1274 897 1334 in
914 1274 994 1336 linea
1012 1284 1104 1349 recta,
1130 1284 1291 1354 propterea
1305 1278 1383 1357 quod
1402 1297 1510 1359 super-

155 1352 239 1415 ficies
261 1356 455 1421 retractionis
479 1359 588 1440 opticis
612 1361 704 1433 dicta,
728 1362 915 1441 superficiem
940 1363 1088 1424 densioris
1113 1383 1231 1437 secans,
1255 1367 1419 1429 sectionem
1434 1388 1509 1431 con-

154 1441 257 1504 stituit
280 1444 401 1510 lineam.
447 1447 496 1509 Ac
519 1449 577 1510 etsi
602 1451 708 1511 eadem
733 1451 905 1529 superficies
930 1470 1037 1531 corpus
1061 1453 1183 1514 densius
1207 1472 1314 1515 secans
1343 1456 1508 1520 sectionem

154 1531 316 1595 constituit
347 1536 553 1615 superficiem,
593 1539 831 1601 demonstratum
854 1548 955 1601 tamen
988 1549 1036 1601 est
1059 1540 1159 1621 capite
1192 1543 1306 1620 primo,
1343 1546 1456 1607 nullam
1480 1546 1510 1608 in

154 1637 281 1702 corpore
316 1623 426 1700 denso,
460 1626 514 1688 sed
539 1645 656 1689 omnem
688 1628 718 1688 in
751 1629 905 1708 superficie
934 1627 995 1690 fieri
1020 1629 1242 1691 refractionem.
1289 1633 1397 1714 Itaque
1421 1635 1447 1696 si
1473 1654 1510 1695 ex

154 1717 282 1790 utroque
314 1715 517 1794 proportionis
549 1715 676 1778 termino
701 1716 806 1779 cubum
839 1718 992 1792 effeceris,
1017 1719 1239 1798 proportionem
1272 1738 1428 1801 corporum
1461 1722 1510 1785 in·

153 1799 258 1861 venies
281 1818 375 1863 causa
398 1802 559 1866 densitatis
583 1823 659 1879 eam,
685 1825 761 1886 quac
786 1813 834 1867 est
857 1806 962 1869 interl
987 1815 1019 1867 et
1036 1802 1264 1870 1633304682.
1289 1811 1353 1871 h'ec
1377 1811 1508 1887 dubium,

152 1885 179 1948 si
204 1887 271 1967 quis
293 1888 325 1950 in
347 1907 422 1970 puro
445 1892 568 1955 aethere
601 1892 791 1969 consisteret,
826 1896 966 1957 funderet
997 1894 1065 1956 hinc
1092 1896 1104 1958 1
1134 1898 1274 1977 cyathum
1299 1917 1405 1978 aquae,
1440 1900 1509 1962 inde

152 1975 286 2040 sedecim
310 1980 465 2061 myriadas
488 1982 654 2063 myriadum
677 1982 854 2065 cyathomm
887 1986 989 2057 atris,
1018 1984 1088 2064 quin
1113 1984 1187 2045 haec
1211 1988 1511 2066 aequeponderatura

152 2063 224 2126 sint.
262 2066 304 2129 m
326 2067 356 2129 in
380 2088 509 2146 camera,
533 2090 587 2133 seu
610 2072 686 2134 cubo
712 2071 752 2134 12
780 2073 873 2152 pedes
897 2075 996 2153 longo,
1030 2074 1092 2134 lato
1116 2080 1149 2134 et
1171 2073 1233 2135 alto
1258 2093 1315 2135 non
1339 2076 1407 2155 plus
1432 2078 1512 2139 inest

153 2154 311 2225 materiae.
335 2176 403 2220 cum
426 2166 496 2221 abre
524 2160 576 2223 illo
606 2161 777 2241 purissimo,
812 2163 860 2241 qui
894 2161 1011 2223 aetheri
1045 2162 1202 2239 contiguus
1226 2169 1283 2235 est,
1302 2166 1426 2242 ,plenus
1450 2174 1510 2239 est,

152 2261 244 2323 qnam
267 2244 297 2305 in
320 2246 442 2309 cubisco
466 2267 573 2329 aquae,
611 2249 661 2331 qui
683 2257 771 2331 patet
803 2269 856 2330 per
884 2259 1023 2313 octavam
1050 2259 1169 2329 partem
1199 2251 1317 2329 pollicis
1351 2252 1381 2314 in
1406 2274 1511 2317 omues

153 2331 369 2398 dimensiones.
415 2335 529 2399 Dubito
553 2346 654 2401 tamen
684 2341 764 2419 ipse,
790 2358 827 2400 an
853 2359 909 2401 non
935 2339 1066 2401 sufficiat
1099 2340 1246 2418 quadrare
1270 2342 1413 2404 terminos
1436 2362 1510 2423 pro-

150 2423 341 2506 portionum:
371 2445 425 2488 seu
448 2427 549 2506 potius
573 2428 771 2508 multiplicare
803 2430 887 2508 ipsos
915 2429 944 2490 in
979 2449 1050 2490 snas
1083 2428 1210 2502 radices,
1241 2437 1403 2508 propterea
1433 2433 1511 2513 quod

151 2513 222 2593 ipsa
244 2516 451 2596 corpulentiae
476 2516 612 2579 densitas
635 2518 664 2579 in
690 2519 845 2597 superficie
874 2518 964 2579 medii
994 2524 1240 2597 repraesentatur
1272 2516 1365 2599 (Cap.
1390 2520 1414 2588 Ι,
1443 2517 1508 2594 13).

151 2602 216 2666 Sed
239 2623 336 2685 neque
356 2613 405 2667 est
428 2605 503 2667 haec
527 2607 679 2686 proportio
703 2615 866 2688 perpetua:
896 2627 951 2668 nec
975 2604 1032 2668 nisi
1057 2605 1084 2667 ei
1107 2606 1187 2685 parti
1211 2607 1291 2668 airis
1320 2609 1510 2683 ascribenda,

152 2709 231 2772 qnae
256 2693 342 2755 coelo
367 2693 526 2756 defaecato
541 2713 681 2775 suprema
705 2703 833 2776 occupat
855 2695 966 2775 spatia.
1005 2694 1064 2766 Qui
1088 2714 1158 2757 vero
1182 2714 1277 2775 vapor
1292 2714 1329 2757 ex
1353 2696 1421 2758 ollis
1445 2698 1508 2759 fer-

150 2780 294 2844 ventibus
318 2782 426 2845 ebullit
448 2784 583 2864 adeoque
607 2792 639 2847 et
663 2784 698 2859 is,
732 2785 781 2864 qni
805 2785 924 2865 pluviae
948 2783 1076 2846 instanti
1100 2785 1259 2845 materiam
1291 2786 1439 2863 praebens
1472 2805 1510 2848 ex

151 2870 282 2933 altorum
307 2871 452 2934 montium
476 2872 613 2937 cavernis
636 2872 778 2952 prodiens
802 2874 917 2935 coelum
946 2874 1076 2952 caligine
1109 2872 1262 2945 suffundit,
1291 2893 1387 2953 aquae
1415 2876 1509 2936 multo

151 2965 202 3021 est
223 2959 363 3039 propior:
388 2960 418 3021 in
442 2980 530 3041 quam
555 2970 587 3023 et
609 2962 712 3024 statim
737 2963 864 3041 cogitur.

243 3048 312 3110 Non
344 3049 464 3130 ignoro,
500 3070 536 3113 ne
567 3052 690 3125 credas,
715 3070 762 3112 me
794 3051 986 3132 physicorum
1023 3048 1283 3128 reprehensionem
1313 3050 1508 3127 incursumrn,

150 3140 202 3223 qui
226 3146 327 3204 aerem
352 3149 384 3203 et
406 3140 454 3203 hic
478 3148 509 3201 et
533 3148 625 3201 antea
647 3157 770 3219 gravem
794 3160 847 3201 seu
870 3139 1071 3219 ponderosum
1100 3156 1167 3198 esse
1196 3147 1339 3201 statuam.
1386 3143 1432 3202 At
1462 3160 1509 3202 rne

149 3231 196 3291 sic
219 3230 324 3293 docuit
348 3230 440 3292 totius
463 3237 589 3294 naturae
613 3229 843 3308 contemplatio:
878 3226 946 3309 quin
972 3227 1069 3288 eidem
1092 3245 1157 3287 cnm
1183 3224 1323 3289 Cardano
1347 3227 1508 3310 multisque
1562 3240 1565 3244 ’

149 3318 219 3381 aliis
243 3319 330 3399 hujus
354 3319 468 3381 aetatis
491 3316 762 3398 praestantissimis
797 3316 985 3398 philosophis
1018 3315 1111 3377 etiarn
1140 3314 1338 3393 frigiditatem
1370 3318 1507 3379 ascribo:

150 3425 209 3470 nec
229 3407 318 3469 video
343 3407 413 3489 quid
438 3406 598 3470 Aristoteli
621 3406 762 3484 supersit,
797 3425 854 3486 qno
878 3404 1017 3467 absolute
1050 3405 1146 3465 levem
1175 3411 1207 3464 et
1239 3404 1369 3467 calidum
1400 3415 1508 3485 suapte

149 3503 261 3559 natura
293 3496 448 3570 defendat,
487 3497 512 3557 si
545 3514 634 3557 unam
665 3494 691 3556 ei
727 3495 979 3556 combinationem
1007 3493 1186 3571 qualitatum
1221 3493 1348 3555 adimas.
1400 3495 1508 3575 Neque

148 3583 300 3648 medicina
330 3604 426 3666 neque
458 3584 649 3667 physiologia
676 3583 872 3664 periclitatur,
916 3580 1074 3643 dummodo
1106 3588 1280 3658 comparate
1311 3588 1343 3642 at
1371 3581 1446 3643 levis
1476 3591 1509 3645 et

147 3673 344 3736 calefactioni
368 3674 464 3755 magis
488 3683 577 3753 aptus
600 3681 732 3734 maneat.
772 3671 833 3734 Sed
856 3673 894 3733 de
918 3671 965 3732 his
989 3669 1061 3729 alibi
1085 3669 1267 3731 commodior
1290 3670 1408 3731 dicendi
1425 3672 1507 3732 locus

148 3763 228 3825 erit:
252 3769 287 3825 et
310 3762 421 3825 dictum
444 3755 578 3824 nonnihil
601 3761 630 3823 in
652 3761 788 3822 thesibus
811 3760 886 3822 meis
911 3758 1114 3838 astrologicis.
1161 3766 1230 3827 (Vol.
1249 3767 1271 3826 1,
1290 3784 1314 3833 p.
1334 3766 1385 3816 ιιι
1405 3766 1451 3830 rr.)

239 3851 492 3931 Propositio
515 3851 573 3912 XI.
620 3849 781 3912 Problerna
803 3850 860 3911 IV.
908 3849 965 3910 Ex
994 3846 1328 3910 retractionibus
1352 3849 1506 3912 altitu-

148 3939 290 4004 dinem
320 3940 436 4002 airis
466 3939 634 4001 a'l'erra
664 3938 944 4017 investigare.
991 3935 1069 3997 Nam
1108 3935 1177 4014 quia
1214 3937 1306 3998 fluida
1343 3947 1392 4000 est
1427 3940 1507 4000 atris

146 4029 287 4103 materia,
313 4029 393 4109 qnod
415 4035 573 4090 ventorum
605 4027 683 4089 ratio
712 4027 821 4106 arguit,
852 4027 900 4107 qni
930 4035 1000 4088 sunt
1028 4043 1095 4085 mea
1125 4025 1278 4086 sententia
1314 4026 1387 4088 nibil
1425 4027 1508 4088 aliud

147 4136 238 4198 quam
277 4116 414 4179 ebullitio
452 4115 576 4195 copiosa
613 4134 650 4176 en
678 4116 829 4177 montibus
859 4114 1026 4186 altissimis,
1064 4112 1141 4173 unde
1170 4122 1277 4193 suapte
1309 4124 1418 4177 natura
1444 4116 1507 4176 irus

146 4224 267 4268 rursum
291 4212 400 4284 petens
423 4204 553 4266 materia
583 4204 676 4283 (quod
700 4223 758 4266 non
783 4212 832 4264 est
861 4203 990 4265 alienum
1019 4201 1057 4261 ab
1085 4200 1263 4278 Aristotele,
1294 4204 1427 4264 sectione
1450 4200 1504 4265 25.

147 4293 246 4375 probl.
275 4292 343 4369 13.)
366 4294 480 4356 circulo·
501 4292 748 4355 circumfunditur
779 4299 910 4354 montem
944 4290 1107 4369 existitque
1137 4308 1175 4349 ex
1206 4290 1305 4370 prima
1328 4291 1505 4370 impulsione

146 4383 279 4445 circulus
308 4382 386 4445 alius
418 4400 457 4444 ex
485 4381 561 4454 alin,
600 4390 633 4443 ut
666 4389 698 4442 ει
721 4381 749 4442 in
779 4381 865 4461 aquis
893 4378 1124 4460 stagnantibusr
1164 4379 1299 4459 sequitur
1331 4398 1402 4460 ergo
1425 4379 1504 4452 hinc,

147 4471 227 4552 quod
250 4470 458 4557 propositione
481 4490 562 4532 nona
584 4470 669 4551 hujus
693 4469 803 4549 capitis
827 4477 875 4531 est
893 4475 1078 4548 usurpatum,
1104 4473 1137 4526 ut
1161 4467 1240 4529 atris
1264 4469 1393 4530 materia
1406 4468 1504 4529 circu-

147 4560 254 4623 lariter
277 4561 390 4622 Terrae
414 4560 516 4621 orbem
541 4559 750 4638 amplectatur.
785 4559 951 4638 Propterea
975 4558 1014 4618 ad
1037 4554 1278 4634 investigandam
1293 4556 1504 4619 refractionunr

147 4648 228 4712 atris
242 4667 414 4712 mensuram
428 4649 518 4729 plana
534 4667 608 4728 opus
620 4647 676 4709 fuit
685 4646 889 4727 suppositione
905 4643 1073 4709 altitudinis
1088 4644 1235 4721 sphaerae
1246 4644 1334 4706 airis.
1357 4645 1406 4707 Ea
1416 4645 1507 4725 igitur

147 4757 237 4820 qnam
255 4738 475 4819 proximeerit
488 4736 617 4799 altitudo
641 4735 730 4809 airis,
755 4735 839 4815 cujus
854 4755 893 4797 ex
907 4732 1113 4816 suppositione
1137 4731 1175 4792 ad
1190 4734 1403 4796 refractionum
1418 4752 1504 4796 men-

146 4845 247 4890 suram
271 4826 519 4908 quamproxime
543 4825 735 4887 accessimus.
760 4823 831 4884 Fuit
844 4831 945 4886 autem
969 4841 1060 4902 supra
1081 4819 1140 4881 EA
1163 4829 1228 4893 (mg.
1249 4827 1296 4891 rr)
1322 4819 1505 4894 10005578,

147 4916 282 4997 qualium
305 4935 326 4978 a
348 4923 453 4978 centro
476 4915 588 4976 Terrae
612 4915 641 4974 A
665 4913 693 4973 in
718 4911 903 4990 superficiem
927 4912 992 4991 ejus
1017 4913 1099 4972 fuere
1127 4906 1311 4973 10000000.
1343 4911 1425 4992 Ergo
1449 4930 1504 4992 per

146 5005 285 5088 regulam
299 5003 533 5086 proportionum,
557 5003 585 5064 si
612 4999 784 5066 10000000
808 5000 882 5064 liant
897 4997 963 5065 860
977 4996 1118 5063 milliaria
1134 4994 1318 5063 Germanica
1340 5001 1503 5065 secundnm
