3692 5842
245 419 338 528 553¹
865 453 993 517 nroprncs
1035 473 1037 478 ·

248 628 438 708 divergentia
462 629 580 690 scilicet
606 648 661 708 per
684 630 781 690 lentes
808 649 909 691 cavas.
954 632 1000 693 at
1023 630 1242 712 divergeutiam
1275 638 1420 694 causatur
1448 633 1576 704 refracto.

247 719 388 780 refractis
412 736 483 777 vero
507 716 642 794 ejusdem
667 718 742 778 radii
767 726 800 779 ut
823 718 878 781 Dc
904 738 962 780 uon
998 719 1056 781 nisi
1080 719 1109 782 in
1133 720 1285 782 similibus
1307 720 1506 800 inaequalium
1525 722 1576 784 len-

166 857 168 862 .
245 809 321 871 tium
343 825 484 870 cavorum
507 806 695 884 portionibus
726 807 832 868 eadem
856 826 923 868 esse
953 815 1067 886 potest.
1115 807 1185 870 Sint
1209 827 1283 888 ergo
1307 827 1403 870 cavae
1427 809 1519 872 lentes
1536 809 1576 872 ΓΕ

246 906 277 959 et
299 898 355 959 ΠΙ.
401 895 442 956 Et
466 896 536 973 quia
559 894 674 955 similes
698 902 769 956 sunt
792 896 947 973 portiones
970 895 1028 958 FG
1052 906 1083 958 et
1107 897 1152 958 HI
1175 897 1332 976 quaelibet
1355 897 1393 958 de
1417 917 1489 960 suae
1509 899 1580 962 leolis

245 986 393 1059 cavitate,
422 983 644 1044 abscindendae
674 1002 745 1045 vero
776 991 889 1045 sunta
914 985 1008 1045 radiis
1039 986 1146 1047 iisdem
1178 984 1235 1049 DC
1267 993 1300 1046 et
1322 985 1394 1058 Ec,
1428 985 1488 1048 erit
1510 986 1581 1066 iqitu

247 1083 281 1136 ut
305 1072 360 1134 FG
385 1071 507 1151 majoris
531 1071 673 1133 cavitatis
701 1073 799 1151 portio
824 1074 861 1134 ad
891 1072 1020 1135 similem
1043 1075 1089 1136 ΙΙΙ
1114 1074 1238 1137 minoris
1267 1073 1413 1136 caritatis
1439 1076 1580 1154 portiones

246 1163 289 1224 sic
314 1163 405 1223 etiarn
430 1159 481 1221 FC
507 1161 653 1221 distantia
678 1161 758 1221 illius
784 1183 802 1221 a
826 1181 972 1223 crvncursu
1002 1163 1097 1242 major
1128 1162 1167 1224 ad
1198 1161 1255 1226 uc
1289 1163 1446 1225 minorem.
1490 1163 1580 1234 Quodu'

249 1252 292 1312 lll
317 1251 415 1311 minus
438 1270 457 1309 a
481 1248 506 1309 C
532 1249 626 1310 distat
658 1269 745 1328 quarn
769 1249 835 1319 FG,
860 1249 927 1329 plus
951 1271 970 1310 a
993 1251 1049 1312 DE
1079 1251 1208 1314 distabit
1238 1252 1347 1314 eadem
1371 1251 1416 1314 111
1438 1270 1520 1332 quam
1539 1251 1579 1314 ft

246 1340 311 1400 lons
336 1339 449 1415 majore
473 1337 582 1400 circulo
608 1357 694 1399 cava.

334 1426 417 1489 cxl.
456 1426 686 1506 Propositio.
730 1425 845 1489 Cavurn
870 1447 958 1489 unum
982 1437 1014 1488 et
1036 1427 1116 1490 idem
1138 1429 1226 1491 oculo
1248 1428 1385 1508 proxime
1409 1427 1577 1508 applicatum

245 1524 278 1577 ut
302 1535 367 1578 cum
391 1515 533 1576 convexis
557 1515 684 1575 diversis
710 1516 856 1578 distincta
879 1517 1031 1589 exhibeat,
1057 1517 1095 1578 ab
1115 1517 1246 1580 omniura
1270 1517 1390 1580 illorum
1414 1517 1578 1580 concursibus

245 1605 365 1685 aequali
388 1602 546 1664 intervallo
572 1604 663 1666 debet
686 1604 803 1666 abesse.

332 1694 410 1754 Nam
435 1713 494 1752 una
510 1693 574 1753 lens
590 1712 667 1753 cava
692 1713 779 1754 unum
799 1702 915 1755 tautum
939 1700 1079 1772 praestat
1103 1693 1284 1765 remedium
1308 1711 1399 1754 uuam
1420 1695 1577 1773 ergoaoln

246 1782 389 1843 emendat
417 1781 566 1842 radiorum
598 1783 854 1862 consurgentium.
900 1783 947 1844 At
974 1782 1004 1842 in
1034 1783 1141 1843 eadem
1171 1780 1318 1842 distantia
1350 1782 1441 1844 lentis
1467 1801 1577 1844 caraea

244 1869 438 1932 concursibus
462 1889 701 1950 quarumcunque
735 1890 936 1932 convenarum
971 1878 1020 1930 est
1054 1870 1158 1930 eadem
1195 1871 1413 1947 corrvcrgentia
1442 1871 1576 1944 radioruu,

244 1959 295 2040 qui
319 1959 436 2038 quidem
461 1959 499 2018 ab
529 1960 633 2019 eadent
663 1979 739 2019 cava
770 1961 849 2022 lente
879 1960 1080 2038 excipiuntur.
1127 1959 1207 2020 Naur
1231 1958 1257 2019 si
1286 1959 1418 2021 maxime
1446 1959 1527 2021 latior
1548 1961 1576 2020 sit

245 2049 308 2109 leus
332 2048 432 2108 altera
455 2067 493 2108 ex
516 2049 669 2122 couvroxis,
696 2055 726 2108 et
750 2050 876 2109 extremi
900 2050 966 2127 ejus
992 2048 1068 2110 radii
1091 2049 1190 2126 magis
1219 2059 1427 2126 couvergaut:
1456 2048 1574 2110 litamen

244 2136 428 2197 aberrabunt
452 2157 470 2195 a
493 2138 573 2198 lente
598 2155 674 2197 cava
689 2138 735 2197 vel
751 2139 790 2199 ab
807 2158 844 2199 ea
866 2138 1005 2217 portione
1030 2135 1131 2209 lentis,
1155 2136 1241 2216 cujus
1265 2136 1389 2199 refracti
1413 2137 1443 2199 in
1457 2137 1574 2218 pupillau

244 2224 322 2286 oculi
345 2224 446 2284 venire
470 2233 608 2302 possunt.

334 2312 432 2375 CXll.
470 2313 697 2392 l'ropositio.
737 2313 898 2393 Proposita
917 2314 998 2374 lente
1014 2331 1092 2373 cava
1110 2330 1203 2392 prope
1227 2312 1355 2387 oculum,
1381 2313 1478 2375 lentes
1489 2331 1572 2391 usquo

244 2399 354 2463 circulo
379 2422 531 2463 convexae
556 2404 675 2481 longam
692 2404 845 2482 requirunt
870 2402 1047 2464 distantiam
1063 2422 1082 2462 a
1097 2421 1174 2462 cava
1188 2410 1221 2461 et
1234 2400 1330 2476 oculo,
1355 2420 1450 2480 parvo
1468 2402 1570 2464 brevem

331 2491 409 2551 Naro
434 2510 487 2569 per
511 2489 595 2553 CIX.
620 2492 724 2551 oculus
749 2501 797 2551 ost
819 2511 910 2572 propo
934 2497 1077 2571 puuctum
1101 2509 1272 2562 concursus,
1297 2489 1571 2569 etperCX1.ler.=

243 2599 396 2648 concava,
429 2579 540 2658 speciei
573 2579 679 2659 ubique
711 2580 862 2659 ejusdem,
900 2583 990 2643 abest
1027 2580 1131 2640 eodem
1166 2578 1325 2639 intervallo
1359 2599 1378 2639 a
1410 2579 1572 2641 concusso

243 2668 374 2730 omniurn
407 2688 617 2730 convexarunr.
663 2669 709 2733 At
740 2687 900 2730 concursus
933 2692 951 2730 a
982 2669 1045 2730 suis
1078 2667 1222 2729 convexis
1250 2667 1364 2729 absunt
1393 2668 1571 2748 inaequaliter.

242 2758 320 2818 Nam
346 2778 364 2817 a
389 2758 519 2818 lentibus
547 2776 656 2836 magno
685 2758 796 2818 circulo
825 2758 966 2818 convexis
997 2757 1109 2818 absunt
1132 2758 1233 2835 longe,
1259 2777 1278 2816 a
1300 2775 1397 2835 parvo
1428 2757 1517 2818 miuus
1535 2775 1572 2835 per

243 2847 398 2908 XXXIX.
439 2846 515 2908 (lom
531 2854 631 2907 auteur
655 2846 794 2926 aequalia
818 2847 923 2908 ablata
938 2846 975 2907 ab
996 2845 1202 2924 inaequalibus
1226 2845 1398 2924 relinquant
1422 2847 1571 2926 inaequalia.

243 2943 275 2994 ot
302 2934 493 2995 intervallum
518 2955 625 2995 cavam
650 2937 728 2996 inter
743 2947 773 2996 et
788 2955 965 3008 convexam,
990 2936 1096 2996 eadem
1112 2933 1219 3012 ubique
1235 2933 1384 2996 distantia
1407 2953 1571 2996 concursum

242 3043 260 3082 a
285 3041 371 3095 cava,
410 3023 506 3083 minus
530 3023 571 3083 sit
600 3043 634 3084 co
665 3025 838 3099 intervallo,
873 3027 951 3104 quod
977 3033 1025 3084 est
1054 3025 1133 3084 inter
1165 3041 1330 3084 convexam
1354 3035 1387 3084 et
1415 3043 1570 3085 concursuri

242 3131 319 3172 cava
350 3112 450 3190 itaque
483 3115 564 3183 (curn
598 3115 699 3187 oculo)
732 3113 848 3192 longius
883 3113 982 3175 aberit
1006 3133 1025 3173 a
1049 3111 1172 3191 majoris
1195 3112 1298 3174 circuli
1329 3132 1477 3187 convexo,
1507 3129 1571 3192 quau

242 3220 416 3261 arnruorrs.

332 3289 447 3353 CXlll.
486 3289 714 3368 Propositio.
751 3289 909 3369 Proposito
934 3309 1078 3366 convexo,
1103 3308 1180 3350 cava
1203 3289 1325 3351 minoris
1349 3290 1451 3352 circuli
1474 3307 1569 3368 reprac-

242 3387 365 3440 sentant
388 3379 521 3439 visibilia
545 3380 671 3458 majora,
696 3379 818 3456 majoris
843 3379 967 3440 minora.

240 3539 243 3544 ¹
329 3469 408 3530 Nam
431 3487 485 3546 per
509 3468 576 3531 CX.
611 3486 686 3528 cava
719 3469 803 3546 parvi
835 3467 938 3529 circuli
961 3488 1028 3529 curn
1053 3469 1153 3540 oculo,
1180 3468 1225 3528 cui
1259 3467 1394 3545 proxime
1421 3469 1568 3546 junguntur.

242 3559 384 3618 recedunt
409 3557 525 3632 longius
550 3579 568 3617 a
592 3576 725 3617 convexo
750 3558 788 3617 ad
814 3557 988 3618 distinctam
1013 3556 1157 3616 visionem
1183 3557 1413 3633 impetrandam.
1458 3555 1512 3618 Sed
1531 3573 1568 3632 prr

244 3648 408 3708 LXXXll.
435 3665 491 3724 quo
518 3646 635 3724 longius
660 3647 819 3707 recesserit
835 3647 938 3707 oculus
960 3669 979 3707 a
998 3665 1131 3706 convexo
1148 3665 1252 3706 versus
1267 3654 1409 3722 punctum
1425 3659 1567 3710 concursus,

241 3737 295 3795 lroc
321 3735 403 3794 virlet'
425 3755 474 3794 res
504 3736 643 3813 majores.
690 3735 772 3812 Ergo
803 3737 906 3795 ‹vcrrlns
941 3755 1007 3795 curn
1040 3753 1117 3794 cava
1149 3735 1229 3793 lente
1260 3732 1385 3793 minoris
1416 3734 1511 3796 circuli
1533 3749 1565 3790 res

241 3823 384 3884 distincte
408 3823 490 3882 visas
515 3825 642 3902 majores
667 3825 760 3897 ridet,
786 3844 873 3901 «qnam
898 3844 964 3884 cunr
988 3842 1064 3883 cava
1088 3822 1211 3898 majoris
1236 3820 1350 3883 circuli.

330 3911 445 3973 cxlv.
488 3913 556 3972 l'ro
563 3913 645 3991 posi
657 3927 666 3971 t
677 3913 720 3972 io.
762 3913 842 3971 Lens
858 3931 932 3972 cara
949 3911 1126 3972 brevissimo
1146 3910 1306 3972 intervallo
1325 3911 1444 3990 longius
1458 3911 1564 3989 digressa

240 4021 258 4060 a
281 4019 417 4060 convexa
440 4001 564 4061 rrrnltunr
590 4012 680 4079 anget
705 4001 847 4061 visibilia.

328 4089 406 4149 Nam
421 4108 473 4167 per
491 4088 573 4151 CIX.
593 4091 620 4151 in
641 4090 794 4150 selrenrnte
811 4086 862 4151 30.
881 4088 950 4161 Gll,
968 4089 1011 4150 [Κ
1032 4097 1102 4149 suot
1122 4087 1242 4167 punctis
1258 4088 1293 4159 (ζ
1312 4088 1337 4148 F
1357 4087 1444 4149 valde
1467 4085 1560 4165 propiu-

239 4197 325 4257 qnae.
373 4178 414 4238 Et
447 4197 517 4237 vero
552 4187 613 4239 taur
644 4179 727 4238 brevi
761 4180 891 4258 spatiolo
923 4179 963 4237 ll*
996 4178 1124 4255 trajecto
1157 4187 1188 4236 et
1217 4177 1304 4236 oculo
1334 4177 1362 4237 in
1387 4178 1413 4238 F
1435 4177 1560 4238 collocato.

241 4266 394 4346 quantitas
420 4267 495 4328 unici
522 4269 632 4344 puncti,
659 4291 675 4326 n
700 4288 757 4347 (qno
783 4267 855 4327 radii
881 4287 986 4326 rrrrrnes
1011 4267 1038 4326 irr
1064 4266 1118 4325 tlt]
1144 4265 1283 4336 innuunt,
1309 4265 1457 4326 excrescit
1478 4265 1501 4322 iu
1519 4257 1558 4318 ali-

240 4374 327 4434 quam
353 4355 605 4430 nrnpnitndinern,
630 4358 785 4435 acqrralern
811 4358 916 4434 qnippe
943 4355 997 4414 toti
1024 4355 1094 4413 lenti
1121 4353 1192 4425 llll,
1226 4363 1257 4413 nt
1286 4365 1426 4431 prrrrctrnn
1456 4353 1559 4438 rideatur

240 4446 348 4522 cingulo
373 4445 469 4515 lull,
504 4466 578 4522 *quac
603 4455 651 4505 est
676 4445 885 4523 rrrrrlriplicatio
920 4444 1043 4505 inlinita.
1094 4443 1165 4503 Levi
1192 4442 1282 4520 igitur
1313 4457 1461 4503 rrrornento
1487 4451 1558 4514 rrraqu

240 4534 308 4613 quid
333 4543 514 4611 praestatur.

328 4621 428 4684 CXV,
471 4623 539 4682 l'ro
547 4642 566 4699 p
576 4621 628 4680 osi
639 4633 648 4678 t
660 4621 700 4680 io.
740 4622 902 4698 Proposita
917 4623 996 4680 lente
1013 4639 1089 4679 cava
1102 4621 1236 4697 proxime
1251 4619 1378 4684 ocnlrnn.
1393 4627 1557 4679 convexans¹

241 4711 374 4782 lentium,
401 4731 477 4788 qnae
494 4711 597 4770 minori
620 4710 730 4771 circulo
747 4730 880 4769 corrvcxa
897 4719 955 4783 est,
980 4710 1094 4771 rnioora
1118 4721 1327 4789 repraesentat
1353 4707 1485 4776 visibilia,
1505 4719 1553 4781 qut·

241 4800 356 4877 rrrnjori,
382 4799 507 4875 majora.

328 4888 377 4950 Sit
410 4889 474 4948 lens
508 4907 642 4948 convexa
669 4888 725 4948 All
759 4887 983 4947 semidiametro
1017 4886 1121 4964 majori
1153 4883 1220 4957 AC,
1252 4897 1283 4944 ct
1316 4887 1380 4946 lens
1412 4881 1465 4944 DE
1490 4873 1554 4938 seni·

240 4973 387 5038 diametro
417 4976 522 5037 minori
552 4977 615 5037 DF.
664 4976 759 5036 Erunt
793 4975 882 5050 igitur
907 4973 941 5048 C,
967 4977 992 5035 l*
1020 4985 1133 5054 puncta
1165 4993 1329 5036 concursus
1360 4993 1413 5054 per
1436 4961 1556 5035 affl
