3692 5842
832 499 914 569 Caput
934 497 988 552 XX.
1525 495 1589 565 685

228 695 294 762 qss
306 678 391 742 Deus
406 685 503 742 totum
526 678 612 742 initio
635 680 776 742 mundum
792 686 840 741 est
855 679 1041 742 fabricatus:
1066 697 1119 739 seu
1142 675 1313 739 consistant
1328 675 1430 754 aliqua
1448 678 1590 740 coelestis

228 768 429 845 saturaret,
453 769 492 830 ad
516 787 581 830 eum
607 768 739 843 modum,
765 788 823 849 qno
848 769 877 831 in
901 769 958 830 hoc
991 767 1145 830 sublunari
1169 773 1239 828 abre
1272 765 1442 828 consistunt
1464 768 1590 846 pingues

229 855 306 922 tuse
329 876 383 921 seu
406 857 501 920 mavis
525 858 627 919 aridae
651 858 878 933 exhalationem
902 876 979 939 quae
1003 855 1204 937 conglobatae
1227 855 1257 917 ri
1277 854 1406 935 frigoris,
1431 856 1462 917 in
1482 857 1590 919 stellas

229 947 438 1009 discurrentes
461 942 727 1019 convertuntur.*)

324 1036 413 1098 Illam
444 1036 625 1098 sententiam
659 1036 791 1115 theologi
825 1035 1013 1115 potissimum
1045 1034 1283 1113 amplectuntur3
1321 1040 1353 1095 et
1385 1034 1520 1114 disputat
1551 1033 1590 1095 ad

229 1123 301 1204 elas
323 1135 458 1187 tenorem
482 1126 595 1186 amicus
619 1144 703 1187 meus
717 1124 873 1186 Fabricius
897 1133 929 1186 et
948 1125 1013 1203 ipse
1033 1123 1202 1203 theologus,
1226 1123 1328 1201 itaque
1353 1123 1392 1184 ad
1410 1122 1589 1185 traditiones

230 1211 468 1294 &unalamer
499 1213 693 1293 propensior,
727 1214 804 1293 quod
828 1213 857 1273 in
882 1212 1073 1291 astrologicis
1097 1221 1130 1274 ut
1154 1212 1202 1294 qui
1235 1212 1364 1273 maxime
1393 1213 1589 1275 demonstrat.

229 1303 263 1366 A
288 1320 346 1383 quo
369 1321 428 1364 nou
461 1302 637 1382 indignante
662 1302 715 1363 sed
748 1303 899 1380 gaudente
923 1312 955 1363 et
982 1302 1204 1381 applaudente,
1237 1302 1374 1380 ultroque
1407 1309 1590 1383 provocante

230 1394 325 1474 atque
347 1391 426 1454 idem
444 1400 549 1454 eontra
573 1391 710 1466 iaciente,
736 1392 814 1453 sicut
837 1391 1024 1452 creberrimis
1043 1391 1198 1452 literarum
1222 1389 1492 1470 permutationibus
1515 1391 1589 1452 snb-

230 1479 305 1544 lnde
327 1480 488 1543 dissentire
521 1481 620 1556 soleo,
655 1480 699 1541 ita
728 1480 812 1541 dabit
844 1481 915 1541 mihi
947 1479 1083 1554 veniam,
1111 1480 1137 1540 si
1161 1478 1341 1541 sententiam
1375 1479 1451 1540 hanc
1484 1478 1589 1558 ipsius,

231 1587 311 1652 quse
330 1588 399 1631 sese
415 1588 452 1630 ex
470 1570 583 1630 nostris
606 1569 734 1648 privatis
758 1569 896 1648 epistolis
916 1569 946 1630 in
961 1568 1109 1648 publicum
1128 1568 1282 1648 proripuit,
1309 1570 1413 1630 eodem
1432 1568 1590 1629 refutando

230 1675 407 1740 persequar.
452 1658 584 1719 Primum
618 1676 742 1719 exorsus
771 1658 821 1719 ille
846 1680 863 1719 a
887 1657 1051 1738 theologis,
1084 1659 1229 1719 rationem
1263 1676 1363 1718 eorum
1392 1658 1428 1719 de
1458 1658 1591 1737 requiete

230 1747 293 1810 Dei
314 1757 387 1827 post
410 1746 488 1808 diem
521 1747 681 1827 septimum
705 1746 769 1827 ipse
794 1765 909 1828 quoque
934 1747 1113 1808 imbecillem
1142 1747 1261 1827 arguit;
1295 1754 1416 1808 secutus
1446 1746 1590 1807 hactenus

231 1855 368 1900 mearum
391 1836 545 1897 literarum
568 1834 647 1896 filum
667 1841 702 1907 (r.
728 1859 749 1894 s.
771 1860 797 1907 p.
818 1841 892 1907 60⁰).
940 1834 991 1898 Sic
1016 1837 1094 1897 enim
1118 1855 1174 1916 ego
1197 1836 1265 1914 ipsi,
1290 1834 1490 1912 theologicam
1514 1836 1592 1896 hano

230 1923 510 2008 interpellationem
525 1941 562 1987 ox
577 1924 701 1987 aliorum
725 1925 876 1986 sententia
889 1926 1077 2005 proponenti,
1101 1923 1339 2005 respondebam:
1364 1933 1474 1986 metum
1494 1923 1589 1985 videri

232 2031 295 2078 non
320 2013 536 2087 necessarium,
569 2033 608 2074 ne
631 2013 728 2076 Dentu
751 2013 780 2074 in
805 2033 912 2075 norum
937 2014 1052 2076 scilicet
1076 2014 1207 2076 laborem
1232 2012 1440 2092 conjiciamus,
1473 2012 1498 2074 si
1523 2012 1591 2074 novi

231 2103 306 2186 quid
330 2111 422 2166 creet.
470 2101 566 2183 Atqui
591 2101 617 2162 si
640 2102 689 2165 vel
712 2122 732 2163 a
753 2101 899 2181 principio
923 2103 1092 2165 consistant
1115 2103 1175 2164 ista
1199 2121 1333 2181 corpora,
1359 2120 1466 2165 novum
1489 2110 1590 2164 tamen

231 2199 267 2256 st
291 2192 346 2254 hoc
370 2191 546 2265 latendum,
571 2192 648 2271 quod
672 2210 748 2270 quae
768 2192 838 2252 olim
862 2191 971 2254 lumine
996 2192 1151 2267 carebant,
1172 2192 1235 2271 jam
1259 2191 1479 2253 illuminentur:
1503 2210 1591 2271 quam

232 2281 385 2344 sotionem
410 2280 460 2360 qui
483 2279 550 2341 Deo
573 2278 777 2354 transscribit,
803 2290 969 2342 creatorem
984 2300 1048 2361 vper
1076 2300 1140 2342 eam
1165 2280 1323 2343 constituit
1350 2280 1419 2342 novi
1452 2280 1590 2358 alicujus.

232 2367 317 2444 Quid
341 2369 443 2431 enirn?
479 2368 631 2449 Numquid
654 2387 708 2431 sex
738 2368 842 2430 diebus
875 2369 990 2431 creavit
1014 2371 1095 2432 Deus
1121 2370 1245 2433 Coelum
1268 2381 1299 2431 et
1321 2369 1469 2432 Terram?
1511 2367 1591 2440 Quid

231 2458 328 2540 igitur
350 2458 398 2520 die
421 2458 542 2537 primo?
565 2458 652 2520 Dixit
665 2458 757 2534 Deus,
782 2459 879 2538 inquit
901 2458 1019 2519 divinus
1034 2459 1196 2538 Propheta,
1220 2461 1274 2520 fiat
1289 2460 1359 2521 lux:
1386 2466 1476 2539 atque
1500 2458 1588 2537 hujus

235 2547 428 2612 institutione
450 2546 546 2608 linivit
567 2547 651 2608 Deus
675 2546 751 2608 diem
774 2549 910 2627 primum.
957 2548 1062 2628 Itaque
1087 2549 1181 2609 lucem
1210 2549 1372 2626 producere
1403 2566 1506 2609 creare
1530 2555 1588 2609 est.

233 2635 305 2702 Nisi
329 2636 407 2698 lorta
431 2636 527 2698 lucem
551 2653 608 2697 non
633 2653 741 2697 novam
772 2636 854 2698 intus
877 2637 907 2698 in
932 2637 1023 2698 stella
1054 2637 1186 2711 creavit,
1211 2638 1263 2698 sed
1292 2637 1534 2717 impedimentum
1558 2644 1591 2699 et

233 2725 441 2788 umbraculum
465 2732 619 2786 externum
642 2725 793 2786 removit?
826 2724 922 2796 Quasi
945 2744 1017 2787 vero
1041 2727 1098 2787 hoc
1120 2726 1186 2787 Deo
1210 2725 1304 2787 levius
1334 2726 1464 2787 tortasse
1489 2725 1588 2800 luerit,

234 2834 325 2898 qnam
349 2831 453 2876 creare
485 2831 593 2874 novum
626 2813 754 2894 aliquid;
788 2816 950 2897 autquasi
974 2815 1030 2876 hoc
1054 2835 1110 2877 non
1142 2814 1295 2895 pertineat
1318 2815 1355 2876 ad
1384 2814 1590 2877 creationem?

233 2905 316 2968 Nam
349 2902 419 2986 quid
452 2921 568 2963 rursum
589 2902 637 2965 die
661 2904 791 2964 secundo
824 2905 940 2966 creavit
962 2904 1068 2967 Deus?
1101 2904 1172 2985 quid
1205 2903 1286 2965 aliud
1314 2903 1371 2966 uisi
1400 2905 1479 2984 quod
1508 2905 1590 2967 facto

234 2993 423 3056 firmamento
457 2990 611 3070 separavit
643 3010 737 3071 aquas
765 2993 804 3077 ab
837 2993 947 3073 aquis?
984 2994 1091 3074 Itaque
1123 2994 1203 3056 inter
1235 2992 1384 3054 secundae
1412 2993 1471 3056 diei
1499 3012 1591 3075 opera

233 3083 357 3146 luserunt
379 3089 410 3142 et
433 3080 503 3153 ista,
527 3082 687 3158 conjuncta
709 3099 862 3159 separare,
887 3082 1043 3143 obstantia
1066 3101 1229 3145 removere.
1277 3083 1350 3144 Tum
1376 3091 1477 3145 autem
1498 3083 1593 3165 polli-

233 3179 320 3235 cetur
343 3170 425 3232 Deus
449 3169 523 3248 ipse,
549 3189 650 3230 creare
675 3189 781 3231 novum
806 3171 920 3232 coelum
945 3178 976 3231 et
1006 3191 1114 3232 novam
1142 3180 1265 3232 terram.
1308 3173 1410 3255 Atque
1434 3173 1490 3234 hoc
1513 3173 1593 3235 inter

229 3260 412 3344 praecipuos
434 3257 626 3320 Christianae
656 3258 808 3338 religionis
832 3258 975 3321 articulos
998 3259 1126 3320 relatum
1151 3260 1277 3322 credunt
1295 3279 1399 3323 omnes
1423 3260 1592 3323 orthodoxi.

230 3349 343 3416 Adde.
372 3347 450 3429 quod
474 3347 563 3408 iidem
589 3347 630 3407 illi
654 3348 800 3426 theologi,
830 3348 878 3429 qni
903 3347 969 3408 Deo
1001 3356 1185 3426 potestatem
1209 3348 1237 3408 in
1262 3349 1346 3409 coelo
1379 3350 1499 3411 creandi
1523 3350 1593 3412 noui

234 3436 348 3501 sideris
379 3436 581 3514 abrogarunt,
617 3444 785 3514 agnoscunt
814 3435 1020 3517 quotidianam
1055 3435 1190 3515 ejusdem
1222 3432 1365 3515 s'rapyeros
1393 3438 1422 3498 in
1455 3437 1593 3499 creandis

233 3527 323 3592 noris
357 3525 525 3587 animabus.
580 3526 646 3587 Hoc
676 3543 732 3604 ego
762 3525 799 3585 iis
830 3525 1011 3605 objeceram,
1046 3525 1219 3606 quibuscum
1248 3534 1315 3587 erat
1342 3526 1412 3587 mihi
1444 3545 1502 3588 res.
1550 3527 1595 3588 Aa

232 3614 395 3680 Fabricius
425 3614 503 3675 idem
529 3613 674 3692 objiciens
698 3622 832 3690 enervat,
857 3615 940 3675 litem
961 3615 998 3675 de
1022 3613 1179 3675 animabus
1198 3614 1227 3674 in
1243 3632 1389 3693 suspenso
1408 3615 1593 3696 relinquens;

234 3704 316 3788 quod
346 3721 470 3765 necesse
502 3720 559 3763 non
589 3710 657 3765 erat
686 3702 788 3782 agenti
821 3723 886 3764 curn
920 3711 1003 3765 certo
1036 3702 1220 3764 adversario.
1267 3702 1308 3764 Et
1330 3703 1476 3765 hactenus
1501 3703 1537 3764 de
1561 3723 1592 3765 re

233 3793 306 3876 lpss
321 3792 401 3855 inter
415 3811 469 3851 nos
493 3808 668 3854 consensus.
705 3791 818 3853 Statim
837 3793 907 3856 hinc
924 3792 1087 3872 digressus,
1113 3791 1295 3853 sententiam
1315 3791 1459 3854 hactenus
1475 3811 1593 3873 oppug-

232 3889 341 3946 natan
364 3879 492 3959 suscipit
514 3881 746 3943 moderandam:
780 3882 897 3944 noviter
921 3881 1038 3963 quidem
1064 3881 1248 3946 lucereista
1271 3880 1387 3951 sidera,
1420 3883 1594 3962 corporibus

232 3989 317 4036 nova
338 3989 398 4032 non
423 3987 500 4031 esse.
547 3969 678 4034 Primum
711 3971 942 4033 astronomicam
966 3977 1056 4051 putat
1087 3970 1275 4051 opinionem,
1309 3989 1435 4050 corpora
1463 3970 1594 4033 siderum

232 4059 343 4124 horum
367 4058 403 4119 de
428 4076 505 4119 novo
529 4057 668 4120 existere.
713 4059 904 4139 Negaverum
929 4061 957 4121 in
983 4059 1093 4135 literis,
1123 4059 1357 4122 astronomicum
1381 4079 1448 4121 esse
1473 4059 1592 4140 dogma,

233 4147 287 4232 qni
310 4146 438 4228 primum
472 4154 563 4226 atque
588 4148 739 4209 alumine
773 4149 968 4223 deseruntur,
1003 4148 1075 4210 nihil
1111 4149 1224 4211 habent
1256 4148 1402 4228 amplias,
1435 4149 1512 4231 qnod
1544 4149 1594 4209 vel

232 4243 376 4302 ststusnt
398 4235 447 4300 vel
471 4234 611 4299 refutent.
659 4237 816 4299 incensam
841 4258 907 4300 esse
932 4238 1031 4300 subito
1055 4238 1177 4299 stellam
1195 4236 1273 4298 hano
1295 4236 1423 4317 indeque
1446 4237 1594 4318 paulatim

234 4325 442 4400 exstinctam
475 4325 532 4386 hoc
563 4325 727 4387 astronomi
755 4325 821 4389 visu
844 4327 942 4390 indice
976 4329 1171 4390 confirmant:
1205 4333 1303 4388 utrum
1336 4334 1437 4388 autem
1469 4344 1596 4406 corpora

325 4561 354 4635 *)
375 4566 543 4622 Plutarchus
564 4567 597 4619 de
618 4565 730 4635 placitis
751 4567 981 4637 Philosophomm
1002 4568 1050 4623 lib.
1074 4569 1121 4622 lll.
1144 4584 1205 4638 cap.
1229 4568 1257 4622 2.

324 4647 584 4720 Pythagoraeoruru
606 4645 716 4716 quidam
733 4655 871 4702 cometam
882 4656 984 4718 putant
998 4666 1059 4703 essa
1080 4649 1191 4702 stellam
1212 4666 1250 4702 en
1263 4664 1358 4702 earum
1379 4665 1499 4710 numero,
1522 4663 1594 4719 quae

231 4745 291 4784 non
312 4743 422 4798 semper
441 4726 598 4792 rideantur,
620 4728 668 4780 sed
690 4733 765 4780 stato
787 4733 910 4799 tempore
933 4745 985 4783 sua
1004 4729 1177 4783 revolutione
1199 4728 1372 4784 exoriantur.

327 4805 402 4860 ldem
423 4805 528 4860 Plinius
550 4815 579 4861 et
599 4806 782 4870 Aristoteles,
810 4808 855 4878 qui
876 4808 928 4862 hos
954 4809 1072 4874 refutat,
1095 4807 1344 4880 quod'dixissent,
1373 4814 1437 4861 tunc
1458 4822 1519 4861 cum
1539 4823 1595 4860 non

232 4885 383 4942 videantur
403 4886 455 4939 sub
476 4886 568 4940 Solem
589 4887 693 4942 dorsis.
728 4892 768 4940 At
788 4885 876 4960 inquit
896 4888 953 4953 ille,
975 4885 1139 4946 multidico
1166 4889 1273 4951 doceor
1299 4884 1514 4964 apostatantes,
1533 4885 1594 4941 loco

233 4977 324 5038 upra
344 4965 515 5020 horizontem
540 4965 694 5037 conspicuo.
724 4967 804 5022 Hanc
824 4967 972 5040 pericopen
987 4969 1092 5025 Plinius
1113 4967 1227 5023 ridicule
1248 4966 1393 5023 transtulit
1413 4966 1441 5020 in
1462 4981 1595 5020 occasura

234 5046 307 5104 usli
326 5051 410 5118 purte
431 5063 485 5100 non
506 5046 626 5115 conspici
647 5046 784 5102 Cametas.
