3692 5842
724 490 805 556 cepas
822 489 915 542 xvru.
1346 505 1357 514 ·
1433 487 1496 557 est

137 667 276 750 singulos
298 687 424 750 seseque
448 667 533 749 quasi
558 677 643 730 assat
667 669 806 730 adhunc
835 667 944 746 ignem.
992 663 1143 729 Credibile
1168 678 1216 730 est
1243 669 1349 748 igitur,
1374 679 1406 732 et
1429 673 1498 752 pla-

137 766 230 820 netas
254 767 285 821 et
303 759 379 820 lixas
403 776 507 820 omnes
531 777 662 839 quosque
681 758 710 818 in
728 757 790 818 suis
814 757 907 818 rotari
931 756 1056 834 spatiis;
1081 776 1117 817 ne
1134 756 1175 818 sit
1198 758 1309 838 aliquid
1333 758 1497 834 inmundo,

137 847 219 950 quod
243 847 354 921 centri,
388 846 566 908 nobilissimi
589 846 738 926 corporis,
774 844 866 907 radiis
899 844 1043 906 vitalibus
1067 853 1099 907 et
1122 846 1232 908 lumine
1255 847 1499 929 splendidissimo

137 935 261 1016 penitus
291 937 436 1016 privetur.
483 935 562 997 Nam
596 936 674 1015 quod
705 934 742 995 de
765 934 853 995 Luna
885 933 942 996 tibi
975 932 1078 995 forsan
1111 936 1258 1009 occurrit,
1294 954 1361 998 eam
1394 936 1498 999 eodem

137 1041 260 1128 semper
283 1025 368 1086 vultu
387 1025 497 1085 Terras
522 1024 682 1104 respicere,
707 1025 777 1084 dum
796 1023 906 1085 circum
927 1042 992 1082 eam
1017 1024 1249 1103 circumagitur:
1274 1025 1326 1085 illa
1348 1044 1420 1087 vero
1444 1027 1499 1087 hoc

138 1103 206 1194 ipso
230 1112 412 1175 circumactu
436 1132 502 1173 cnm
526 1132 582 1173 non
608 1112 723 1185 Solem,
754 1112 807 1173 sed
831 1112 927 1172 solam
951 1112 1076 1172 Terram
1100 1112 1315 1190 amplectatur,
1346 1113 1435 1174 hac
1427 1133 1495 1193 ipsa

140 1203 311 1264 constantis
335 1203 436 1263 vultus
461 1201 499 1262 ad
523 1202 647 1262 Terram
671 1201 811 1262 affixione
836 1200 938 1271 elficit,
961 1207 995 1259 ut
1015 1198 1087 1262 Sole
1111 1219 1148 1260 ex
1172 1201 1250 1261 omni
1274 1210 1360 1280 parte
1386 1204 1498 1264 mensis

138 1291 228 1354 unius
251 1290 351 1371 spatio
375 1292 507 1363 fruatur3
541 1290 656 1350 eminus
679 1289 708 1351 in
733 1289 910 1368 plenilunio,
945 1286 1033 1349 faciei
1056 1297 1143 1368 parte
1168 1309 1186 1350 a
1209 1289 1296 1351 nobis
1326 1293 1497 1372 conspicua,

140 1380 308 1442 cornminus
331 1380 360 1440 in
385 1379 545 1446 novilunio,
569 1386 655 1457 parte
680 1398 698 1439 a
722 1378 807 1439 nobis
831 1396 949 1438 aversa.

228 1468 314 1530 Duae
338 1468 409 1529 nrihi
434 1476 593 1529 occurrunt
625 1466 826 1546 objectiones,
857 1465 968 1546 prima,
1002 1465 1081 1546 quod
1110 1466 1181 1528 nihil
1205 1466 1244 1527 ad
1267 1467 1343 1528 fixas
1367 1468 1497 1530 attinere

140 1557 262 1619 videtur
286 1567 463 1636 conspectus
487 1555 586 1630 Solis;
610 1557 680 1636 quia
704 1556 829 1630 dictum,
862 1567 959 1616 totam
982 1552 1106 1615 Saturni
1129 1555 1289 1634 sphaeram
1319 1558 1397 1638 apud
1422 1558 1497 1618 fixas

141 1647 196 1707 vix
219 1663 366 1724 occupare
391 1645 478 1705 trium
504 1646 685 1707 minutorum
704 1645 855 1723 angulum.
894 1642 946 1705 Sol
969 1642 1068 1721 igitur,
1094 1644 1144 1725 qui
1160 1645 1305 1705 tantulam
1330 1646 1498 1724 portionem

137 1734 260 1796 obtinet
282 1735 318 1794 de
343 1733 419 1796 coeli
443 1733 577 1795 Saturnii
611 1734 773 1805 diametro,
805 1751 897 1812 penes
930 1733 1006 1792 lixas
1035 1732 1153 1793 omnino
1186 1744 1368 1795 evanescet:
1402 1734 1497 1797 minor

139 1823 220 1884 enirn
244 1841 331 1904 qnam
356 1821 624 1901 septingentesima
642 1841 714 1902 pars
729 1822 815 1882 nnius
830 1820 934 1882 minuti
959 1819 1142 1899 apparebit?
1165 1821 1284 1895 Altera,
1310 1824 1390 1902 quod
1413 1824 1495 1885 scin-

138 1910 308 1974 tillationes
332 1911 442 1990 oppido
466 1912 579 1973 celeres
602 1920 691 1972 sunt:
717 1910 821 1972 mirum
846 1910 945 1990 igitur,
971 1909 1075 1970 sitam
1099 1919 1189 1971 vasta
1212 1928 1347 1989 corpora,
1372 1931 1497 1992 qnorum

138 2000 243 2080 aliqua
266 2009 411 2079 superant
435 1998 559 2062 Saturni
582 2002 707 2074 coelum,
732 2008 956 2060 convertuntur.

231 2088 373 2164 Primum,
399 2088 425 2148 si
449 2089 558 2150 multas
581 2089 693 2150 habent
716 2097 821 2167 partes
845 2086 999 2166 ejusmodi,
1025 2086 1130 2167 quales
1149 2086 1277 2147 diximus
1300 2087 1497 2150 scintillatio·

138 2178 228 2240 nibus
251 2187 284 2238 et
307 2177 456 2239 coloribus
486 2178 619 2251 servire3
652 2178 730 2257 quod
764 2177 881 2255 quidem
915 2195 981 2235 enm
1005 2194 1061 2254 par
1090 2185 1138 2236 est
1170 2177 1333 2238 concedere
1358 2179 1409 2248 (eo
1433 2178 1498 2261 ipso

140 2267 221 2350 quod
246 2285 372 2346 corpora
394 2275 466 2327 snut
488 2266 652 2345 ingentia),
682 2266 731 2345 qui
755 2267 792 2326 de
816 2274 916 2327 cetero
945 2283 1068 2325 causam
1092 2265 1169 2325 hano
1192 2265 1301 2343 recipit
1310 2283 1319 2339 ;
1348 2266 1413 2344 jam
1439 2286 1496 2328 non

138 2365 190 2418 est
211 2375 347 2429 necesse,
373 2364 407 2417 ut
430 2355 549 2435 quoties
573 2374 632 2415 nna
655 2355 765 2415 emicat
788 2353 975 2426 scintillatio,
1002 2353 1091 2414 toties
1116 2372 1174 2414 nna
1198 2353 1316 2430 integra
1339 2356 1382 2416 sit
1404 2356 1497 2417 abso-

139 2447 204 2507 luta
227 2445 358 2518 rotatio;
389 2446 443 2506 sed
467 2453 500 2505 nt
523 2453 590 2505 rota
612 2445 723 2505 multos
747 2444 865 2511 clavos,
899 2442 943 2503 sic
966 2442 1041 2503 haec
1069 2460 1196 2521 corpora
1225 2443 1335 2504 multos
1360 2445 1496 2523 angulos,

138 2534 235 2595 multa
259 2533 377 2612 fulgura
400 2533 489 2594 unica
510 2534 661 2595 rotatione
681 2551 818 2594 exserere
839 2532 1007 2593 credentur.
1045 2529 1087 2592 Et
1105 2530 1215 2610 quid
1190 2550 1215 2590 sr
1240 2532 1360 2594 omniuo
1383 2534 1497 2596 celeres

137 2622 203 2684 siut
225 2622 276 2682 isti
307 2630 441 2696 rotatus,
476 2622 504 2682 in
529 2622 804 2702 compensatiouem
836 2629 966 2698 negatae
996 2619 1071 2699 ipsis
1101 2619 1305 2682 tr’alatiouis
1296 2639 1326 2681 rn
1358 2621 1494 2696 solidum,

137 2720 193 2772 aut
216 2710 253 2772 ob
278 2709 365 2771 hoc
358 2729 468 2789 ipsum,
502 2712 579 2790 qnod
613 2713 709 2772 lumen
734 2709 816 2772 Solis
849 2701 970 2790 apud
963 2728 1044 2788 ipsas
1069 2718 1131 2769 tam
1165 2708 1289 2770 debile?
1325 2709 1394 2772 Nou
1418 2711 1497 2773 enim

136 2800 294 2861 evanescit
326 2797 420 2859 Sol
413 2799 470 2877 ipsi
501 2819 599 2861 rernm
633 2810 759 2860 naturae
794 2798 937 2861 redactus
972 2797 1010 2858 ad
1043 2797 1341 2876 septingentesimam
1381 2800 1495 2875 minuti,

136 2888 209 2970 quia
232 2888 309 2950 sorte
333 2895 364 2949 et
379 2887 497 2949 omnino
520 2889 638 2967 quidem
662 2890 773 2949 nostris
798 2888 891 2951 oculis
906 2886 968 2948 illic
991 2886 1166 2947 constitutis
1189 2897 1398 2950 evanesceret.
1431 2891 1496 2951 Nec

136 2977 216 3039 enirn
240 2994 367 3055 aequum
382 2984 440 3048 est,
466 2985 570 3038 nostra
593 2978 676 3037 visus
699 2978 881 3040 hebetudine
899 2974 959 3037 vim
976 2975 1135 3036 aestimare
1155 2983 1187 3035 et
1201 2995 1325 3039 acumen
1349 2987 1475 3039 naturae
1483 2995 1494 3052 ς

136 3066 387 3147 quemadmodum
403 3083 498 3145 neque
514 3076 682 3127 nostrorum
705 3067 947 3145 corpusculorum
967 3072 1120 3126 contemta
1135 3065 1257 3126 exilitas
1280 3067 1496 3146 praejudicinm

138 3163 226 3218 creat
249 3155 277 3215 in
294 3156 487 3232 agnoscenda
510 3155 660 3215 coelorum
684 3154 889 3233 amplitudine.
929 3152 962 3215 Si
987 3163 1050 3216 tam
1064 3161 1113 3214 est
1130 3161 1238 3233 potens
1252 3154 1336 3217 Dens
1360 3157 1387 3217 in
1407 3158 1495 3233 mole,

135 3253 172 3306 ut
195 3261 287 3322 supra
310 3243 526 3323 expendimus:
551 3244 620 3322 quin
644 3242 737 3322 igitur
760 3250 868 3303 ettam
892 3251 998 3302 acutus
1015 3251 1105 3321 atque
1130 3242 1249 3303 subtilis
1264 3254 1312 3304 est
1327 3245 1355 3305 in
1371 3246 1495 3326 dispeu-

135 3333 234 3395 sando
258 3331 340 3394 Solis
365 3332 485 3393 lumine.
533 3330 654 3402 Quaeso
680 3340 710 3392 te
734 3332 841 3404 lector,
868 3340 902 3390 ut
923 3331 995 3391 mihi
1020 3330 1188 3405 condones,
1213 3331 1240 3391 si
1263 3332 1394 3395 minutus
1418 3354 1494 3403 sum,

136 3420 377 3500 argumentando
401 3422 438 3481 de
454 3440 495 3490 re,
521 3421 663 3501 adquam
688 3439 779 3500 snpra
802 3417 903 3479 vidisti
928 3438 982 3479 nos
997 3418 1133 3479 homiues
1158 3427 1350 3499 nostrumque
1373 3423 1496 3501 globum

134 3509 278 3591 globique
302 3511 418 3570 coelum
442 3511 576 3591 adeoque
601 3518 632 3570 et
655 3509 734 3571 illius
759 3507 835 3569 coeli
864 3508 1019 3586 decuplum
1044 3525 1112 3566 esse
1135 3507 1225 3585 plane
1253 3508 1494 3574 minutissimum.

136 3599 265 3661 Maneat
288 3606 389 3660 autem
413 3617 467 3660 suo
492 3601 556 3662 loco
581 3601 655 3661 haec
686 3596 909 3659 scintillationis
934 3614 1039 3669 causa,
1071 3595 1195 3657 rotatio.
1244 3596 1409 3660 Videamus
1428 3600 1495 3679 jam

135 3687 270 3767 reliquas
294 3685 453 3767 Scaligcri.

227 3775 394 3838 Verissime
419 3775 494 3838 dicit
515 3775 645 3836 secundo
671 3775 745 3849 loco,
772 3773 960 3835 debilitatem
985 3771 1104 3835 luminis
1129 3772 1251 3835 obstare
1275 3773 1495 3853 scintillationi,

135 3885 227 3947 quam
251 3865 432 3946 interpretor
459 3864 679 3926 hebetudinem.
726 3861 861 3925 Claritas
889 3879 961 3941 ergo
985 3871 1016 3923 et
1039 3862 1155 3941 puritas
1185 3863 1303 3925 luminis
1327 3884 1347 3924 a
1369 3869 1497 3929 materia

135 3955 290 4018 defaecati
312 3956 471 4034 plurimum
494 3952 738 4014 scintillationem
763 3951 929 4032 adjuvabit
971 3950 1091 4031 Utique.
1129 3951 1210 4015 Num
1234 3951 1303 4033 qnia
1327 3955 1422 4016 lumen
1448 3966 1497 4019 est

136 4044 223 4123 origo
247 4043 461 4117 scintillarum,
495 4060 553 4121 quo
577 4042 679 4120 purius
703 4062 774 4121 ergo
804 4043 916 4113 lumen,
953 4040 1008 4101 hoc
1040 4039 1208 4119 expeditior
1231 4052 1280 4103 est
1307 4044 1494 4107 scintillatio.

135 4133 306 4214 Propterea
327 4132 517 4210 planetamm
541 4130 675 4191 valentia
702 4131 819 4212 quidem
849 4137 917 4191 sunt
943 4128 1056 4190 lumina
1079 4139 1110 4190 et
1133 4129 1298 4206 evidentia,
1332 4133 1434 4213 utique
1458 4136 1495 4197 ob

135 4220 405 4305 propinquitatem,
430 4221 484 4282 sed
506 4218 641 4300 pinguia,
665 4220 768 4299 plena,
793 4219 983 4299 corpulenta,
1008 4219 1144 4281 colorata
1167 4222 1311 4281 multum:
1346 4231 1436 4301 atque
1459 4242 1496 4284 ea

136 4311 237 4374 minus
260 4309 445 4371 scintillant:
471 4310 595 4371 lixarum
620 4325 690 4370 vero
714 4309 811 4389 magis
835 4327 943 4388 aquea,
967 4309 1065 4376 exilia,
1090 4315 1189 4380 acuta,
1215 4309 1321 4383 vitrea,
1345 4311 1497 4389 pellucida

135 4417 192 4463 ssu
215 4398 322 4462 diluta.
369 4401 472 4479 Atque
495 4399 571 4459 haec
594 4417 686 4460 causa
710 4406 771 4474 est,
805 4405 943 4459 curtam
975 4397 1081 4475 rapida
1111 4396 1255 4457 fueritin
1284 4408 1390 4459 nostra
1416 4419 1497 4463 nova

95 4501 100 4510 “
134 4488 230 4552 stella
252 4487 440 4549 scintillatio.
487 4488 566 4549 liam
591 4485 663 4548 nihil
696 4487 812 4566 purius,
844 4487 915 4547 nihil
940 4485 1067 4559 clarius,
1100 4485 1172 4546 nihil
1198 4487 1352 4549 amoenius
1386 4489 1496 4552 eximio

136 4578 190 4640 illo
215 4577 325 4638 lumine
350 4597 417 4638 csse
442 4586 496 4639 ant
518 4575 588 4654 fingi
611 4577 719 4654 potuit.

227 4665 371 4747 Sequitur
403 4664 632 4746 magnitudo,
667 4684 743 4745 quae
772 4663 928 4743 Scaligero
961 4662 1056 4742 primo
1090 4662 1155 4722 loco
1188 4664 1318 4741 ponitur.
1366 4666 1497 4732 Rursum

136 4764 241 4820 antem
264 4755 337 4817 nihil
367 4756 542 4836 magnitudo
573 4764 692 4832 posset,
725 4754 749 4814 si
778 4753 874 4813 lumen
909 4753 1041 4813 abesset.
1088 4751 1172 4813 Haec
1202 4753 1291 4832 igitur
1324 4756 1430 4832 efficit,
1463 4767 1498 4818 nt

136 4846 231 4910 stella
262 4845 359 4924 magis
392 4846 433 4908 sit
461 4843 675 4923 aspectabilis,
709 4861 800 4921 qnare
833 4851 865 4901 et
893 4842 960 4921 ejus
993 4840 1179 4902 scintillatio.
1225 4842 1363 4922 Adjuvat
1393 4844 1495 4927 itaque

136 4942 280 5017 respectu
304 4935 399 4998 nostri
422 4935 516 5009 visus,
539 4932 590 5015 qui
603 4931 721 5013 magnis
743 4929 843 4993 valide
868 4938 1013 4994 movetur.
1051 4928 1132 4991 Ecce
1154 4950 1257 4993 rursus
1276 4932 1353 4995 hano
1367 4932 1495 5011 Novam,
