3692 5842
708 470 841 541 304
1691 476 2038 529 hannoniae
2074 476 2197 528 Pan
2235 474 2432 541 Optiea.

708 669 828 730 qua
871 650 924 711 si
982 650 1092 711 sub
1154 649 1250 710 dio
1300 649 1502 724 fueris,
1566 650 1723 712 inter
1785 652 1984 713 nivem
2031 658 2092 711 et
2157 650 2513 724 carbonem,
2576 649 2733 711 inter
2787 649 3018 711 coelum
3065 655 3133 710 et
3189 655 3433 709 montes

705 756 969 817 nequeas
1041 737 1400 799 discernere.
1514 739 1689 800 Adeo
1754 740 1812 801 in
1889 739 2249 801 densissima
2321 746 2493 817 parte
2564 738 2811 799 umbrae
2869 737 3177 799 Terrenae
3243 738 3434 816 (quae

702 833 939 888 noctem
970 826 1184 899 efficit)
1232 846 1531 907 nunquam
1580 829 1801 901 evenit,
1850 838 1917 889 ut
1947 847 2151 889 omnes
2199 827 2438 888 omnino
2487 826 2802 888 stellarum
2828 826 2980 888 radii
3030 824 3437 887 excludantur

705 914 926 976 nihilve
974 915 1309 976 illustretur
1356 915 1428 975 de
1478 916 1569 977 his
1616 918 2006 978 terrestribus
2066 916 2262 979 rebus,
2359 914 2517 985 Quin
2583 915 2767 994 igitur
2812 923 2875 976 et
2929 915 3120 977 multo
3189 913 3436 993 quidem

705 1003 906 1084 potius
953 1004 1009 1065 in
1070 1003 1177 1065 illa
1222 1023 1373 1083 pura
1428 1025 1578 1066 aura
1640 1006 1947 1078 aetheria,
2018 1024 2136 1085 qua
2191 1005 2365 1065 Luna
2431 1004 2750 1066 transitum
2812 1003 3040 1076 habet,
3106 1002 3440 1080 sexaginta

706 1093 931 1155 Terrae
980 1093 1446 1154 semidiametris
1475 1111 1657 1172 supra
1684 1095 1838 1156 bunc
1883 1104 2149 1156 nostrum
2198 1092 2591 1172 caliginosum
2629 1100 2829 1154 aerem
2860 1099 3135 1165 extante,
3185 1089 3438 1151 umbra-

712 1200 823 1260 que
881 1182 1007 1262 jam
1075 1182 1463 1243 vehementer
1521 1189 1875 1255 attenuata,
1942 1184 2098 1243 idem
2160 1182 2362 1243 sidera
2420 1181 2479 1242 in
2528 1182 2762 1243 Lunam
2827 1181 3068 1261 possint
3111 1180 3175 1241 in
3225 1178 3439 1240 umbra

708 1269 936 1333 Terrae
984 1270 1350 1343 haerentem,
1402 1272 1558 1350 quod
1598 1271 1694 1331 hic
1742 1280 1998 1351 possunt
2030 1271 2090 1331 iu
2141 1278 2391 1343 montes,
2444 1270 2499 1330 in
2548 1271 2755 1345 nubes,
2803 1270 2863 1331 in
2911 1269 3135 1342 nivern,
3185 1266 3247 1329 in
3297 1286 3436 1327 car-

706 1358 945 1421 bones?
1022 1358 1107 1420 Ut
1170 1368 1406 1419 taceam
1473 1360 1788 1421 nonnullos
1854 1361 2056 1422 radios
2104 1380 2141 1419 a
2188 1357 2332 1420 Sole
2380 1359 2439 1419 in
2506 1365 2643 1419 aere
2709 1359 3007 1420 refractos
3053 1356 3113 1417 in
3173 1356 3438 1418 medium

630 1521 634 1525 ,
709 1447 892 1508 etiam
940 1447 1181 1508 umbrae
1230 1449 1590 1526 pertingere.
1670 1446 1872 1518 Quare
1921 1458 2046 1510 tam
2095 1447 2413 1509 luculentis
2452 1447 2653 1509 causis
2692 1447 2870 1528 hujus
2917 1445 3156 1508 luculae
3204 1462 3433 1523 suppe-

712 1537 1002 1609 tentibus,
1051 1535 1193 1597 nihil
1245 1545 1341 1597 est
1387 1555 1535 1615 opus
1584 1537 1791 1598 Lunae
1838 1537 2142 1617 proprium
2190 1537 2381 1597 lumen
2431 1536 2713 1598 tribuere.

714 1675 774 1739 5.
823 1676 1246 1739 Problema:
1296 1676 1837 1738 Refractiones
1886 1678 1952 1738 in
1995 1676 2429 1757 longissime
2479 1676 2947 1738 distantibus
2994 1673 3436 1754 regionibus

1213 1766 1461 1825 metiri
1510 1784 1592 1825 ex
1641 1766 2172 1827 observatione
2220 1765 2601 1845 eclipsium
2650 1765 2918 1827 Lunae.

895 1887 1093 1968 Supra
1122 1888 1268 1950 Nr0.
1302 1886 1363 1949 2.
1415 1907 1490 1949 ex
1535 1888 1893 1950 horizontali
1942 1887 2302 1950 refractione
2334 1885 2439 1951 34¹
2480 1888 2848 1950 definivimus
2888 1887 3163 1949 umbram
3195 1886 3429 1955 Terrae,

715 1978 791 2038 ab
842 1976 1126 2038 extremis
1178 1976 1340 2037 Solis
1408 1978 1592 2039 radiis
1660 1977 1939 2039 refractis
1987 1978 2233 2040 Terram
2283 1977 2768 2056 contingentibus
2815 1976 3307 2047 determinatam,
3353 1970 3426 2036 43

716 2065 1201 2126 semidiametros
1250 2066 1473 2125 Terrae
1523 2067 1801 2145 longam;
1870 2067 2210 2146 dictumque
2260 2075 2391 2138 est,
2438 2066 2706 2136 Lunam,
2756 2084 2889 2125 cum
2936 2073 3035 2125 est
3080 2063 3425 2134 humillima,

728 2154 796 2215 11
855 2154 1323 2215 semidiametris
1389 2156 1662 2233 superius
1729 2154 2020 2216 transire:
2083 2174 2197 2234 quo
2255 2156 2429 2216 modo
2476 2155 2707 2216 Lunam
2755 2153 2906 2214 haec
2951 2152 3170 2213 umbra
3216 2151 3427 2212 Terrae

719 2261 1016 2322 nunquam
1086 2243 1482 2320 contingeret.
1576 2245 1666 2304 At
1711 2244 1855 2304 Nr0.
1906 2241 1966 2304 3.
2034 2262 2166 2304 cum
2232 2245 2386 2305 ratio
2454 2244 2803 2304 redderetur
2868 2241 3425 2320 experimentorum,

718 2350 869 2411 quae
918 2340 1058 2391 sunt
1122 2331 1343 2403 allata,
1396 2331 1653 2392 Lunaris
1720 2331 1984 2409 corporis
2043 2340 2277 2411 partem
2334 2332 2629 2411 genuinae
2694 2331 2941 2391 umbrae
3004 2328 3251 2390 omnino
3299 2347 3427 2408 per·

717 2419 988 2480 misimus
1036 2418 1492 2481 obscurandam.
1571 2418 1704 2490 Quo
1756 2420 1883 2480 loco
1933 2440 2005 2479 ne
2054 2420 2521 2482 contradictoria
2568 2420 2699 2500 quis
2745 2417 3061 2498 proposita
3110 2416 3428 2487 existimet,

718 2508 895 2568 velim
945 2506 1090 2568 illud
1140 2508 1577 2582 consideraret,
1636 2528 1750 2569 non
1801 2508 2071 2569 omnibus
2122 2509 2267 2569 locis
2317 2509 2706 2570 refractiones
2756 2526 2891 2568 esse
2939 2506 3224 2579 easdem,
3288 2504 3431 2585 quod

724 2615 909 2676 supra
943 2615 992 2656 c.
1028 2597 1139 2658 IV.
1190 2617 1246 2657 n.
1275 2593 1338 2659 8.
1390 2597 1542 2658 satis
1574 2606 1670 2659 est
1716 2597 2106 2657 declaratum.
2185 2596 2481 2659 Cassellis
2521 2618 2576 2660 n.
2617 2597 2675 2658 in
2707 2597 3158 2657 mediterranea
3202 2594 3433 2674 regione

728 2684 1009 2770 inventae
1076 2693 1216 2746 sunt
1282 2686 1562 2748 minores.
1668 2685 1902 2746 Deinde
1969 2685 2291 2764 diligenter
2356 2686 2857 2747 considerandum
2917 2692 3051 2756 est,
3124 2699 3434 2762 quamnam

1422 2776 1666 2836 umbrae
1735 2773 1937 2834 aeriae
2012 2774 2313 2852 regionem
2395 2775 2640 2837 refracti
2716 2792 2825 2853 per
2895 2772 3054 2833 aeris
3136 2771 3434 2834 humidam

1421 2864 1826 2924 substantiam
1875 2863 2132 2923 transire
2173 2863 2412 2924 omnino
2460 2863 2712 2942 possint.
2791 2859 3021 2923 Centro
3053 2884 3098 2921 α
3146 2860 3436 2921 scribatur

1420 2953 1673 3015 circulus
1721 2949 2017 3012 maximus
2065 2952 2398 3029 superficiei
2448 2952 2705 3013 Telluris
2739 2951 2825 3029 βγ,
2876 2957 2941 3009 et
2985 2948 3245 3010 laxioris
3291 2949 3437 3010 circa

1420 3042 1574 3102 hunc
1622 3040 1780 3101 aeris
1828 3045 1911 3113 δε,
1962 3039 2155 3119 sitque
2204 3045 2268 3100 δε
2316 3041 2571 3101 circulus
2628 3037 3083 3100 illuminationis
3133 3038 3340 3098 aeris:
3387 3046 3438 3095 et

1420 3128 1511 3203 ξδ,
1562 3151 1627 3191 οε
1672 3128 1825 3190 radii
1874 3128 1949 3189 ab
1998 3127 2480 3189 extremitatibus
2529 3128 2690 3190 Solis
2738 3132 2957 3188 coeant
3003 3127 3060 3187 in
3112 3149 3184 3199 π,
3239 3126 3431 3186 deter-

1411 3206 1721 3279 'minantes
1782 3218 2050 3278 umbram
2100 3218 2290 3291 a‘eriS,
2363 3237 2513 3297 quae
2582 3216 2830 3294 eclipsin
2881 3216 3091 3278 Lunae
3140 3225 3433 3276 causatur.

1424 3309 1773 3387 Tangentes
1823 3325 1962 3367 vero
2025 3306 2340 3384 sphaeram
2390 3306 2548 3367 aeris
2598 3306 2654 3365 in
2704 3310 2766 3377 δ,
2817 3328 2862 3377 ε,
2931 3305 3348 3383 refringantur
3390 3302 3435 3362 in

1426 3393 1523 3469 δζ,
1572 3419 1664 3473 εη,
1729 3394 1926 3474 ibique
1991 3395 2221 3473 egressi
2287 3414 2517 3455 rursum
2579 3393 2985 3472 refringantur
3047 3392 3104 3451 in
3175 3388 3288 3463 ζω,
3346 3413 3433 3468 πμ.

1424 3485 1562 3546 Erit
1624 3485 1805 3563 igitur
1865 3507 1955 3543 αω
2021 3482 2256 3543 citimus
2333 3483 2574 3544 umbrae
2650 3482 2957 3543 terminus.
3067 3481 3232 3540 Nam
3297 3476 3434 3561 quod

1426 3576 1643 3635 attinet
1692 3581 1901 3653 partes
1950 3570 2113 3633 Solis
2162 3572 2320 3632 intra
2367 3571 2454 3644 δξ,
2503 3595 2567 3633 eo
2616 3571 2842 3644 radios,
2893 3570 2977 3630 illi
3027 3568 3109 3629 ad
3157 3575 3211 3644 ὅ,
3263 3591 3291 3628 ε
3337 3584 3434 3628 non

1426 3665 1810 3743 pertingunt;
1891 3670 2213 3739 tangentes
2285 3670 2485 3722 autem
2564 3661 2723 3721 aeris
2786 3659 3108 3737 sphaeram
3176 3657 3435 3737 superius

1429 3773 1637 3813 versus
1704 3776 1770 3825 κ,
1836 3754 1901 3824 λ,
1971 3750 2211 3810 eosdem
2281 3752 2508 3810 faciunt
2576 3750 2828 3823 angulos
2899 3747 3330 3807 refractionum
3389 3755 3438 3803 et

1428 3842 1681 3919 ingressi
1729 3839 2018 3918 superiori
2069 3839 2198 3899 loco
2248 3858 2423 3916 quam
2472 3847 2615 3899 sunt
2651 3844 2704 3906 ὅ,
2738 3860 2785 3907 ε,
2835 3834 3224 3914 egrediuntur
3272 3834 3435 3895 etiam

1429 3930 1715 4009 superiori
1781 3929 1912 3988 loco
1979 3947 2155 4005 quam
2223 3937 2362 3987 sunt
2409 3923 2467 3999 ζ,
2517 3949 2580 4003 η,
2639 3935 2702 3986 et
2757 3925 2844 3985 sic
2910 3924 3056 3985 fiunt
3123 3924 3436 3985 exteriores

1431 4038 1601 4097 quam
1635 4015 1732 4090 ζω,
1767 4038 1870 4092 ηω.
1947 4015 2207 4075 Rursum
2260 4017 2381 4075 siat
2411 4016 2467 4092 β,
2510 4039 2539 4092 y
2587 4015 2721 4075 loca
2767 4014 2824 4074 in
2875 4011 3195 4073 meridiani
3235 4012 3437 4073 Terrae

1430 4107 1723 4185 oppositis
1788 4104 2214 4176 semicirculis,
2284 4105 2342 4164 in
2403 4103 2618 4182 quibus
2680 4102 2859 4176 locis,
2911 4112 3121 4161 centro
3184 4098 3350 4162 Solis
3392 4098 3437 4158 iu

1432 4196 1588 4255 linea
1634 4217 1724 4254 αω
1772 4193 2120 4260 constituto,
2173 4200 2336 4253 totus
2376 4192 2650 4270 utrinque
2690 4190 2797 4252 Sol
2845 4190 3109 4251 refracte
3158 4197 3438 4252 cernatur.

1432 4282 1695 4361 margine
1745 4282 1942 4341 infimo
1991 4280 2293 4357 stringens
2342 4280 2740 4342 horizontem:
2791 4280 2882 4341 ita
2911 4287 2977 4339 ut
3004 4301 3104 4351 μη,
3135 4280 3204 4337 φλ
3238 4277 3437 4340 refrin-

1430 4381 1653 4449 gantur
1699 4371 1755 4430 in
1805 4374 1904 4442 κθ,
1957 4372 2026 4440 λι,
2079 4368 2329 4447 indeque
2379 4370 2435 4429 in
2483 4374 2595 4449 θχ,
2647 4392 2727 4447 ιχ,
2780 4376 3062 4429 secantes
3113 4362 3219 4438 ζω,
3266 4388 3352 4443 ῃ
3396 4365 3440 4425 in

1428 4459 1496 4532 P,
1531 4456 1607 4528 Q.
1684 4459 1949 4519 Necesse
1999 4466 2093 4518 est
2132 4476 2236 4535 per
2277 4477 2368 4527 ea,
2419 4476 2570 4536 quae
2604 4475 2735 4535 cap.
2772 4456 2851 4517 V.
2901 4455 3048 4517 Nro.
3086 4453 3149 4517 3.
3191 4473 3362 4534 prop.
3391 4448 3438 4515 9.

1432 4548 1847 4608 demonstrata
1895 4555 2055 4619 sunt,
2108 4557 2172 4606 ut
2219 4545 2268 4605 si
2319 4546 2575 4606 maxime
2607 4544 2696 4618 ξδ,
2725 4569 2804 4619 μιι
2847 4543 3129 4624 paralleli
3181 4542 3439 4609 fuissent,

1433 4638 1518 4696 sic
1567 4645 1630 4696 et
1678 4657 1762 4709 oe,
1811 4637 1894 4705 vl,
1944 4644 2140 4695 tamen
2190 4630 2341 4706 ξὸζω
2390 4642 2453 4694 et
2499 4654 2652 4710 οεηω
2701 4632 2946 4694 citerius
2993 4650 3353 4693 concurrere
3397 4630 3442 4689 iu

1435 4748 1502 4794 ω,
1553 4744 1729 4803 quam
1779 4728 1958 4803 μκθχ,
2006 4725 2144 4802 νλιχ.
2222 4723 2416 4783 Multo
2456 4723 2516 4783 id
2559 4724 2690 4801 jam
2738 4722 2932 4801 magis
2980 4720 3294 4783 inclinatis
3340 4717 3443 4780 illis

1437 4814 1638 4884 lineis,
1719 4812 1859 4890 quia
1923 4811 2023 4883 ξὸ,
2094 4831 2157 4869 οι
2219 4830 2256 4870 a
2311 4810 2602 4889 superiori
2670 4809 2834 4872 Solis
2906 4809 3182 4889 margine
3256 4808 3442 4870 venire

1434 4908 1749 4979 ponuntur,
1798 4923 1891 4972 μκ,
1941 4902 2006 4959 φλ
2053 4898 2128 4958 ab
2178 4898 2479 4959 inferiore.
2555 4899 2655 4960 Ita
2698 4922 2732 4977 χ
2779 4899 2896 4958 erit
2943 4900 3238 4961 remotius
3284 4912 3444 4978 quam

1437 5012 1503 5060 ω,
1547 4998 1610 5049 et
1635 4993 1735 5068 θχ,
1769 5012 1822 5068 ιχ
1860 4986 2539 5048 termini‘radiationum
2587 4987 2983 5049 refractarum
3031 4987 3236 5050 alteri.
3301 4985 3441 5048 Nam

971 2844 1077 2909 rig.
1121 2842 1204 2894 95.
