3692 5842
715 475 837 527 derebus
857 475 959 541 Optlctr.
1290 409 1296 435 ⁸
1467 481 1510 547 45

156 644 214 696 bere
232 647 310 704 rolui,
329 649 493 700 mimadrerti
511 663 567 699 eam
587 651 721 713 optinorum
740 651 868 700 doctrinae
886 653 924 701 ita
942 652 1080 707 adversari,
1099 659 1127 701 ut
1146 655 1186 717 qui
1199 656 1241 703 nni
1254 656 1326 705 iidem
1342 658 1426 715 habet,
1447 661 1510 710 alte·

154 729 208 766 ram
226 725 303 783 neget
320 728 442 784 oporteat.
479 721 539 770 Esto
558 722 623 771 enim
642 722 733 771 Terrae
752 722 838 785 globus
857 725 928 785 cujus
946 725 1093 773 centrumA
1113 731 1138 771 et
1156 726 1296 787 superficies
1315 728 1352 786 B,
1371 732 1436 780 atria
1455 746 1510 780 vero

154 787 287 839 ambientis
304 791 446 855 superficies
464 793 498 841 sit
516 791 551 848 C.
579 791 678 841 horizon
698 792 850 842 Zemblensis
869 794 992 843 sensibilis
1005 793 1088 846 BCD.
1120 796 1247 846 rationulis
1266 800 1288 846 ei
1306 800 1439 863 parallelus
1459 803 1509 858 AF,

773 881 827 946 Fig.
847 877 889 928 25.

875 1412 1246 1522 ἵζ’-Ἥ,
1296 1241 1396 1620 s

155 1840 215 1891 Solis
234 1856 322 1908 corpus
336 1845 364 1902 F..
384 1845 544 1910 quodaersue
563 1852 674 1896 austrum
694 1848 768 1897 sitnm
786 1851 852 1899 inira
870 1851 1022 1901 horizontem
1042 1852 1110 1901 BCI)
1130 1848 1161 1899 4⁰
1179 1854 1212 1900 sit
1230 1854 1380 1916 depressum.
1406 1848 1509 1911 thuia

154 1914 336 1965 semidiameter
353 1916 446 1968 Terrae
465 1918 509 1966 AB
528 1920 553 1967 in
581 1917 687 1981 sphaera
706 1917 769 1969 Solis
797 1922 923 1971 subtendit
948 1937 1030 1971 arcum
1051 1921 1076 1971 θ’
1095 1922 1169 1986 paulo
1189 1924 1319 1978 minorem,
1349 1933 1451 1968 necesse
1471 1925 1508 1969 eat

155 1983 234 2034 Solem
253 1987 330 2036 etiam
348 1988 422 2052 longe
449 1989 514 2038 inira
532 1990 684 2038 horizontem
703 1992 849 2041 rationalem
869 1994 912 2041 AF
931 1995 1079 2043 constitisse.
1118 1994 1177 2041 Esto
1193 1996 1246 2054 jam
1272 1994 1339 2042 linea
1356 1989 1507 2040 incidentiae

156 2054 194 2104 tc
205 2053 284 2117 (hanc
294 2058 394 2108 tuiacis
413 2066 559 2125 tangentem
578 2062 650 2116 atris,
671 2074 773 2112 causam
784 2079 833 2112 non
853 2064 973 2128 intelligo,
991 2079 1037 2114 nec
1048 2065 1142 2113 ridetur
1151 2063 1210 2112 mihi
1226 2079 1282 2112 rero
1293 2060 1507 2120 consentaneum).

239 2128 443 2208 Keplerus:
478 2130 565 2202 Quod
589 2132 708 2195 miraris
732 2153 784 2196 cur
807 2135 916 2214 eligam
942 2137 1033 2197 talem
1059 2135 1140 2197 Solis
1165 2135 1295 2207 radium,
1327 2133 1375 2211 qui
1399 2140 1507 2209 tangat

154 2215 230 2277 atris
255 2218 416 2296 sphaeram
441 2228 472 2281 et
502 2221 531 2282 in
555 2228 666 2300 puncto
689 2222 741 2283 iilo
765 2225 913 2285 refractus
947 2232 1055 2303 tangat
1078 2233 1186 2302 postea
1210 2232 1240 2284 et
1264 2224 1374 2283 Terrae
1399 2238 1506 2297 super-

153 2303 263 2377 ficiem,
287 2326 381 2368 causa
404 2316 452 2370 est
474 2309 568 2370 haec:
593 2309 712 2370 sienim
737 2321 889 2373 secantem
914 2313 1139 2388 assumsissem,
1167 2312 1304 2391 tangenti
1327 2309 1424 2387 major
1448 2309 1504 2368 ad-

152 2392 206 2455 huc
230 2394 408 2458 obvenisset
429 2397 587 2470 retractio,
625 2416 713 2477 quam
737 2399 780 2460 iiii
810 2402 935 2462 secanti.
983 2402 1124 2480 Tangeris
1154 2401 1232 2461 enim
1257 2401 1313 2460 hoc
1337 2399 1402 2477 ipso
1427 2398 1505 2477 quod

152 2490 281 2562 tangens
309 2486 438 2547 maxime
462 2485 635 2560 inclinatur,
670 2507 712 2548 sc.
737 2507 791 2567 per
815 2484 883 2552 90⁰.
931 2489 997 2568 Ego
1022 2509 1092 2551 vero
1121 2488 1222 2567 potius
1252 2488 1394 2549 minorem
1419 2504 1508 2565 quam
1552 2503 1560 2513 ’

151 2571 294 2651 majorem
318 2574 531 2636 refractionem
554 2575 768 2637 horizontaiem
794 2588 958 2655 optassem.

240 2660 448 2727 Branggerus
466 2665 559 2729 pergit:
588 2663 655 2712 linea
673 2664 828 2714 retractionis
847 2664 902 2721 CB,
929 2665 1130 2729 perpendicnlum
1151 2664 1206 2720 CG,
1226 2664 1339 2714 cathetus
1358 2663 1508 2713 incidentiae

149 2729 204 2779 ΕΗ.
244 2730 327 2781 Locus
345 2734 420 2798 igitur
438 2735 553 2801 imaginis
566 2733 630 2785 Solis
645 2736 718 2796 juxta
736 2737 830 2800 opticos
849 2736 1160 2792 scaravaciensis&
1176 2735 1216 2784 15.
1236 2737 1282 2785 luit
1300 2737 1325 2783 in
1343 2741 1435 2797 puncto
1449 2748 1507 2782 con·

148 2816 235 2852 cursus
254 2803 349 2854 catheti
367 2806 518 2855 incidentiae
537 2805 584 2855 ΕΗ
602 2811 628 2854 et
646 2803 687 2854 CB
706 2805 788 2856 lineae
807 2805 975 2865 retractionis,
994 2808 1018 2856 id
1037 2814 1075 2856 est
1093 2808 1119 2856 in
1137 2807 1150 2856 i
1159 2842 1165 2862 ,
1189 2806 1253 2869 quod
1278 2806 1346 2856 cadit
1363 2807 1389 2853 in
1407 2805 1507 2868 plagam

147 2873 277 2924 borealem
295 2873 380 2925 SoiiE
399 2878 543 2940 oppositam.
583 2876 723 2938 Adjicerem
743 2877 991 2934 demonstrationem.
1011 2879 1056 2927 nisi
1076 2879 1163 2927 scirem
1181 2885 1207 2926 te
1225 2880 1278 2926 sine
1298 2877 1507 2926 demonstratione

147 2944 194 2994 hoc
213 2946 306 2994 ridere.
344 2948 378 2995 At
395 2949 460 2997 risus
479 2955 518 2997 est
535 2948 639 2998 Batavis
658 2947 700 2997 Sol
719 2950 743 2996 in
762 2956 832 3012 parte
852 2950 954 2999 australi
974 2952 1040 2998 circa
1059 2949 1098 3008 D,
1124 2950 1164 2997 ubi
1183 2948 1263 2997 nuilus
1278 2963 1331 2998 esso
1349 2948 1429 3011 potuit
1447 2962 1505 2997 con·

148 3029 235 3064 enrsus
256 3017 351 3066 catheti
371 3033 427 3067 cum
445 3019 587 3069 horizonte:
615 3034 717 3068 necesse
737 3026 775 3067 est
792 3021 879 3084 igitur,
907 3020 989 3070 Solem
1009 3028 1079 3069 extra
1098 3020 1225 3069 cathetum
1249 3019 1401 3068 incidentiae
1419 3019 1505 3067 visum.

148 3085 181 3133 Et
199 3086 260 3149 qnid
279 3087 363 3136 obstat
381 3104 427 3152 quo
446 3090 527 3138 minus
545 3089 647 3139 tandem
666 3089 826 3147 concludam,
855 3093 976 3156 imagines
1002 3105 1160 3155 quascunque
1185 3105 1229 3153 per
1246 3090 1404 3139 reflexionem
1423 3096 1449 3138 et
1468 3104 1506 3137 re-

146 3157 297 3206 fractionem
317 3166 465 3221 apparentes
492 3176 617 3225 nunquam
637 3162 662 3208 in
682 3161 788 3211 cathetis
807 3162 958 3211 incidentiae
986 3160 1103 3225 reperiri?
1133 3167 1261 3223 exceptam
1285 3167 1370 3210 tamen
1393 3160 1433 3209 hic
1452 3159 1506 3209 rolo

147 3227 309 3277 reiiexionem
328 3243 344 3277 a
363 3230 462 3292 speculo
481 3230 563 3294 plano.
601 3230 672 3290 Quod
692 3233 713 3279 si
732 3234 756 3280 in
775 3232 896 3295 paralleIa
909 3234 1070 3296 apparentiae
1089 3232 1170 3282 iocum
1189 3233 1212 3281 ei
1231 3232 1403 3287 concedamus,
1423 3232 1507 3280 omnia

146 3305 216 3348 recte
235 3313 263 3348 se
280 3298 383 3349 habent.
420 3300 487 3349 Nam
506 3302 582 3352 ducta
599 3302 667 3351 linea
679 3302 725 3351 ΕΙ)
738 3303 859 3366 parallela
877 3303 1050 3367 perpendiculo
1070 3303 1128 3359 CG,
1148 3302 1211 3351 haec
1231 3304 1352 3351 concurrit
1371 3317 1427 3351 cum
1439 3302 1507 3352 linea
1561 3303 1566 3316 '

147 3369 290 3420 reflexionis
308 3368 351 3420 Bc
370 3372 396 3419 in
414 3379 505 3435 puncto
524 3372 548 3421 D
568 3387 598 3421 ex
616 3379 686 3435 parte
706 3374 821 3430 australi,
840 3375 905 3438 quod
924 3375 1088 3424 observationi
1107 3374 1207 3437 pulchre
1227 3373 1366 3435 respondet.

238 3440 358 3490 Proiixior
369 3442 403 3490 fui
421 3443 446 3490 in
465 3442 537 3505 hujus
556 3445 706 3507 quaestionis
725 3447 875 3495 tractatione
894 3459 968 3510 quam
986 3446 1032 3494 iert
1052 3444 1170 3508 epistolae
1189 3443 1288 3492 modus:
1307 3444 1401 3507 placuit
1420 3450 1505 3494 tamen

146 3512 223 3561 latina
242 3526 299 3562 eam
318 3513 454 3576 explicare.
483 3521 511 3563 ut
528 3514 624 3577 planius
642 3514 793 3580 intelligeres
811 3516 869 3580 qnid
887 3518 994 3565 sentiam
1019 3522 1044 3564 et
1072 3531 1115 3564 cur
1143 3515 1175 3563 ab
1194 3515 1249 3563 aliis
1268 3515 1419 3564 dissentiam.
1455 3515 1506 3564 Diu

145 3598 189 3632 me
207 3590 234 3633 et
252 3598 270 3632 a
293 3584 376 3632 multis
395 3586 467 3633 annis
486 3600 630 3648 suspensum
649 3588 745 3643 tenuit,
774 3601 820 3636 nec
838 3587 913 3636 habui
933 3602 988 3637 curn
1007 3602 1053 3650 quo
1073 3586 1103 3634 de
1128 3600 1159 3635 ea
1178 3586 1312 3635 conferrem
1337 3600 1384 3634 nec
1402 3585 1505 3648 propriis

147 3655 342 3719 cogitationibus
360 3657 461 3706 nimium
479 3656 555 3705 fidere
574 3671 649 3705 ausus
669 3658 717 3711 hri,
746 3658 848 3722 ideoque
874 3659 961 3722 opticis
984 3657 1081 3722 publice
1106 3656 1215 3705 indicere
1240 3656 1329 3705 bellum
1348 3656 1430 3713 nolui,
1460 3655 1505 3706 sed

146 3725 214 3788 qnod
232 3734 261 3775 tu
279 3726 310 3775 de
329 3735 396 3776 recte
413 3727 639 3791 philosophantibus
658 3730 746 3791 opticis
766 3729 893 3793 eleganter
910 3730 995 3779 scribis
1016 3725 1072 3790 (sub
1084 3728 1158 3778 mem
1172 3742 1226 3791 cap.
1237 3726 1279 3786 lV,
1294 3724 1321 3788 6)
1340 3742 1397 3777 mea
1409 3727 1505 3791 privata

146 3797 265 3846 libertate
284 3803 415 3847 contentus
433 3799 476 3848 ini.

239 3867 445 3947 Keplerus:
480 3867 569 3940 Quod
592 3889 685 3950 penes
716 3870 977 3932 retractiones
1006 3869 1085 3932 idem
1108 3868 1270 3931 absurdum
1295 3868 1420 3931 Vitellio
1444 3870 1502 3931 ad-

146 3955 250 4025 misit,
274 3956 434 4037 imaginem
457 3966 528 4038 post
551 3959 684 4033 oculum,
710 3978 746 4019 ex
770 3977 805 4019 eo
828 3959 913 4020 vides
936 3959 1108 4039 analogiam
1132 3958 1210 4018 inter·
1234 3957 1505 4036 speculaconcava

147 4055 182 4106 et
205 4045 306 4106 media
328 4046 458 4122 rariora3
482 4066 535 4109 nec
560 4046 717 4108 miraberis
740 4046 870 4126 ineptias
895 4067 978 4109 meas
994 4067 1058 4126 cap.
1076 4048 1131 4109 iv.
1171 4046 1266 4107 Plane
1282 4054 1382 4107 antem
1407 4055 1504 4108 tecum

146 4134 250 4195 sentio
275 4141 305 4195 et
329 4134 394 4209 hic,
421 4136 556 4215 quamvis
580 4154 638 4197 non
661 4135 804 4215 perpendi
830 4155 895 4197 cum
921 4137 1026 4198 librum
1051 4135 1222 4197 scriberem.
1256 4134 1298 4196 Et
1322 4154 1405 4196 meus
1425 4135 1502 4197 ima-

147 4223 229 4303 ginis
249 4223 332 4284 locns
352 4222 471 4285 omnino
491 4224 689 4286 Vitellianum
708 4225 784 4306 hunc
809 4225 972 4287 absurdum
992 4224 1121 4304 perimit.
1152 4223 1213 4286 Est
1231 4224 1310 4285 enirn
1329 4223 1400 4286 mihi
1420 4224 1503 4285 locus

146 4310 288 4391 imaginis
304 4309 386 4374 Solis
409 4313 438 4374 in
457 4332 600 4375 concursu
616 4313 760 4375 linearum
776 4333 814 4374 ex
828 4321 953 4393 utroque
969 4314 1054 4374 oculo
1077 4332 1131 4392 per
1153 4322 1266 4392 puncta
1289 4311 1503 4375 refractionem

145 4402 369 4482 productarum.
416 4401 499 4465 Nihil
522 4411 651 4483 peccant
674 4402 751 4464 oculi
781 4410 835 4463 aut
865 4411 945 4463 certe
975 4402 1126 4463 minimum
1157 4402 1186 4463 in
1218 4402 1442 4482 propinquitate
1472 4408 1504 4461 et

146 4489 314 4553 remotione
338 4490 461 4570 imagini
477 4489 558 4553 Solis
583 4491 775 4566 ascribenda,
800 4510 866 4552 cum
889 4491 1014 4570 angulus
1038 4490 1140 4570 <ipsos
1163 4491 1407 4569 convergentium
1430 4489 1503 4551 nihii

147 4588 203 4642 aut
226 4588 308 4641 certe
332 4597 436 4658 parum
461 4588 592 4642 mutetur
606 4579 637 4641 in
652 4580 807 4659 superficie
823 4580 1000 4642 refractoria
1023 4587 1145 4659 propter
1169 4579 1232 4656 ejus
1257 4578 1502 4658 magnitudinem.

147 4668 201 4731 Sic
229 4686 285 4729 nec
318 4666 346 4729 in
376 4670 557 4749 perspiciiiis
589 4668 752 4730 distantiae
782 4676 958 4748 punctorum
990 4668 1102 4729 directe
1129 4668 1261 4728 visorum
1291 4676 1446 4730 mutantur
1473 4666 1503 4729 in

147 4756 302 4838 imagine:
334 4776 449 4819 rursum
480 4759 556 4820 enirn
587 4758 662 4820 radii
693 4777 730 4819 ex
760 4767 885 4838 utroque
914 4757 999 4819 oculo
1030 4756 1069 4816 ad
1098 4774 1186 4816 unum
1209 4754 1336 4817 visibilis
1360 4763 1502 4835 punctum

147 4845 311 4908 tendentes
340 4844 370 4907 in
399 4847 528 4928 trajectu
558 4847 795 4928 perspicillorum
828 4847 921 4909 nihilo
945 4843 1041 4924 magis
1065 4842 1112 4903 vel
1136 4842 1232 4904 minus
1257 4850 1501 4925 contorquentur,

148 4954 237 5016 quam
260 4934 292 4996 in
316 4952 440 5015 egressu
463 4957 501 4999 ex
524 4937 620 4998 oculo.
667 4938 711 4998 At
734 4936 761 4997 si
784 4955 874 4997 unum
897 4934 1101 5016 perspiciilum
1125 4930 1275 5011 utriusque
1298 4933 1376 4996 oculi
1400 4933 1503 4995 radios

148 5023 279 5106 excipit,
303 5029 438 5087 mutatur
459 5025 601 5107 imaginis
633 5026 716 5088 iocus
740 5033 772 5087 et
794 5024 974 5106 propinquat
997 5041 1051 5105 per
1074 5038 1162 5095 cava,
1195 5019 1323 5084 discedit
1350 5040 1404 5102 per
1426 5039 1501 5083 con·
