3692 5842
242 464 308 531 752
776 463 1062 534 nassonem

242 645 330 694 sitione
348 644 446 694 invecti.
474 642 540 705 Quia
557 642 623 693 color
639 642 735 700 rutilus,
754 643 863 694 ostendit
881 659 937 698 eam
948 641 1072 695 Πυθὼ
1089 649 1196 696 naturae
1214 658 1280 697 esae-
1309 645 1404 697 rums
1419 651 1509 699 lun
1523 651 1588 702 ω’

242 716 350 767 usundit
367 730 485 780 magnam
502 730 571 779 spem
589 717 686 780 gratiae
704 715 801 764 divinae
820 723 845 765 et
862 716 1042 773 liberationem,
1064 723 1163 781 propter
1179 716 1258 767 dlinsn
1279 716 1336 767 Dei
1352 718 1381 768 in
1399 733 1478 770 eruce
1494 733 1587 785 pa-

332 785 381 837 Sed
400 787 431 836 de
447 787 519 849 hujus
537 787 625 837 stellae
644 788 805 850 apparitione,
822 787 886 845 loco.
904 794 981 844 motn,
1000 787 1087 844 torma,
1106 786 1243 848 effectibus,
1262 788 1367 852 publico
1386 792 1482 854 scripto
1498 790 1587 855 pulte

240 858 349 925 gratiam
366 872 411 907 sno
429 865 538 921 tempore
557 873 632 924 agere
650 859 773 911 constitui.
792 859 833 907 nbi
852 864 878 908 et
896 859 997 910 alterins
1017 859 1144 922 cujusdam
1163 874 1243 910 norae
1260 859 1356 910 stellae
1376 857 1459 925 (qnae
1478 875 1541 912 anas
1555 861 1589 914 li.

242 937 303 980 ante
321 929 463 994 generalem
481 929 550 978 illam
563 929 712 980 Germaniae
729 937 824 993 pestem
837 928 872 991 (l)
886 926 1034 996 apparebat)
1047 936 1074 979 et
1086 943 1102 980 a
1113 945 1154 980 me
1167 932 1319 982 observatae
1338 931 1482 995 sleswic
1499 932 1589 992 leth,

240 1016 288 1051 noc
315 1016 365 1050 non
392 1015 462 1050 meas
481 1000 512 1049 de
536 1000 620 1050 futura
645 1015 739 1065 magna
766 1004 939 1063 conjunctione
955 1001 972 1063 d
991 1007 1017 1051 et
1033 1000 1056 1062 ll
1075 1003 1101 1051 in
1120 999 1148 1064 ,I
1170 1004 1342 1067 cogitationes
1367 1009 1397 1054 et
1423 1004 1591 1056 otsmsslu

241 1072 352 1134 addam;
381 1073 426 1121 sub
446 1071 481 1121 cl.
501 1070 620 1136 Principis
639 1074 716 1121 nostri
734 1073 833 1122 nomine
853 1075 942 1132 edam,
969 1074 1016 1123 etsi
1032 1073 1110 1136 ipsius
1128 1071 1255 1124 celsitudo
1280 1074 1341 1124 aliis
1367 1075 1525 1140 grarisdlu
1540 1079 1591 1126 σή

240 1159 291 1195 non
308 1144 400 1192 lrnstra
417 1149 559 1206 occupatur.
599 1142 683 1192 Simile
702 1144 872 1206 descriptionis
897 1145 1054 1195 brevissimae
1080 1144 1205 1208 exemplar
1222 1142 1312 1211 (quale
1330 1146 1375 1196 blo
1400 1143 1484 1207 rides)
1502 1145 1591 1198 C&

241 1215 364 1277 dinisius
382 1215 588 1270 transmisissem,
615 1214 660 1263 sed
679 1214 734 1264 'lbra
752 1214 941 1279 Magnificentie
966 1216 1044 1279 ipsine
1063 1214 1224 1273 eelsitudini,
1251 1218 1273 1266 si
1300 1218 1343 1267 ita
1368 1219 1477 1267 occasio
1501 1217 1591 1279 df«,

240 1285 313 1349 bnjns
331 1286 496 1349 phaenomeni
514 1286 570 1334 nori
588 1285 780 1335 delineationem
798 1288 931 1340 ostendere
948 1288 1049 1353 poterit.
1066 1287 1146 1338 mnae
1162 1287 1267 1338 meliora
1284 1288 1463 1352 parem.

330 1357 403 1406 Haec
421 1370 503 1419 panca
520 1363 579 1406 tnnc
597 1359 714 1421 temporis
727 1357 756 1407 Τ.
769 1357 805 1407 bi.
818 1361 924 1410 scribare
942 1359 1017 1415 solui,
1034 1358 1216 1418 utbnlnsnuri
1233 1359 1389 1425 usbnfipia
1407 1360 1593 1413 wadelino

245 1430 342 1479 animus
360 1435 425 1484 tuus,
445 1441 558 1477 cnrarnm
576 1428 640 1478 mole
658 1436 786 1493 gravatus,
805 1432 831 1480 in
849 1431 917 1481 bisce
937 1431 1105 1481 communibus
1123 1431 1226 1480 miseriis
1244 1430 1278 1481 ad
1297 1431 1452 1482 mucidam
1470 1439 1498 1483 st
1512 1435 1592 1484 υἰέ-

243 1500 342 1550 cordem
360 1498 436 1548 lilium
449 1498 497 1547 Dei
505 1481 571 1548 'ese
589 1497 725 1561 convertat,
747 1509 773 1550 et
784 1517 828 1564 spe
846 1502 944 1551 futurae
961 1502 1114 1551 liberationis
1132 1517 1160 1551 se
1172 1515 1203 1553 ac
1219 1502 1362 1566 Principem
1383 1510 1501 1554 nutu
1518 1505 1592 1571 q‘u

243 1638 306 1702 (Res
331 1570 407 1620 Hisce
426 1570 526 1702 'fldem
543 1570 682 1624 Fabricium
700 1579 785 1625 mntno
803 1580 832 1622 nt
848 1573 972 1624 hactenm
991 1585 1076 1624 amare
1093 1574 1196 1638 pergito.
1222 1572 1251 1623 ln
1269 1574 1333 1625 sede
1350 1575 1480 1641 prolngaa
1497 1574 1592 1627 ilsu's

307 1642 434 1691 terhariae
504 1676 510 1695 .

772 1714 842 1767 Tuae
860 1715 1065 1782 Magnificenliae

1092 1785 1331 1838 observantissimus

1255 1856 1289 1908 D.
1319 1859 1536 1911 Fabricius.

300 1999 303 2008 ,
334 1949 402 2011 Quos
420 1948 480 1998 dicit
497 1945 624 1997 Fabricius
643 1952 724 1996 motus
742 1948 839 2011 patriae
857 1948 883 1997 in
900 1947 1019 2012 prioribus
1036 1947 1114 1997 literis
1131 1946 1170 1996 bis
1187 1946 1271 2011 tangit
1288 1947 1392 1998 verbis:
1414 1961 1593 2014 ,mpera-

242 2021 351 2085 qnotidie
369 2020 473 2077 bellum,
498 2034 547 2068 non
565 2024 664 2067 tantum
683 2032 700 2067 a
716 2019 847 2069 rebellibus
864 2019 1043 2076 Emdensibus,
1062 2019 1106 2068 sed
1123 2018 1256 2083 praecipue
1274 2018 1408 2070 ordinibus
1428 2019 1592 2073 neuneu·

244 2090 284 2142 De
303 2092 372 2142 edita
389 2099 450 2140 tnnc
467 2090 584 2154 temporis
602 2071 773 2139 obserra'ono
791 2104 837 2139 sna
853 2090 926 2153 hnlns
944 2089 1033 2140 stellae
1050 2090 1084 2139 nil
1103 2095 1210 2140 constat

332 2182 361 2231 In
380 2181 459 2231 literis
477 2180 501 2229 d.
522 2176 566 2228 24.
585 2177 654 2243 Sept
669 2194 696 2227 r.
716 2186 747 2229 st
769 2176 846 2229 1602.
866 2179 1045 2231 Resterhariae
1064 2179 1129 2229 datis
1147 2179 1270 2245 legimns:
1293 2177 1335 2229 De
1353 2194 1425 2230 nora
1442 2182 1518 2233 stella
1533 2183 1594 2233 val&

241 2252 372 2318 perplexus
391 2267 459 2309 snmr
487 2253 512 2300 si
531 2265 602 2300 rere
628 2264 714 2300 nora
741 2257 805 2311 est,
834 2259 947 2301 curtam
966 2252 1008 2301 din
1025 2251 1142 2316 perdurat
1159 2250 1248 2301 eadem
1272 2253 1469 2317 magnitudine,
1496 2255 1593 2320 paedia

242 2324 315 2376 Nora
332 2326 359 2374 in
377 2324 522 2388 Cassiopeia
538 2337 588 2372 non
607 2329 646 2372 est
664 2324 827 2373 obsernmm
854 2323 973 2374 Demerit
991 2324 1056 2372 enlm
1079 2321 1123 2373 ills
1146 2324 1276 2387 paulatim.
1304 2323 1344 2373 ot
1361 2326 1488 2376 tumnltrss
1505 2327 1593 2377 beflas

244 2397 427 2480 observationes
453 2395 534 2445 nullas
562 2394 605 2446 diu
631 2394 687 2445 leci.
723 2394 792 2445 Nihil
818 2395 884 2458 apud
910 2409 951 2444 mo
975 2394 1073 2452 babeo,
1100 2403 1200 2460 practer
1222 2395 1331 2444 Bibliam
1357 2409 1463 2447 sacram
1481 2405 1508 2447 st
1525 2398 1594 2450 Μ

196 2537 200 2543 ’
243 2467 433 2599 episomam
451 2491 541 2588 abhinc
555 2536 594 2586 die
607 2534 661 2597 (²8.
676 2534 758 2600 Sept.)
776 2536 900 2594 ,Aurica“
913 2538 1000 2601 paucis
1017 2543 1104 2588 namt
1114 2537 1230 2602 Keplero,
1249 2534 1404 2586 llsrmsm
1423 2552 1451 2588 se
1463 2539 1594 2589 om

246 2625 291 2675 per
309 2607 379 2659 l-ls
398 2610 451 2659 dies
470 2610 609 2666 continuas,
628 2615 657 2657 at
674 2610 856 2657 observationes
874 2623 933 2657 snas
958 2622 1014 2658 eum
1037 2611 1125 2659 ceteris
1145 2610 1196 2658 snis
1216 2605 1364 2664 „lisaniam”
1393 2608 1507 2660 Mam
1523 2619 1594 2662 tru-

246 2682 341 2739 tulisse,
360 2682 424 2731 alias
442 2682 642 2730 transmissnmm
660 2680 735 2728 luisse
753 2679 808 2729 illas
820 2680 947 2744 Keplero;
965 2681 1034 2730 breri
1052 2688 1136 2730 antem
1152 2685 1300 2744 sequntrrrss
1318 2693 1376 2730 esse
1396 2678 1495 2747 (comp.
1511 2679 1594 2747 pli)

244 2754 358 2818 Denique
378 2752 414 2815 (d
435 2750 504 2812 llil.
524 2751 587 2802 b'or.
609 2747 688 2811 rtet)
708 2751 799 2808 Esena,
828 2753 903 2808 ,urbe
921 2752 1016 2809 natali,
1042 2753 1070 2801 in
1087 2765 1161 2816 qnam
1179 2752 1210 2802 ob
1227 2750 1320 2800 bellum
1337 2752 1365 2800 in
1384 2752 1469 2802 Frisia
1493 2755 1595 2820 ηψπ.

247 2826 259 2875 1
280 2826 378 2875 milliari
396 2838 413 2874 a
430 2826 505 2888 priori
522 2824 575 2873 loco
601 2823 750 2871 distantem*
770 2823 833 2873 baec
858 2824 933 2874 relert
950 2824 1094 2872 Fabricius:
1119 2822 1191 2872 Nora
1215 2821 1304 2878 stella,
1328 2824 1350 2871 si
1369 2824 1447 2873 modo
1465 2839 1525 2876 esre
1540 2839 1595 2876 ιω

246 2897 326 2957 luerit,
346 2898 372 2946 in
392 2896 478 2946 eodem
496 2910 543 2960 qno
561 2896 665 2959 primum
683 2894 732 2943 ridi
749 2894 803 2945 loco
821 2902 967 2959 permanet,
986 2894 1012 2943 in
1033 2889 1080 2941 1⁶⁰
1100 2891 1141 2942 lil‘
1159 2901 1223 2949 m,
1240 2892 1285 2942 lat.
1304 2893 1357 2945 bor.
1379 2890 1504 2944 55‘21'.

334 2976 429 3038 Quibus
448 2976 614 3040 Keplerns
632 2975 758 3039 respondit
780 2972 817 3035 (d.
836 2973 862 3024 2.
881 2975 943 3025 Dec.
967 2971 1066 3036 iiim:
1089 2966 1135 3027 De
1154 2966 1246 3027 stella
1263 2964 1425 3045 incognita
1442 2967 1518 3031 nibil
1536 2988 1594 3030 tn·

243 3057 323 3139 plina
347 3077 435 3137 qnam
458 3064 491 3117 tn
515 3057 578 3118 scio
604 3063 634 3115 et
656 3075 710 3134 per
733 3064 764 3116 te
788 3055 872 3118 scivi.
910 3054 1079 3117 Observari
1103 3054 1199 3116 locum
1222 3061 1322 3116 tecum
1344 3056 1441 3134 plane
1464 3058 1593 3120 eundem

244 3146 406 3230 Tychonici
431 3154 530 3206 tamen
555 3146 708 3205 inveniunt
731 3165 795 3207 eam
820 3166 865 3206 me
889 3146 985 3206 minus
1010 3154 1041 3205 et
1064 3153 1094 3206 te
1115 3144 1145 3205 in
1168 3142 1364 3223 longitudine.
1406 3146 1534 3208 Memini
1554 3167 1593 3208 mc

244 3256 310 3297 eom
334 3236 497 3296 Novembri
525 3230 618 3296 1601.
650 3234 763 3295 vidisse
796 3235 901 3296 statim
934 3242 1005 3313 post
1033 3244 1156 3295 mortem
1185 3233 1356 3314 Tycbonis,
1392 3251 1594 3314 argumentum

245 3324 377 3387 crncifixi
399 3344 465 3386 cum
480 3323 624 3385 inclinato
644 3324 753 3403 capite.
791 3324 914 3386 Utinam
935 3323 1042 3405 aliquis
1058 3324 1086 3385 in
1103 3323 1231 3385 ecclesia
1246 3322 1327 3384 illam
1347 3324 1593 3403 jucundissimam

243 3434 347 3475 vocem
372 3416 540 3475 exclamet:
567 3411 811 3474 Comummatnm
836 3415 900 3474 est!
928 3446 968 3456 -
1008 3424 1148 3486 Antequam
1174 3421 1237 3471 haee
1265 3421 1369 3484 Ksplsri
1395 3424 1475 3473 verbs
1493 3423 1593 3490 legisses

246 3504 366 3569 prioribus
385 3503 455 3554 addit
472 3503 665 3552 Fabricius:
685 3502 725 3552 De
743 3518 808 3553 nora
825 3503 897 3552 stella
909 3502 1039 3567 plurimum
1057 3503 1140 3552 dubito
1160 3516 1193 3551 an
1205 3517 1261 3551 rere
1279 3517 1345 3552 nora
1362 3504 1407 3564 sit.
1429 3507 1477 3555 etsi
1491 3508 1517 3556 in
1533 3505 1594 3556 nulb

246 3576 325 3641 globis
343 3576 381 3626 rel
400 3574 491 3625 tabulis
516 3576 662 3624 inveniatur.
700 3575 738 3623 Tu
756 3575 823 3624 hand
841 3575 914 3624 dubie
940 3574 1042 3624 aliorum
1067 3588 1195 3624 consuram
1221 3575 1296 3624 etiam
1322 3576 1484 3640 inquisivisti.
1522 3578 1593 3632 cens

242 3649 332 3699 sinon
354 3654 420 3697 esset
438 3660 517 3706 nora,
546 3648 633 3695 misere
661 3647 798 3709 decepisset
816 3662 861 3695 nos
879 3653 964 3697 nostra
987 3648 1132 3711 imaginatio
1151 3651 1177 3694 et
1195 3645 1351 3711 negligentes
1380 3648 1490 3699 luissent
1513 3652 1593 3715 prin·

246 3721 389 3774 astronomi,
408 3719 473 3782 qnod
491 3720 552 3767 satis
572 3717 665 3766 claram
683 3719 780 3766 stellam
798 3733 848 3767 non
867 3725 1005 3775 notassent,
1024 3731 1079 3767 cum
1091 3718 1206 3767 informes
1223 3718 1300 3766 multo
1319 3720 1431 3769 minores
1451 3723 1520 3772 circa
1536 3723 1593 3772 illan

216 3797 219 3806 '
246 3789 327 3841 locnm
346 3791 533 3839 observaverint.
573 3787 622 3850 (Ex
640 3789 714 3838 literis
733 3789 756 3838 d.
776 3787 845 3852 bp'ld.
866 3786 942 3851 Dec.)

332 3866 781 3934 Keplssus(d.l.Jul.160³):
815 3861 860 3921 De
894 3881 973 3923 nora
1004 3860 1096 3922 stella
1127 3878 1240 3921 mecum
1270 3859 1381 3922 iisdem
1416 3863 1593 3945 argumentis

243 3950 348 4013 uteris.
394 3951 489 4011 Nemo
515 3952 688 4024 „relerem‘
714 3952 808 4024 dixit;
839 3949 889 4030 qni
914 3950 1061 4024 „novam‘
1086 3949 1270 4012 confidenter
1293 3949 1455 4027 dixerunt,
1485 3953 1593 4016 obscuri

245 4048 326 4103 snnt.
364 4039 543 4100 Maestlinns
566 4049 684 4100 mussat
700 4050 772 4119 post
794 4059 896 4101 omnes
919 4038 1083 4113 machinas,
1108 4038 1214 4120 quibus
1229 4037 1268 4098 ab
1283 4040 1350 4120 ipso
1373 4043 1593 4123 responsionem

246 4128 423 4209 efflagitari.
471 4129 566 4190 'lacet
585 4129 649 4208 jam
674 4130 810 4196 triennio.
843 4129 920 4190 Pnto
944 4129 1015 4190 nibil
1040 4129 1082 4189 illi
1107 4137 1254 4190 constare.
1279 4127 1382 4190 ...ln
1409 4133 1520 4211 globos
1537 4134 1592 4212 jan

247 4219 368 4299 irrepsit
392 4218 528 4289 „norae“
554 4218 656 4292 titulo,
682 4218 874 4279 nosen-arose
898 4218 919 4280 J
928 4219 1092 4292 ausonio,
1123 4218 1170 4298 qni
1196 4213 1273 4277 anno
1303 4213 1399 4282 1600.
1426 4223 1525 4283 risam
1545 4220 1590 4282 sit.

333 4324 425 4375 lterum
443 4339 493 4374 non
511 4332 657 4389 exspectata
669 4324 771 4388 Kepleri
789 4328 947 4388 responsione
965 4325 1029 4375 redit
1047 4325 1080 4374 ad
1092 4325 1156 4374 banc
1173 4324 1270 4373 stellam
1284 4324 1465 4377 Fabricius
1482 4329 1510 4378 in
1526 4328 1592 4378 litu

243 4397 267 4446 d
287 4396 313 4449 d
332 4393 374 4445 tt.
393 4395 452 4445 Jnn.
471 4412 494 4444 r.
507 4403 539 4446 at
561 4392 637 4444 1603.
657 4397 783 4447 scribens:
803 4396 842 4446 De
860 4412 926 4447 nora
943 4397 1016 4446 stella
1030 4400 1084 4460 Jam
1103 4397 1196 4446 centies
1214 4396 1367 4445 mentionem
1387 4398 1448 4458 leci,
1469 4401 1514 4451 sed
1530 4400 1592 4450 arde

243 4469 335 4519 omma.
373 4467 514 4529 Conspecta
532 4482 548 4517 a
565 4483 605 4518 me
624 4470 759 4518 etiamnum
780 4467 803 4517 l.
822 4468 873 4518 lul.
891 4471 917 4518 in
937 4469 1023 4519 eodem
1042 4470 1104 4517 loco.
1130 4467 1220 4516 Dubito
1239 4480 1273 4515 sn
1291 4480 1350 4517 rere
1370 4483 1449 4527 nora,
1470 4473 1531 4522 alias
1548 4483 1591 4520 tn

246 4539 289 4592 h
304 4553 356 4590 non
373 4545 513 4603 appareret

331 4618 495 4686 asplen-
519 4619 596 4670 scas
621 4621 672 4669 mis
690 4620 715 4669 d
736 4618 760 4668 r.
779 4621 839 4670 sss.
868 4616 943 4669 roos.
971 4622 1004 4671 ss
1029 4621 1168 4671 naissum
1192 4619 1258 4669 ssu·
1282 4618 1349 4670 ns«
1375 4621 1469 4672 sums:
1500 4613 1591 4676 Scribo

242 4697 294 4764 bit
323 4697 409 4778 iussn
432 4696 575 4763 Caesaris
605 4703 644 4762 ad
673 4700 888 4762 Jansoninm
922 4703 959 4760 de
992 4722 1071 4762 nova
1102 4702 1201 4762 stella.
1256 4701 1375 4761 Primus
1412 4706 1495 4766 enirn
1526 4701 1591 4786 qnod

353 4788 476 4874 sparsit
496 4788 574 4853 hanc
598 4791 719 4853 lamam.
765 4792 883 4854 Novum
907 4811 974 4853 esse
998 4791 1039 4852 nil
1063 4791 1174 4863 dubito,
1200 4799 1298 4851 motus
1328 4794 1522 4870 argumentis
1544 4792 1590 4855 tide

312 4867 438 4950 „aaa

313 4963 431 5028 blm
445 4965 494 5018 hs
511 4965 546 5017 sd
561 4966 710 5018 Janaoniusn
728 4968 803 5030 (alias
822 4970 902 5018 iilaen
919 4970 970 5018 sire
984 4968 1095 5026 Caesius,
1115 4968 1212 5018 celeber
1230 4967 1272 5017 ille
1290 4969 1469 5035 typographus
1481 4970 1589 5021 dmstde

369 5035 728 5108 wamma
752 5041 872 5091 conlectis
899 5043 1039 5105 mappisat
1061 5040 1139 5105 globis
1162 5036 1351 5101 nomenatus
1380 5057 1448 5108 quaa
1470 5042 1589 5094 mona
