3692 5842
804 456 886 523 capo
903 458 923 509 1.
1485 459 1547 528 143

185 631 343 712 objecti,
378 651 549 714 quaeque
582 652 646 714 pro
680 654 769 696 snae
803 633 1043 696 fortitudinis
1066 635 1125 698 vei
1159 636 1361 700 densitatis
1393 657 1546 719 propor-

185 722 299 796 tione,
333 722 434 785 undo
457 740 573 785 novus
603 722 739 785 existit
771 723 872 786 color
895 742 958 784 sen
990 724 1116 803 potius
1141 724 1200 787 lurr
1234 726 1363 804 genita
1396 727 1548 791 diversa

185 810 230 872 ab
261 810 351 874 aliis
382 810 559 873 omnibus.
618 812 699 875 Nam
730 812 800 892 qnia
832 811 1012 891 quantitatis
1045 824 1116 876 sunt
1147 815 1312 894 participes
1345 834 1468 891 onrnes,
1503 818 1548 880 uti

186 900 338 964 attenuari
362 906 486 980 potuero
519 900 672 964 hactenus·
688 899 733 963 sic
756 902 822 980 jam
847 908 878 961 et
905 900 1088 963 accumulari
1121 911 1255 981 possunt.
1302 904 1370 967 Non
1395 923 1467 967 vero
1491 906 1547 969 lroc

187 990 219 1051 in
241 988 402 1069 pellucido,
426 989 579 1070 quianon
602 997 674 1052 sunt
696 990 727 1052 in
741 1007 777 1050 eo
802 998 951 1070 qnatenus
967 991 1038 1062 tale,
1063 991 1118 1053 sed
1137 991 1201 1071 jam
1226 994 1431 1057 transiverunt
1453 995 1548 1058 illud:

187 1079 243 1141 sed
268 1079 297 1142 in
320 1078 452 1159 objecto,
478 1078 548 1159 quia
570 1079 599 1140 in
623 1078 681 1141 hoc
704 1078 831 1159 primum
854 1089 926 1157 post
949 1098 1133 1158 egressnme
1155 1098 1278 1160 corpore
1301 1101 1355 1145 suo
1379 1084 1551 1148 consistunt

188 1178 223 1230 et
244 1168 385 1247 figuntur.
433 1163 665 1230 Confundnntur
687 1176 807 1240 antem,
832 1168 901 1247 qnia
923 1187 979 1247 per
1006 1162 1053 1229 16.
1085 1169 1240 1248 quaelibet
1262 1191 1281 1230 a
1304 1170 1404 1234 colore
1437 1172 1549 1252 objecti

188 1265 292 1319 rnntuo
315 1256 441 1337 patitur.
486 1256 530 1318 Et
552 1274 647 1319 novus
671 1256 777 1318 existit
795 1258 878 1317 color
894 1255 1025 1329 radians,
1051 1257 1121 1336 qnia
1142 1276 1196 1337 per
1218 1258 1267 1322 15.
1292 1259 1409 1322 colores
1433 1269 1550 1324 tanturn

187 1345 335 1425 gradibus
363 1344 440 1411 lucis
468 1353 500 1407 et
531 1345 722 1407 tenebrarum
755 1346 912 1419 differunt,
947 1346 1065 1408 variant
1097 1364 1168 1409 vero
1202 1348 1279 1410 hunc
1310 1349 1435 1428 gradum
1470 1350 1551 1414 luces

189 1434 414 1506 accumulatae,
437 1452 529 1516 qnare
553 1443 586 1495 et
609 1434 737 1496 colorem
762 1434 870 1514 ipsum.

278 1522 369 1604 Prop.
402 1521 522 1586 XXIX.
579 1521 664 1585 Cum
697 1531 755 1584 est
793 1523 1037 1585 immoderata
1074 1524 1264 1606 proportio
1301 1538 1423 1589 mutua
1454 1526 1552 1594 inter

190 1615 294 1676 luces
331 1611 377 1674 ad
415 1611 509 1673 idem
546 1611 733 1691 objectum
771 1612 1001 1675 allabentes:
1039 1632 1175 1676 sensns
1212 1633 1282 1676 non
1327 1615 1552 1682 internoscit

191 1707 308 1766 lucem
343 1699 570 1763 debiliorem.
626 1701 834 1764 internoscere
869 1701 947 1764 enim
985 1709 1033 1764 est
1075 1721 1249 1783 comparare
1285 1724 1339 1768 sen
1381 1706 1551 1777 discernere

190 1790 324 1854 officium
356 1808 463 1851 sensns
497 1788 610 1851 visorii.
658 1791 701 1852 Ut
729 1810 800 1853 vero
833 1791 1001 1871 proportio,
1036 1791 1080 1853 sio
1113 1800 1144 1853 et
1174 1794 1367 1872 comparatio.
1416 1794 1449 1857 Si
1479 1814 1550 1875 ergo

195 1878 409 1962 proportiones
433 1878 563 1941 colorum
589 1898 642 1940 seu
667 1880 840 1942 claritatum
855 1899 958 1941 omnes
982 1880 1144 1941 internosci
1167 1889 1303 1959 possent,
1328 1903 1393 1945 cum
1419 1884 1551 1948 infinitae

194 1968 311 2032 sintin
335 1967 550 2047 magnitudinis
565 1967 760 2043 incremento,
785 1969 978 2030 discretivam
999 1968 1175 2031 facultatem
1201 1970 1348 2032 infinitam
1367 1991 1435 2033 esse
1459 1991 1550 2052 opor-

196 2067 290 2129 teret,
324 2058 402 2138 qnod
431 2066 544 2136 negant
575 2057 702 2139 physici.
749 2056 895 2119 Omnibus
929 2057 1008 2119 eninr
1042 2057 1239 2119 facultatibus
1271 2059 1416 2122 sensariis
1449 2069 1551 2124 certae

193 2157 268 2209 sunt
291 2145 499 2226 praescriptae
523 2146 612 2208 vires.
1031 2185 1034 2191 -

287 2235 379 2316 Prop.
413 2234 516 2297 XXX.
572 2235 695 2297 Lucas
733 2235 932 2297 coloratae
967 2234 1001 2294 in
1043 2234 1325 2314 superficiebus
1365 2237 1425 2312 iis,
1460 2257 1552 2318 quae

193 2324 275 2388 luci
298 2324 548 2405 cognatiores
573 2323 710 2386 habent
733 2325 898 2397 colores,
924 2333 961 2385 ut
986 2323 1020 2385 in
1045 2323 1159 2397 albis,
1190 2325 1334 2388 clarius
1362 2336 1552 2406 apparent

192 2432 301 2497 quam
325 2413 360 2476 in
384 2413 515 2492 nigris.
563 2411 640 2476 Cum
664 2412 743 2476 enim
768 2413 841 2474 lucis
866 2432 941 2492 opus
966 2412 1008 2474 sit
1031 2412 1208 2487 illustratio,
1234 2433 1290 2495 quo
1315 2416 1434 2494 patiens
1458 2436 1552 2489 snnnr,

193 2513 228 2566 ιιι
246 2496 352 2565 'omnia
374 2501 516 2583 agentia,
549 2501 606 2564 sibi
631 2503 727 2564 simile
751 2502 877 2577 reddat,
908 2502 994 2583 eique
1018 2502 1060 2563 sit
1089 2503 1257 2564 contrarius
1281 2504 1363 2565 color
1386 2524 1441 2566 sen
1463 2512 1551 2567 tane-

194 2592 339 2668 brositas,
364 2592 414 2654 nbi
438 2592 554 2652 colores
579 2591 618 2652 ad
642 2591 785 2654 tenebras
808 2591 876 2670 plns
901 2592 1069 2664 accedunt,
1094 2600 1127 2652 nt
1150 2591 1244 2669 nigri,
1274 2592 1423 2655 difficilior
1446 2592 1553 2657 existit

193 2681 372 2744 illustratio.
418 2679 461 2740 Et
485 2681 553 2759 (per
577 2676 629 2755 28,
655 2678 713 2753 29)
747 2680 870 2759 nigredo
903 2680 999 2742 vincit
1029 2680 1057 2741 in
1091 2681 1209 2756 colore,
1244 2681 1293 2762 qui
1325 2681 1364 2743 ab
1396 2681 1552 2746 illustrata

193 2769 353 2851 superficie
386 2767 496 2831 radiat.
543 2769 643 2831 Minus
676 2770 777 2849 itaque
811 2769 911 2831 radiat
935 2790 954 2831 a
982 2768 1068 2848 nigra
1096 2788 1183 2849 quam
1213 2771 1251 2832 ab
1279 2771 1349 2833 alba
1382 2772 1547 2851 superficie,

194 2860 294 2921 minus
318 2858 411 2938 igitur
434 2865 466 2919 et
488 2858 628 2920 cernitur.

283 2948 374 3028 Prop.
399 2946 517 3009 XXXI.
563 2947 714 3020 Posito,
740 2946 831 3025 quod
855 2966 898 3007 es
922 2945 1050 3008 multis
1074 2966 1178 3009 uuum
1207 2948 1368 3028 aliquem
1392 2951 1552 3012 colorem

194 3056 315 3118 aeque
339 3037 440 3098 clare
464 3036 498 3098 in
522 3036 641 3115 nigris
664 3035 858 3115 percipere
882 3054 1053 3114 queamus
1077 3055 1119 3098 ac
1143 3037 1177 3097 in
1201 3037 1299 3099 albis
1328 3038 1551 3118 superficie·

194 3128 280 3189 bus:
307 3126 402 3206 qnod
420 3144 485 3205 per
508 3123 884 3187 accommodationem
901 3123 1073 3185 fortioris
1093 3125 1185 3187 lucis
1205 3125 1248 3187 ad
1267 3126 1411 3206 nigram
1427 3146 1552 3208 super-

195 3216 322 3278 ficiem
345 3213 531 3294 praestari
554 3221 693 3294 potest:
723 3212 797 3291 jam
831 3212 1051 3276 discrimina
1081 3214 1239 3276 colorum
1267 3216 1416 3279 illorum
1439 3217 1554 3297 juxta

194 3325 233 3368 se
258 3302 416 3365 invicem
441 3302 672 3365 radiantium
705 3301 846 3365 rectius
879 3302 1104 3364 notabuntur
1128 3302 1160 3364 in
1194 3303 1304 3383 nigra
1332 3305 1552 3384 superficie,

194 3413 302 3477 quam
325 3393 362 3456 in
385 3392 479 3456 alba.
517 3392 596 3455 Nam
616 3391 687 3472 qnia
701 3391 772 3453 alba
790 3390 962 3470 superficies
978 3393 1101 3453 multam
1115 3391 1209 3454 habet
1232 3392 1411 3467 claritatem,
1436 3394 1554 3456 colores

196 3483 355 3546 radiantes
379 3482 438 3544 luci
460 3480 620 3543 viciniores
653 3482 847 3542 uehementer
875 3482 1046 3541 clarescent
1067 3500 1121 3561 per
1144 3478 1198 3554 28,
1222 3490 1255 3543 et
1277 3481 1320 3543 sic
1349 3482 1554 3545 obliterabunt

195 3573 315 3634 colores
339 3572 426 3650 nigro
450 3569 609 3632 viciniores
632 3589 685 3648 per
709 3566 761 3634 29.
810 3570 843 3630 ld
866 3587 926 3630 non
950 3578 998 3631 est
1020 3589 1086 3631 cum
1117 3571 1329 3650 superficiebus
1353 3570 1460 3648 nigris,
1486 3571 1556 3650 qnia

196 3671 268 3723 sunt
302 3660 405 3740 potins
438 3659 570 3739 privatio
603 3659 688 3721 lucis.
736 3657 881 3739 Sequitur
912 3656 980 3720 hinc
1013 3679 1066 3720 ceu
1100 3659 1288 3722 corollarium
1317 3660 1354 3720 ad
1380 3656 1423 3723 30
1447 3668 1479 3719 et
1501 3656 1555 3735 31,

196 3750 300 3812 radios
325 3749 364 3810 ad
387 3749 490 3828 nigras
514 3748 687 3827 superficies
711 3748 844 3826 allapsos
869 3747 1114 3823 distinctissime,
1148 3749 1187 3811 ad
1210 3749 1296 3814 albas
1330 3748 1555 3811 evidentissime

195 3837 333 3920 percipi:
366 3846 398 3899 et
420 3837 447 3899 si
477 3837 651 3916 superficies
674 3836 716 3899 sit
747 3836 847 3899 media
869 3836 948 3897 inter
980 3836 1095 3915 nigram
1123 3845 1155 3899 et
1186 3837 1296 3913 albam,
1321 3838 1486 3917 cujusmodi
1509 3843 1558 3899 est

198 3928 353 4000 caerulea,
377 3925 473 3988 diluta
495 3925 588 3987 rubeo
612 3926 682 3988 alba
706 3934 738 3987 et
762 3925 891 3997 similes,
927 3925 988 3987 sere
1022 3925 1190 4005 aequaliter
1213 3947 1246 3987 se
1270 3927 1439 3989 habituram
1462 3934 1494 3988 et
1517 3926 1557 3989 ad

198 4018 318 4081 colores
343 4016 477 4094 singulos
502 4023 533 4075 et
557 4016 594 4075 ad
619 4034 720 4076 eorum
744 4014 917 4076 discrimina
941 4015 1103 4076 reddenda.
1114 4011 1148 4088 *)

289 4105 381 4185 Prop.
406 4103 541 4167 XXXll.
589 4103 699 4165 Lucis
723 4103 915 4184 proprium
939 4112 995 4164 est
1020 4103 1136 4165 calor.
1171 4104 1282 4166 Posset
1305 4102 1434 4182 probari,
1460 4105 1556 4169 lucem

201 4216 270 4258 esse
295 4194 438 4269 calidam,
462 4211 500 4254 ea
523 4192 678 4273 principiis
701 4192 830 4255 anobis
854 4191 1008 4255 assumtis.
1054 4191 1133 4255 Nanr
1157 4191 1185 4253 si
1211 4192 1274 4253 vita
1297 4210 1394 4254 rerum
1417 4192 1559 4256 consistit

198 4285 229 4348 in
254 4284 372 4357 calore,
399 4283 506 4362 luxque
530 4281 678 4343 fovendae
702 4281 744 4342 illi
769 4281 923 4343 destinata
946 4290 1012 4355 est,
1042 4280 1209 4344 calefacere
1238 4279 1329 4359 igitur
1352 4280 1465 4344 debuit.
1512 4282 1557 4344 Ar.

161 4449 164 4454 Ι
199 4394 289 4436 omne
314 4390 408 4452 agens
432 4370 490 4432 sibi
515 4369 684 4432 assimilare
708 4370 815 4432 nititur
829 4370 858 4431 id
878 4369 958 4449 quod
981 4369 1105 4448 patitur.
1142 4369 1252 4432 Nitens
1276 4367 1368 4447 igitur
1382 4368 1432 4429 lux
1456 4377 1555 4432 mate-

198 4464 273 4526 rinm
303 4461 472 4524 calefacere
505 4459 572 4540 ipsa
604 4459 662 4520 erit
691 4459 801 4521 calida.
849 4457 911 4532 Sed
940 4458 1114 4531 stabiliam,
1144 4458 1222 4538 qnod
1246 4458 1326 4531 dixi,
1358 4457 1555 4536 experientia.

198 4551 273 4615 Sola
299 4568 426 4631 namque
450 4549 501 4611 lux
524 4566 643 4627 semper
666 4556 697 4609 et
720 4548 829 4629 nbiqne
853 4567 920 4609 cnm
948 4548 1047 4627 aliquo
1077 4546 1176 4607 calore
1199 4556 1260 4621 est,
1289 4565 1343 4625 pro
1368 4566 1440 4609 suae
1464 4546 1556 4611 clari-

198 4641 275 4702 tatis
299 4638 430 4701 modnlo.
477 4637 524 4700 De
539 4635 640 4699 Solari
665 4638 730 4699 lnce
753 4646 840 4717 patet
862 4636 1037 4710 clarissime,
1063 4634 1133 4714 qnia
1156 4635 1230 4696 haee
1254 4643 1286 4700 et
1309 4635 1478 4702 clarissima
1498 4644 1556 4699 est.

200 4730 246 4792 lio
270 4721 403 4792 siderum
433 4727 500 4789 luce
533 4725 683 4789 claritatis
717 4727 794 4788 ratio
827 4733 971 4800 testatur,
1006 4724 1136 4785 calorem
1169 4723 1374 4787 universorum
1399 4724 1427 4788 iu
1447 4725 1558 4788 ‘minori

290 4862 303 4867 ..
310 4861 344 4867 -
352 4858 517 4867 ...α-ι...-

289 4922 318 4994 *J
339 4923 498 4994 Propositio
518 4922 567 4979 31.
596 4939 656 4978 curn
685 4940 736 4978 suo
763 4922 909 4978 corollario
938 4922 1027 4977 fertur
1056 4917 1167 4990 proprie
1194 4920 1228 4976 ad
1250 4919 1319 4990 Cap.
1342 4918 1375 4974 V.
1396 4926 1427 4975 et
1446 4935 1558 4982 cnam

200 5006 302 5064 soloris
323 5005 352 5061 in
372 5004 506 5060 ratiformi
526 5005 702 5060 reddendam.
