3692 5842
709 499 907 558 munaus·
928 500 1121 554 amram
1528 481 1593 553 7911

241 677 279 740 ad
303 677 425 740 verbnm
450 695 487 740 ex
509 680 567 742 boc
596 687 717 742 auctore
749 680 831 741 vitae
855 678 959 744 Caroli
983 678 1104 759 Magni,
1134 676 1184 759 qui
1205 672 1375 739 Monachus
1403 668 1497 732 fuisse
1521 683 1593 748 per-

243 768 364 830 bihetur
385 767 624 847 Engolismensis
649 767 794 832 coenobii
829 774 932 838 (nomen
965 777 1039 840 hujus
1065 774 1185 828 11000001
1212 771 1332 824 ranam
1366 767 1450 835 prodis
1475 763 1593 816 1101000

240 863 441 928 Amabam),
467 875 562 938 exque
586 858 837 937 scriptorevitae
861 857 1006 921 Ludovici
1029 857 1077 919 Pii
1106 854 1290 935 descriptos;
1313 848 1492 933 praesertim
1513 848 1592 923 illos,

242 946 292 1027 qui
316 943 466 1008 derebus
499 946 726 1022 astronomicis,
756 954 790 1009 ut
812 949 850 1011 de
873 948 1016 1023 cometis,
1045 943 1209 1027 eclipsibus
1233 950 1267 1005 et
1287 940 1436 1005 similibus
1459 936 1593 1032 tradunt.

240 1033 310 1098 Etsi
333 1034 425 1115 igiter
447 1036 590 1117 rhapsodi
613 1035 798 1118 posteriores
821 1038 987 1102 omiserunt
1008 1053 1114 1098 vocem
1137 1032 1292 1108 Mercurii,
1318 1030 1452 1093 dicentes
1475 1033 1593 1089 tantum

243 1125 281 1187 ‹le
310 1124 429 1187 macule
461 1126 547 1205 nigra
574 1126 667 1199 (forts
696 1126 880 1204 ignorantes,
908 1145 978 1189 esse
1009 1125 1140 1208 aliquem
1167 1124 1199 1186 in
1232 1122 1318 1184 coelo
1344 1119 1483 1187 stellam,
1518 1132 1594 1196 quae

246 1213 366 1276 dicatur
387 1214 562 1289 Mercurii):
587 1223 688 1278 tamen
713 1222 827 1298 certum
850 1225 912 1292 est,
938 1216 1031 1278 luisse
1061 1214 1191 1295 aliquem
1213 1211 1342 1293 priorem
1364 1208 1426 1271 illis
1448 1215 1594 1286 tempore,

243 1301 354 1384 quippe
376 1300 532 1386 01000000,
555 1304 605 1385 qni
629 1305 706 1367 hauc
725 1305 823 1386 ipsam
847 1305 1069 1388 apparitionem
1091 1303 1219 1366 referret
1242 1301 1281 1362 ad
1299 1299 1421 1362 stellam
1434 1291 1594 1359 Mercurii:

244 1391 413 1454 auctoritas
437 1392 539 1474 itaque
563 1395 713 1476 antiquior
735 1394 852 1458 ratione
876 1395 1006 1459 subnixa
1023 1412 1082 1457 uon
1102 1399 1151 1455 est
1172 1388 1370 1453 convellenda
1391 1405 1446 1470 per
1460 1380 1595 1450 anctori-

242 1490 340 1546 tatem
363 1481 569 1560 recentiorem,
593 1484 798 1564 negligentiae
822 1493 876 1548 ant
893 1483 1062 1565 imperitiae
1085 1478 1365 1545 manifestissimam
1387 1484 1420 1540 et
1436 1481 1596 1557 praeterea

242 1571 283 1633 ab
304 1568 437 1651 0100010
459 1573 659 1636 remotiorem.

331 1661 377 1721 At
408 1660 505 1724 instat
534 1661 705 1743 disputator
737 1661 884 1741 amplius:
923 1660 1020 1723 uideri
1048 1659 1233 1740 Eginardum
1266 1657 1360 1722 fuisse
1390 1660 1595 1736 spectatorem

242 1748 442 1830 pbaeuomeni
465 1750 574 1831 hujus:
597 1751 706 1832 quippe
730 1752 780 1833 qni
804 1748 908 1814 Caroli
931 1750 1037 1830 Magni
1064 1750 1202 1812 alumnus
1232 1746 1325 1810 luerit
1345 1753 1378 1809 et
1400 1743 1596 1826 epistolarum

243 1837 389 1917 magister
412 1846 443 1900 et
467 1839 593 1921 deniqne
617 1858 718 1920 gener.
764 1840 832 1921 Ego
854 1858 927 1903 vero
951 1857 1078 1919 recoquo
1101 1837 1161 1900 vim
1184 1835 1400 1920 responsionis,
1423 1831 1595 1912 Eginardus

244 1926 324 1988 enim
356 1927 435 1989 banc
465 1929 670 1991 narrationem
694 1950 714 1991 a
736 1930 882 2010 scriptore
911 1929 994 1991 vitae
1023 1926 1126 1992 Caroli
1159 1924 1328 2006 descripsit.
1376 1923 1479 2004 Negat
1506 1919 1596 2001 quis?

246 2015 329 2095 Ergo
349 2015 400 2077 ille
419 2015 491 2078 mibi
514 2018 655 2099 explicet,
680 2019 729 2102 qui
752 2019 873 2081 credam
897 2018 1060 2082 verisimile
1079 2035 1157 2090 esse,
1174 2015 1249 2078 duos
1273 2011 1462 2076 diversosad
1478 2010 1597 2072 unicum

244 2111 278 2167 at
301 2103 523 2186 inconspicuum
547 2107 608 2169 fers
631 2108 857 2192 pbasnomenon
880 2108 911 2170 in
935 2105 1007 2169 Sole
1031 2104 1244 2187 aequalissimo
1267 2110 1337 2165 octo
1360 2101 1473 2165 diemm
1496 2097 1598 2180 spatio
1718 2175 1723 2182 ,

242 2192 343 2256 luisse
366 2196 524 2257 attentos?
547 2193 627 2266 Quin
642 2197 743 2279 potius
762 2196 846 2260 illum
867 2196 1173 2276 primum=auctorem
1196 2191 1356 2266 credimus,
1379 2189 1428 2272 qni
1443 2208 1477 2252 se
1495 2186 1611 2273 multis,

244 2282 432 2346 documentis
455 2283 564 2364 probat
585 2284 680 2348 luisse
703 2295 918 2362 astronomum,
943 2285 1072 2349 alterurn
1095 2301 1167 2346 vero
1189 2282 1374 2363 Eginardnm
1397 2280 1480 2343 illins
1503 2277 1598 2340 luisse

243 2370 374 2448 simiam,
398 2370 449 2452 qni
471 2373 550 2456 quod
574 2374 736 2456 descripsit
758 2376 823 2456 ipse
847 2393 906 2439 non
931 2374 1102 2437 intellexit:
1133 2374 1242 2456 quique
1265 2390 1304 2433 ex
1326 2387 1400 2432 voce
1426 2365 1596 2444 „octcties“

244 2460 361 2543 primus
389 2462 463 2524 lecit
499 2470 589 2535 „octo
621 2463 723 2543 diss,“
748 2471 818 2546 post
848 2466 993 2527 memoria
1022 2464 1126 2546 lapsus
1157 2480 1311 2525 nnmerum
1340 2459 1460 2523 unitate
1490 2454 1600 2522 minuit

245 2548 351 2631 sicque
373 2552 569 2631 sequentibus
593 2552 654 2615 dux
676 2560 708 2615 et
731 2563 835 2616 auctor
857 2553 916 2616 luit
938 2554 978 2616 ad
1001 2559 1172 2634 corruptam
1196 2550 1240 2613 rei
1262 2548 1477 2613 narrationem.

385 2715 387 2720 Ι
562 2646 650 2700 Astra
669 2650 769 2700 001001
788 2645 871 2727 docti,
892 2652 932 2710 10,
954 2643 1028 2710 Pari,
1050 2657 1248 2715 sempeterna

335 2727 427 2793 Certe
451 2727 539 2805 enim,
563 2748 623 2811 qna
645 2739 733 2794 nocte
756 2733 856 2795 factus
879 2740 928 2795 est
950 2751 1043 2813 gener
1065 2730 1168 2795 Caroli
1191 2729 1307 2811 Magni,
1330 2726 1438 2791 stellas
1461 2741 1518 2786 non
1541 2720 1600 2784 luit

245 2818 480 2900 contemplatus.
518 2818 668 2885 Ninxerat
681 2822 790 2904 quippe
808 2822 935 2898 interea,
958 2822 1061 2903 itaque
1075 2838 1112 2884 ne
1127 2817 1264 2901 vestigiis
1279 2817 1466 2900 proderetur,
1483 2810 1598 2876 amicae

245 2909 378 2972 humeris
402 2916 580 2991 exportatus
604 2911 662 2974 luit
683 2910 762 2974 clam
786 2920 944 2993 spectante
967 2909 1089 2975 Oarolo.

334 2998 437 3078 Atque
460 2997 518 3059 bac
540 3000 647 3063 eadem
669 3001 864 3082 responsione
888 3001 980 3065 etiam
1004 3007 1131 3082 quartae
1152 2996 1263 3062 rationi
1282 2990 1480 3077 disputatoris
1502 2988 1598 3053 satis·

243 3088 360 3160 sactum
374 3096 431 3161 est
456 3106 524 3149 cum
547 3097 673 3152 conatus
691 3098 740 3152 est
759 3091 939 3154 auctoritate
954 3088 1100 3172 Eginardi
1118 3086 1312 3170 persuadere,
1335 3081 1485 3148 maculam
1507 3079 1599 3142 iatam

243 3193 306 3242 000
330 3175 424 3239 luisse
438 3175 628 3255 Mercurium,
653 3171 707 3243 sed
730 3180 899 3261 prodigium
921 3178 1142 3261 praenuncians
1166 3183 1294 3241 mortem
1307 3171 1411 3239 Caroli
1425 3169 1540 3251 Magni.
1554 3162 1598 3242 ⁸²)

239 3305 242 3314 ·
335 3263 506 3329 Secundum
528 3276 736 3348 argumentum
759 3269 838 3332 lalso
861 3269 1002 3349 jactatae
1029 3268 1166 3332 maculae
1188 3267 1218 3330 in
1242 3263 1325 3329 Sors·
1342 3261 1469 3326 deduxit
1491 3258 1598 3339 dispu-

243 3361 329 3418 tator
351 3373 371 3415 a
394 3353 581 3419 dissensione
613 3366 769 3420 auctorum
793 3358 822 3422 in
850 3357 994 3439 temporis
1024 3354 1261 3421 circumstantia.
1307 3350 1490 3435 Polydorum
1518 3345 1597 3409 enirn

243 3442 417 3523 Virgilium,
441 3443 626 3510 Sabellicnm
649 3454 682 3509 01
704 3446 926 3529 Lycostbenem
953 3463 1066 3528 ponere
1094 3465 1205 3510 annum
1230 3437 1443 3507 0101011778.
1488 3437 1597 3499 Anno-

243 3533 328 3598 nium
359 3542 494 3685 verqwet
524 3536 690 3600 Annalium
719 3544 872 3600 auctorem
899 3535 1012 3599 babere
1043 3533 1119 3600 807.
1144 3533 1366 3618 Lycostbenem
1391 3528 1499 3591 iterum
1520 3519 1596 3594 808..

244 3622 392 3685 attentio
480 3620 512 3686 8.

336 3709 394 3775 Cui
417 3709 549 3793 adjungo
573 3720 604 3774 et
626 3685 749 3776 ter⁰tiam
773 3713 971 3802 disputatoris
994 3713 1154 3789 rationem,
1178 3717 1317 3793 qnae'ex
1337 3726 1386 3785 ao,
1410 3701 1599 3806 000018010-

244 3800 347 3875 dorna,
372 3800 594 3882 Lycosthsnes,
620 3800 790 3865 Sabellicus
814 3803 938 3883 eclipsin
963 3803 1044 3867 Solis
1068 3803 1248 3876 retulerunt,
1271 3807 1357 3881 'qnae
1382 3803 1448 3859 erat
1475 3793 1598 3872 eolrpsrs

242 3889 333 3954 Jovis
357 3909 376 3951 a
398 3889 486 3952 Luna
509 3892 601 3965 lacta,
626 3898 705 3954 teste
729 3893 884 3966 Annonio,
909 3893 1031 3968 Adone,
1055 3891 1226 3972 Reginum,
1252 3886 1421 3953 Annalibus
1444 3879 1598 3947 Francieis

242 3979 369 4061 ipsoque
394 3979 471 4041 adso
494 3980 629 4056 calculo;
658 3999 754 4064 exque
778 4000 829 4056 eo,
863 3983 942 4063 quod
964 3979 1117 4062 anpinus
1144 3980 1276 4043 labulam
1298 3974 1437 4041 retulerit
1460 3971 1519 4036 diei
1542 3968 1599 4031 sub

244 4067 357 4133 Garolo
380 4068 493 4145 Magno
515 4068 546 4130 in
570 4070 700 4131 triduum
732 4071 946 4151 prolongatae,
978 4071 1056 4134 hanc
1084 4069 1175 4132 stiam
1203 4068 1405 4131 narrationem
1437 4059 1597 4126 eorundem

242 4156 411 4222 Annalium
435 4159 525 4238 (qnos
549 4177 638 4220 veros
660 4158 754 4222 toties
778 4160 843 4240 jam
873 4159 1128 4239 deprehenderat)
1152 4159 1189 4220 de
1212 4156 1360 4220 Mercurio
1384 4155 1413 4216 10
1437 4149 1510 4215 8010
1532 4148 1599 4210 viso

243 4254 418 4328 suspectam
442 4246 566 4310 reddere
589 4248 705 4310 nititur.
1593 4325 1597 4334 ι

336 4334 529 4416 Respondeo,
554 4337 748 4400 traditionem
770 4336 848 4399 banc
871 4337 908 4399 de
922 4336 1072 4400 Mercurio
1095 4336 1124 4398 in
1145 4334 1217 4399 Sole
1235 4334 1301 4397 viso
1316 4353 1375 4397 non
1400 4332 1454 4394 niti
1477 4347 1598 4393 numero

246 4432 280 4490 et
302 4424 361 4488 dde
384 4442 486 4487 eorum
509 4433 673 4504 auctomm,
697 4426 747 4507 qni
770 4424 995 4508 descripserunt
1017 4425 1100 4488 illam
1124 4443 1162 4489 ex
1181 4444 1239 4488 000
1262 4422 1490 4506 aliquo-primo.
1537 4416 1600 4481 Cur

245 4512 327 4578 enim
349 4511 497 4591 010000ηο
527 4516 636 4596 aliquis
658 4523 692 4578 et
713 4515 828 4596 peritus
859 4522 1067 4590 astronomus,
1101 4512 1151 4595 qni
1174 4513 1253 4576 bona
1274 4513 1333 4576 lide
1355 4511 1494 4592 scripsit,
1523 4508 1598 4569 sub-

246 4603 434 4685 sequentium
463 4604 656 4668 oscitantiam
680 4609 712 4667 st
734 4604 968 4667 inconstantiam
999 4612 1052 4666 ant
1082 4602 1212 4667 fabulosi
1236 4602 1358 4684 'lbrrpini
1387 4600 1598 4664 credulitatem

246 4691 337 4756 10011
360 4690 507 4771 Equidem
530 4711 567 4754 ex
586 4694 643 4756 boc
666 4692 771 4756 ultimo
794 4694 895 4755 000010
919 4693 1082 4755 accersitos
1096 4692 1185 4755 video
1207 4691 1377 4754 triumuiros
1400 4690 1478 4765 illos,
1503 4685 1598 4768 Poly·

246 4783 363 4857 domm,
388 4778 580 4856 Sabellicnm,
600 4782 832 4866 Lyooetbenem,
854 4789 889 4845 ut
907 4789 939 4844 et
954 4780 1180 4846 centuriatores
1204 4800 1258 4844 nee
1281 4782 1375 4843 multo
1400 4778 1599 4860 antiquiorem

247 4868 451 4943 Vincentinm,
477 4888 542 4932 cum
566 4889 615 4935 res
639 4873 722 4934 laeta
743 4879 814 4933 ante
837 4879 906 4933 octo
929 4874 1033 4934 secula
1060 4879 1206 4935 narretur.
1253 4869 1315 4934 Sed
1339 4888 1462 4943 causas,
1491 4865 1598 4947 quibua

249 4958 369 5040 decepti
393 4965 465 5020 sunt
487 4969 635 5036 auctores,
660 4960 770 5043 partim
792 4960 964 5042 disputator
980 4962 1044 5041 ipse
1059 4960 1202 5041 explicat,
1227 4958 1448 5041 Lycostbenem
1471 4954 1597 5036 011010-

250 5048 343 5128 doro,
366 5046 547 5132 Polydorum
570 5050 789 5114 abscentibus
820 5047 987 5132 insignibus
1021 5050 1091 5114 suni
1121 5044 1196 5113 778.
1230 5049 1403 5128 seductum,
1427 5054 1468 5114 nt
1489 5061 1598 5113 000010
