3692 5842
832 487 914 552 capnt
931 487 1000 539 xvl.
1532 492 1596 563 5¹13

228 672 391 728 contemta
413 663 553 740 exilitum
578 664 837 745 quemadmodum,
862 665 915 739 ait,
941 665 971 726 in
994 684 1120 744 corpore
1142 665 1272 729 humano
1296 667 1403 748 ingens
1427 669 1542 747 vitium,
1567 674 1595 735 si

227 753 362 834 digitus,
386 755 412 816 si
436 774 529 816 nasus
552 753 656 815 rrrultis
678 753 816 834 partibus
840 762 964 834 superet
985 754 1093 816 molem
1116 754 1211 816 totius
1234 756 1341 837 reliqui
1365 759 1510 837 corporis.
1554 761 1598 824 L't

227 843 330 924 igitur
352 843 429 906 hanc
454 841 653 921 objectionem
681 863 736 923 per
764 842 955 904 occasionem
984 843 1112 918 diluam,
1143 843 1204 905 tria
1233 843 1347 907 dicam:
1380 847 1477 925 primo
1500 848 1595 912 multo

226 932 462 995 incredibiliora
490 931 649 1011 provenire
672 950 710 993 ex
734 931 885 993 sententia
915 933 1104 1013 antiquorum
1133 939 1165 994 et
1185 933 1353 995 Ptolemaei
1378 934 1459 996 circa
1482 945 1596 1000 motum

226 1022 378 1085 fixarum:
404 1021 512 1083 deinde
535 1021 738 1101 proportionis
763 1020 1015 1082 inaestimabilem
1031 1022 1269 1100 magnitudinem
1292 1023 1440 1102 exemplis
1464 1025 1534 1087 aliis
1558 1045 1596 1088 es

227 1110 349 1171 mundo
373 1109 520 1172 desumtis
544 1109 711 1171 stabiliam:
738 1109 865 1190 denique
889 1110 1165 1191 compensationem
1188 1121 1321 1173 mutuam
1345 1113 1513 1189 ostendam,
1538 1134 1597 1196 qua

225 1199 381 1261 nonnulla
404 1197 542 1277 exsurgit
565 1197 877 1278 inaequalissimarum
901 1199 1081 1280 aequalitas.
1130 1200 1225 1277 Igitur
1247 1200 1327 1280 quod
1348 1212 1462 1263 motum
1486 1222 1595 1284 corpo-

225 1306 303 1350 rum
325 1288 544 1349 mundanorum
568 1287 688 1360 attinet,
713 1288 741 1348 in
767 1286 926 1367 Cepernioi
956 1287 1173 1368 hypothesibus
1201 1289 1310 1367 globus
1334 1289 1460 1352 Saturni
1484 1291 1515 1353 in
1538 1312 1597 1354 una

224 1376 311 1438 hora
328 1386 432 1438 tranat
446 1372 512 1438 300
526 1374 666 1436 milliaria
680 1376 852 1452 gernranica
867 1377 939 1448 lere,
953 1373 1120 1448 lor-istim,
1138 1377 1245 1437 Martis
1257 1374 1331 1444 600.
1348 1378 1476 1441 Telluris
1500 1379 1596 1443 centri

226 1460 311 1540 740,
328 1464 458 1526 Veneris
471 1461 547 1539 800,
563 1464 704 1526 Mercurii
724 1462 816 1527 1000.
855 1465 987 1526 Pulchra
1001 1466 1164 1544 proportio,
1179 1464 1228 1526 ubi
1247 1485 1366 1547 semper
1384 1469 1525 1541 velocior,
1546 1469 1595 1550 qui

225 1563 282 1617 est
306 1553 372 1616 Soli
397 1553 561 1634 quiescenti
586 1564 742 1632 motusque
767 1554 862 1614 oannis
887 1553 1088 1633 dispensatori
1112 1554 1313 1634 propinquior.
1347 1555 1388 1617 Et
1403 1556 1473 1639 quia
1492 1558 1596 1620 Tellus

224 1662 292 1705 non
317 1652 437 1706 tantum
460 1643 642 1703 transfertur
665 1641 832 1709 aunuatim.
857 1643 910 1704 sed
927 1643 1017 1704 ctiam
1032 1643 1162 1703 volvitur
1181 1643 1301 1718 dictim,
1325 1665 1384 1707 una
1407 1645 1499 1724 igitur
1522 1647 1597 1708 liora

224 1739 340 1813 partes
355 1730 494 1804 Telluris,
519 1749 594 1810 quae
618 1731 745 1793 subsunt
769 1732 939 1810 aequatori,
963 1729 1028 1792 240
1052 1732 1192 1792 milliaria
1216 1730 1399 1795 Germanica
1422 1735 1500 1796 citra
1522 1755 1596 1796 cen-

225 1832 315 1884 trum
338 1820 507 1894 conficiunt,
531 1820 663 1899 reliquae
688 1820 793 1894 minus,
820 1831 853 1880 ut
871 1839 1005 1900 quaeque
1025 1821 1102 1899 polis
1118 1821 1242 1882 vicinior
1261 1831 1318 1882 est.
1366 1823 1490 1884 Additis
1505 1823 1597 1901 igitur

224 1906 301 1974 240
325 1908 504 1971 milliaribus
528 1909 693 1988 superficiei
721 1910 758 1969 ad
791 1905 856 1970 740
880 1911 991 1980 centri,
1023 1918 1208 1987 consurgunt
1237 1910 1317 1971 mille
1352 1910 1413 1970 fere
1446 1912 1596 1985 milliaria,

225 2006 381 2082 quantum
405 1997 536 2058 aetheris
561 1998 690 2077 spatium
714 1997 785 2058 urbs
810 1999 910 2077 aliqua
934 1998 989 2058 sub
1020 2007 1182 2077 aequatore
1213 1998 1274 2058 sita
1306 2000 1448 2060 emetitur
1480 2000 1508 2061 in
1537 2019 1597 2062 una

225 2089 312 2152 hora
333 2087 452 2149 mediae
476 2086 589 2148 noctis:
624 2087 668 2148 ita
691 2087 857 2148 subtractis
881 2084 947 2150 240
969 2082 988 2149 a
1013 2083 1094 2160 740,
1126 2094 1243 2148 restant
1266 2084 1331 2150 500
1354 2087 1509 2161 milliaria,
1539 2089 1598 2151 iter

225 2176 322 2241 unius
354 2177 446 2238 horae
480 2175 664 2236 meridianae
697 2177 752 2237 sub
785 2186 947 2257 aequatura
972 2194 1026 2255 per
1050 2195 1153 2236 auram
1177 2177 1360 2238 aetheream.
1409 2176 1495 2238 Unde
1519 2178 1601 2240 subit

224 2265 439 2338 considerare,
463 2265 533 2341 quia
557 2265 646 2344 duplo
671 2264 796 2327 celerior
818 2275 867 2326 est
887 2266 1031 2343 trajectus
1047 2264 1205 2326 Terrarum
1230 2274 1390 2326 ruocturnus
1416 2265 1520 2328 diurno
1544 2266 1599 2327 sub

225 2366 411 2436 aequatore,
436 2373 473 2414 au
498 2354 554 2415 hoc
578 2354 690 2433 aliquid
713 2355 812 2432 possit
835 2355 873 2414 ad
890 2354 1088 2432 frigiditatem
1106 2353 1247 2428 noctium,
1272 2373 1310 2415 cx
1329 2355 1386 2415 hac
1401 2373 1456 2416 ceu
1470 2355 1600 2435 quadam

225 2443 452 2516 ventilatione;
486 2451 517 2503 et
547 2462 584 2502 aa
610 2443 701 2503 etiam
725 2443 762 2503 ob
787 2443 865 2504 hanc
892 2462 1015 2503 causam
1039 2442 1166 2522 tempori
1191 2442 1338 2504 matutino
1363 2443 1459 2523 major
1487 2443 1599 2521 gratia,

226 2534 307 2615 quia
329 2540 435 2612 partes
459 2531 601 2605 Telluris,
634 2531 663 2592 in
688 2532 793 2610 quibus
818 2530 871 2594 Sol
891 2532 954 2611 jam
978 2532 1087 2606 oritur,
1118 2550 1152 2592 eo
1183 2542 1332 2593 momento
1357 2542 1441 2593 recta
1465 2531 1601 2594 feruntur

226 2622 358 2686 obviam
383 2639 474 2682 aurae
499 2620 669 2687 aethereae,
693 2639 758 2680 curu
778 2631 891 2698 partes,
916 2619 965 2680 arbi
985 2618 1038 2682 Sol
1061 2619 1181 2693 occidit,
1207 2639 1242 2680 eo
1266 2630 1402 2699 tempore
1427 2621 1512 2700 quasi
1536 2621 1598 2683 eri-

226 2713 359 2795 piantur
383 2729 420 2770 ex
444 2728 518 2771 aura
542 2709 693 2771 aetherea.
740 2710 888 2788 Superest
906 2708 992 2769 nobis
1010 2709 1106 2781 Luna,
1131 2728 1207 2786 equae
1230 2727 1320 2788 super
1343 2717 1447 2770 centro
1466 2709 1596 2772 Telluris

226 2803 261 2865 iu
287 2820 351 2862 una
375 2799 449 2860 hora
472 2793 537 2860 476
562 2797 701 2858 milliaria
723 2798 855 2864 conticit.
890 2797 960 2878 quia
990 2794 1032 2860 60
1056 2798 1288 2859 semidiametris
1312 2817 1332 2857 a
1355 2798 1475 2860 Tellure
1499 2799 1598 2860 abest.

226 2891 326 2954 Adde
350 2882 417 2950 476
440 2887 479 2947 ad
503 2887 561 2948 iter
584 2887 679 2947 centri
703 2887 832 2949 Telluris
856 2883 937 2960 740,
972 2886 1126 2965 eorrsurgit
1159 2886 1217 2947 iter
1241 2887 1343 2946 Lunae
1374 2887 1482 2966 plenae
1516 2884 1600 2950 1216

226 2977 379 3042 milliaria
403 2994 456 3054 per
479 2994 582 3036 auram
618 2975 801 3036 aetheream.
848 2974 1000 3038 Subtrahc
1033 2975 1164 3036 vicissim
1197 2971 1262 3038 476
1296 2975 1334 3036 ab
1367 2975 1475 3037 itinere
1507 2975 1601 3038 centri

227 3063 313 3142 740,
338 3063 517 3142 relinquitur
540 3063 599 3125 iter
622 3064 725 3124 lauriae
750 3082 845 3125 norae
870 3064 897 3125 iu
923 3084 984 3126 urta
1006 3063 1081 3125 liora
1102 3059 1166 3127 264
1191 3063 1340 3125 milliaria.
1387 3064 1493 3125 Habes
1516 3084 1601 3127 com-

226 3159 443 3220 mensuratam
476 3151 605 3212 omnium
639 3152 769 3213 siderum
802 3154 989 3214 celeritatem
1024 3173 1061 3214 ex
1095 3151 1270 3232 (lopernico.
1319 3152 1413 3214 Fixae
1445 3154 1523 3216 euim
1546 3171 1601 3233 pro

226 3247 302 3310 loco
327 3250 399 3304 suut
423 3249 455 3302 et
478 3241 652 3321 quiescunt:
678 3239 731 3302 Sol
756 3261 808 3321 pro
833 3251 947 3302 motore
972 3251 1021 3302 est
1044 3250 1076 3302 ct
1098 3252 1200 3303 tuetur
1220 3242 1349 3305 mediam
1366 3243 1467 3305 rutundi
1487 3244 1600 3305 statio-

228 3352 304 3398 nem
329 3329 492 3394 immobilis
501 3349 509 3404 ;
540 3329 597 3390 uisi
625 3331 703 3410 quod
734 3331 866 3411 physicis
895 3330 1061 3391 rationibus
1085 3343 1319 3392 consentaneum
1344 3331 1429 3392 ell'eci
1452 3333 1482 3393 in
1507 3329 1601 3394 Com·

228 3421 397 3488 mentariis
422 3421 458 3480 de
482 3418 613 3480 motibus
636 3421 743 3481 stellae
768 3419 889 3493 hlautis,
924 3437 1032 3496 corpus
1065 3419 1157 3499 ipsius
1189 3420 1322 3480 camerti
1352 3419 1381 3480 iu
1406 3439 1460 3481 suo
1484 3421 1601 3500 spatio;

227 3524 265 3577 ut
286 3513 345 3573 hac
367 3509 564 3570 conversione
579 3509 708 3587 speciem
730 3508 976 3578 innnateriatam,
1002 3509 1165 3580 matricem,
1191 3526 1244 3586 per
1258 3506 1485 3586 anrplitudinem
1500 3508 1600 3569 mundi

226 3597 463 3677 circumagitet,
495 3616 584 3676 quarn
616 3598 717 3659 sidera
740 3599 873 3658 errantia
905 3595 1006 3657 oruella
1034 3605 1215 3675 sequantur,
1248 3605 1282 3657 ut
1315 3596 1453 3677 quodque
1476 3597 1600 3677 propius

228 3692 279 3755 ita
304 3683 496 3759 celerius³⁰l

327 3777 375 3840 Ne
400 3795 470 3837 vero
492 3773 541 3836 hic
565 3773 711 3853 trajectus
744 3774 772 3834 in
806 3793 866 3834 una
897 3772 973 3834 hora
1001 3791 1054 3852 per
1086 3771 1166 3833 mille
1196 3771 1337 3834 milliaria
1360 3771 1523 3834 etiamnum
1546 3771 1602 3833 tibi

228 3868 379 3931 videatur
401 3862 602 3938 incredibilis,
629 3862 719 3940 jubeo
751 3871 780 3924 te
805 3862 996 3924 considerare
1020 3861 1244 3942 proportionem
1266 3860 1429 3922 densitatis
1455 3859 1536 3923 aleris
1560 3861 1599 3922 ad

228 3955 421 4018 densitatem
446 3951 588 4025 aetheris,
613 3970 700 4030 quam
725 3951 754 4011 in
769 3949 887 4030 Opticis
906 3951 1127 4025 demonstrasi3
1153 3970 1189 4012 cs
1205 3970 1263 4030 qua
1278 3951 1415 4021 efficitur,
1439 3959 1472 4012 ut
1496 3949 1598 4012 irruitis

227 4043 376 4127 partibus
400 4039 566 4102 incredibili
590 4059 712 4101 numero
736 4039 924 4121 tranquillior
947 4039 988 4102 sit
1018 4040 1166 4118 trajectus
1191 4040 1272 4102 mille
1296 4039 1465 4103 milliarium
1489 4039 1518 4100 in
1543 4058 1601 4100 una

226 4135 312 4198 hora
344 4148 398 4209 per
430 4127 600 4200 aetherem,
633 4147 720 4208 quam
754 4136 802 4189 est
834 4129 980 4208 trajectus
1013 4129 1101 4192 unius
1132 4128 1271 4191 milliaris
1300 4128 1330 4191 in
1361 4149 1420 4191 una
1450 4128 1524 4189 hora
1547 4145 1601 4208 per

227 4230 376 4287 nostrum
400 4223 511 4279 adrem.

328 4309 376 4370 lto
392 4325 470 4368 nunc
484 4305 523 4364 ad
537 4303 742 4366 Ptolemaeum
760 4313 792 4367 et
810 4305 964 4386 antiquam
982 4303 1181 4376 sententiam
1206 4303 1306 4364 omnia
1320 4303 1453 4366 iuvenies
1469 4303 1600 4365 incredi-

226 4399 356 4464 biliora.
403 4395 438 4456 ln
465 4393 517 4454 illa
539 4393 761 4456 semidiameter
779 4396 927 4474 sphaerae
947 4396 1072 4456 lixarum
1088 4390 1198 4457 20000
1213 4392 1342 4453 Telluris
1361 4393 1600 4455 semidiarnetros

225 4485 392 4572 possidet:
409 4481 542 4545 ambitus
559 4481 649 4561 igitur
660 4482 867 4561 eritsexagies
883 4493 931 4545 ter
940 4483 1076 4546 millium.
1101 4482 1327 4543 illodestasaue
1341 4481 1499 4542 multitudo
1515 4501 1599 4542 corn-

226 4585 349 4661 parata
363 4569 670 4650 adCoperuicana1113
685 4571 738 4630 sed
755 4591 831 4650 quae
847 4573 941 4634 omnis
958 4575 985 4634 iu
1001 4592 1058 4634 ullo
1070 4572 1118 4633 die
1133 4571 1288 4632 circumire
1303 4569 1420 4631 dicitur.
1446 4569 1601 4632 Debentur

227 4666 330 4749 igitur
340 4661 391 4724 uni
402 4662 494 4723 horae
509 4658 725 4720 semidiametri
737 4657 833 4735 2625,
849 4682 972 4741 quaeram
988 4661 1139 4742 quaelibet
1149 4654 1216 4723 860
1226 4658 1366 4720 milliaria
1376 4659 1518 4721 continet.
1543 4658 1601 4719 Ilic

226 4756 304 4821 vide
329 4751 404 4815 milri
427 4749 605 4811 immensum
628 4748 804 4824 discrimem
838 4748 1005 4822 Saturrms,
1039 4750 1088 4830 qui
1117 4758 1165 4811 est
1194 4749 1272 4828 apud
1296 4747 1502 4810 Ptolemaeum
1533 4746 1600 4808 fisis

226 4844 407 4930 proximus,
440 4845 475 4899 ut
498 4855 551 4898 cas
581 4843 698 4898 tantum
728 4857 785 4899 non
819 4847 944 4917 tangat,
977 4836 1146 4918 Coperuico
1174 4838 1204 4898 in
1231 4856 1291 4898 una
1315 4837 1389 4899 hora
1412 4835 1525 4916 trajicit
1546 4852 1600 4913 per

227 4932 301 5001 300
325 4927 482 5000 milliaria,
512 4926 686 4986 Ptolemaeo
710 4924 864 4990 2257500
887 4926 1035 4988 milliaria.
1083 4925 1260 4990 Credendus
1283 4935 1332 4987 est
1356 4925 1447 4999 igitur
1470 4923 1601 4986 velocior

227 5022 316 5107 apud
340 5019 551 5082 Ptolemaeum
575 5033 663 5094 quarn
686 5025 735 5078 est
757 5017 837 5096 apud
853 5013 1053 5095 Cuperuicum
1067 5012 1200 5078 raetia·
1247 5010 1422 5092 Quicunque
1436 5010 1601 5077 tentaverit

315 5123 405 5174 stuprari
420 5123 497 5171 opera.
512 5121 539 5158 ll.
1354 5114 1387 5167 43
