3692 5842
812 467 980 519 cvm-cx.
1509 466 1575 532 557

310 643 393 703 Tunc
418 643 508 719 igitur
526 644 555 704 iu
579 646 689 707 schem.
711 643 763 709 28.
790 664 883 706 cavae
909 645 998 705 lentis
1024 654 1055 707 et
1079 645 1155 706 oculi
1185 646 1261 706 situs
1285 644 1343 707 erit
1366 647 1444 707 inter
1467 647 1578 710 lentem

225 748 387 793 convexam
402 732 458 792 AB
483 743 513 791 et
532 743 644 810 puncta
667 755 827 796 concursus
842 735 879 806 D,
896 736 938 806 F;
964 734 1005 794 sit
1023 734 1053 796 in
1069 734 1124 805 IG,
1149 743 1249 796 certus
1265 734 1357 813 igitur
1371 735 1429 795 erit
1442 736 1578 799 modulus

225 820 454 899 :onvergentiae
487 822 635 883 radiorum
660 824 717 895 Al,
747 823 809 883 IIG
842 823 952 900 angulo
983 821 1077 884 IFG:
1109 843 1185 903 quae
1216 825 1445 901 emergentia,
1481 831 1514 885 ut
1541 844 1578 886 ne

225 909 368 989 impediat
391 908 564 969 distinctam
589 912 742 986 visionem,
767 913 902 973 tollenda
926 920 974 971 est
997 912 1043 971 vel
1069 914 1134 973 sola
1157 931 1210 990 pro
1234 912 1320 973 oculo
1345 914 1522 990 πρεσβυτου,
1547 922 1580 974 ut

225 998 301 1060 radii
334 998 407 1058 liant
438 999 590 1076 paralleli,
625 1002 671 1060 vel
705 1002 825 1078 insuper
861 1001 953 1060 etiam
987 1000 1155 1061 inducenda
1186 1000 1375 1079 divergentia
1407 1020 1461 1079 pro
1493 1002 1578 1062 oculo

225 1107 354 1157 ιινωπος.
406 1088 500 1166 Atqui
531 1107 584 1164 per
618 1090 699 1151 CIV.
734 1098 888 1168 utrumque
920 1089 1068 1166 praestari
1100 1098 1202 1167 potest
1235 1108 1288 1167 per
1330 1108 1435 1150 cavam
1469 1090 1579 1151 lentem

225 1174 354 1257 positam
379 1175 407 1234 in
432 1176 531 1254 ailquo
555 1186 664 1255 puncto
690 1187 760 1237 ante
785 1197 946 1239 concursus
971 1188 1090 1255 puncta.
1138 1179 1226 1238 Illam
1250 1197 1321 1238 vero
1349 1187 1487 1256 oportere
1512 1197 1578 1239 csse

225 1263 330 1327 miuori
354 1263 464 1324 circulo
483 1284 598 1339 cavam,
625 1286 784 1346 quamquo
810 1267 902 1327 utitur
923 1285 1066 1334 convexa,
1093 1266 1317 1328 demonstratur
1332 1275 1365 1327 ut
1378 1285 1462 1346 prop.
1481 1265 1580 1328 cvll.

225 1353 286 1417 Sed
310 1360 342 1411 et
365 1371 469 1412 cavam
494 1354 578 1413 oculo
604 1355 738 1416 solitarie
762 1355 894 1433 proxime
920 1356 1102 1433 applicatam
1131 1362 1252 1434 oportet
1275 1356 1400 1416 confusa
1423 1363 1579 1434 praestare

225 1441 364 1503 visibilia.
412 1438 493 1510 Quia
516 1443 545 1502 id
570 1445 648 1521 quod
678 1446 813 1506 medetur
846 1444 1010 1506 confusioni
1040 1463 1093 1521 per
1121 1463 1300 1517 convexum,
1338 1453 1457 1522 oportet
1490 1444 1580 1504 etiam

225 1537 382 1613 praestare
407 1531 610 1592 confusionem
635 1552 671 1594 ex
695 1553 788 1593 eausa
811 1534 972 1594 contraria.

313 1619 391 1680 Esto
415 1621 545 1680 seeundo
569 1621 644 1681 haee
668 1623 799 1702 qualitas
820 1624 897 1684 situs
921 1623 1008 1693 oculi,
1034 1628 1066 1681 ut
1082 1621 1244 1681 collocetur
1268 1627 1354 1681 extra
1371 1629 1483 1698 puncta
1507 1641 1580 1681 eon-

225 1726 347 1781 cursus,
383 1715 415 1767 ut
439 1708 464 1768 si
494 1708 523 1769 in
549 1711 658 1773 schem.
685 1709 736 1774 28.
764 1720 846 1772 esset
870 1711 897 1771 in
923 1710 986 1783 ΟΡ,
1013 1720 1100 1769 extra
1123 1709 1160 1781 D,
1186 1711 1219 1770 F.
1268 1710 1349 1769 Tunc
1384 1710 1475 1787 igitur
1507 1729 1583 1770 cava

225 1798 292 1859 lena
315 1796 470 1874 applicata
494 1798 573 1859 intra
596 1810 738 1878 punctum
763 1800 967 1861 concursusD
991 1799 1038 1859 vel
1053 1800 1078 1858 F
1101 1818 1154 1876 per
1170 1796 1253 1859 CIV.
1279 1806 1434 1876 praestare
1458 1799 1580 1876 poterit,

225 1894 258 1949 ut
281 1886 381 1946 nullus
406 1887 458 1946 liat
482 1905 659 1962 concursuS,
690 1891 743 1949 sed
767 1898 801 1949 ut
824 1888 899 1949 radii
929 1889 1034 1948 iterum
1065 1888 1243 1965 divergant:
1275 1893 1307 1946 et
1329 1887 1372 1947 sIc
1398 1887 1521 1947 veniant
1544 1888 1583 1947 ad

225 1976 344 2038 oculum
369 1972 433 2035 ΟΡ.
482 1975 688 2038 Veruntamen
714 1977 742 2037 in
773 1979 827 2037 lroe
856 1997 928 2038 casu
962 1977 1074 2036 multae
1106 1977 1295 2054 requiruntur
1327 1974 1580 2037 circumstantiae.

225 2063 358 2127 Primum
389 2064 465 2123 eninr
500 2064 611 2126 lentem
645 2087 749 2127 cavam
784 2086 851 2126 esse
881 2074 1000 2144 oportet
1030 2085 1123 2142 parvo
1157 2064 1275 2126 circulo.
1323 2064 1401 2125 Nam
1426 2064 1452 2124 si
1475 2083 1584 2142 magno

225 2172 302 2215 cava
327 2161 418 2219 esset,
443 2153 573 2214 universi
598 2154 672 2215 radii
695 2156 853 2227 interAD,
870 2155 925 2214 IlD
949 2173 1073 2233 parvam
1090 2154 1154 2230 ejus
1179 2153 1346 2232 portionem
1370 2152 1585 2231 interciperent

226 2242 394 2323 proximam
419 2244 668 2321 perpendiculari,
695 2245 819 2322 ideoque
844 2244 872 2303 in
896 2243 1077 2303 refractione
1101 2243 1186 2320 parvi
1210 2242 1334 2302 effectus
1359 2247 1390 2301 et
1413 2260 1471 2303 non
1496 2240 1584 2313 tanti,

226 2348 285 2411 qno
310 2330 376 2391 tolli
409 2338 514 2409 posset
545 2334 769 2412 convergentia.
816 2334 880 2392 Iloc
905 2340 954 2393 est
982 2331 1048 2392 huic
1082 2331 1166 2390 casui
1199 2349 1353 2390 commune
1382 2349 1448 2391 cum
1481 2329 1583 2409 priori.

227 2418 346 2483 Deinde
371 2418 395 2479 si
420 2419 485 2479 lens
514 2429 562 2480 est
593 2440 687 2499 parvo
721 2422 830 2482 circulo
862 2441 962 2495 cava,
987 2428 1021 2481 ut
1053 2419 1270 2497 divergentiam
1303 2419 1442 2480 inducere
1476 2419 1584 2497 possit,

227 2518 330 2571 tamen
362 2507 552 2586 direngentes
585 2511 653 2570 illos
687 2529 743 2570 non
778 2510 870 2569 mittit
902 2529 1005 2570 omnes
1029 2509 1068 2568 ad
1098 2509 1229 2589 oculum,
1265 2509 1353 2584 longe
1387 2515 1474 2567 extra
1497 2509 1585 2582 D,F

226 2615 391 2661 concursus
411 2606 522 2676 puncta
537 2599 725 2660 collocatum.
764 2600 843 2659 Nam
859 2598 883 2658 si
898 2599 974 2660 radii
990 2596 1158 2672 divergunt,
1183 2597 1326 2657 aberrant
1347 2595 1437 2671 igitur
1456 2596 1584 2656 ciccum-

226 2686 310 2749 circa
334 2685 372 2745 ab
405 2686 490 2746 oculo
524 2687 637 2747 eminus
668 2690 779 2766 posito.
827 2687 1047 2766 Relinquuntur
1079 2688 1169 2764 igitur
1199 2684 1370 2764 paucissimi
1400 2703 1454 2762 per
1486 2684 1585 2762 ipsum

226 2794 382 2839 convexae
407 2774 497 2835 lentis
522 2776 691 2837 umbilicum
716 2780 784 2848 (aut
807 2777 887 2836 alind
912 2777 1032 2855 aliquod
1057 2776 1119 2853 ejus
1143 2785 1283 2854 punctum
1312 2792 1366 2852 pro
1392 2773 1452 2834 situ
1476 2776 1585 2845 cavae)

227 2864 464 2945 angnstissirnae
492 2864 638 2943 portionis
667 2866 838 2927 transmissi
864 2865 891 2927 in
916 2866 1015 2944 ipsum
1047 2865 1168 2925 fundum
1192 2864 1220 2924 D
1245 2882 1338 2923 cavae
1372 2862 1461 2922 lentis
1493 2879 1585 2941 prope

227 2952 521 3037 perpendicularem,
545 2954 593 3032 qui
617 2973 693 3032 pene
718 2956 828 3014 nnllam
853 2955 966 3016 habent
995 2952 1211 3032 divergentiam
1236 2971 1329 3031 eoque
1352 2970 1407 3030 pro
1430 2949 1585 3029 parallelis

228 3043 335 3107 baberi
367 3052 504 3121 possunt..
566 3041 632 3112 Quo
666 3045 783 3105 nornine
818 3053 934 3104 tantum
967 3064 1028 3111 τοις
1061 3043 1240 3118 πρεσβυτιιις
1276 3039 1420 3101 serviunt.
1484 3038 1587 3101 Tertio

228 3131 439 3195 tenuissimam
471 3131 597 3193 visibilis
630 3133 810 3210 particulam
833 3134 880 3193 hie
908 3133 985 3192 situs
1010 3133 1049 3192 ad
1080 3131 1197 3191 oculum
1227 3128 1428 3201 transmittet,
1463 3136 1587 3207 propter

228 3220 309 3285 oculi
326 3220 381 3281 ΟΡ
405 3221 626 3299 elongationem
649 3230 680 3281 ot
703 3223 740 3282 ab
756 3223 812 3282 AB
838 3223 917 3282 lente
943 3240 1078 3281 convexa
1102 3219 1285 3296 (perdicto)
1311 3225 1341 3279 et
1360 3239 1378 3277 a
1397 3235 1473 3277 cava
1497 3235 1589 3294 supra

228 3312 259 3373 D
281 3310 332 3370 vel
356 3311 381 3370 F
405 3310 532 3370 locanda
559 3329 612 3389 per
635 3310 769 3384 XCVII,
799 3320 830 3370 et
860 3310 981 3387 insuper
1012 3310 1041 3370 id
1074 3307 1211 3388 quiequid
1245 3318 1293 3368 est
1325 3306 1445 3367 rrriuirno
1478 3306 1587 3383 angulo

227 3420 284 3483 per
305 3397 458 3462 XCVIII.

323 3488 406 3551 CIX.
452 3486 677 3564 Propositio.
725 3490 757 3549 In
783 3486 990 3548 instrumentis
1016 3485 1131 3561 majora
1155 3493 1186 3544 et
1209 3481 1354 3543 distincta
1378 3479 1589 3542 exhibentibus

228 3576 368 3642 visibilia
395 3576 477 3636 nulla
506 3594 582 3636 cava
606 3577 671 3637 lens
691 3578 779 3638 valde
800 3578 886 3653 longe
907 3576 996 3637 abest
1011 3595 1029 3633 a
1044 3573 1163 3651 punctis
1187 3590 1359 3644 concursus,
1384 3575 1455 3649 post
1478 3569 1589 3629 lentem

229 3684 399 3732 convexam
424 3664 635 3726 existentibus.
1391 3684 1444 3748 fig.
1465 3678 1508 3732 29,

320 3756 402 3818 Nam
426 3754 451 3814 si
477 3774 565 3833 quom
588 3753 649 3814 ficri
671 3763 772 3832 potest
796 3753 927 3815 maxima
951 3758 1190 3828 repraesentent,
1215 3769 1319 3809 cavam
1524 3829 1528 3836 Ι

1520 3856 1558 3885 D

229 3956 305 4001 vero
321 3935 409 4013 longe
429 3933 467 3993 ab
484 3933 568 3993 oculo
582 3931 809 4010 pcrLXXXII.
836 3930 935 4001 Quare
952 3939 983 3989 et
999 3931 1085 4003 lonae
1106 3930 1218 3989 alente
1229 3945 1321 3996 cava;

231 4036 265 4089 ct
293 4035 395 4087 tamen
424 4021 514 4083 lentis
543 4040 635 4080 cavae
669 4021 751 4080 locus
780 4040 832 4098 per
857 4021 940 4083 CIV.
971 4028 1019 4078 est
1050 4019 1126 4078 inter
1159 4035 1322 4077 convexam

232 4124 266 4179 et
288 4114 356 4193 ejus
389 4117 530 4190 punctum
560 4128 729 4170 concursus.
783 4108 816 4170 Si
846 4129 916 4185 crgo
946 4126 1080 4167 convexa
1114 4115 1161 4165 ost
1190 4107 1275 4180 leuce
1304 4127 1323 4164 a

232 4224 312 4269 cava
336 4207 465 4271 remota,
494 4207 635 4278 punctum
667 4218 827 4259 concursus
852 4198 909 4258 erit
932 4196 1097 4274 proximum
1121 4214 1214 4256 cavae
1240 4195 1322 4254 lenti.

327 4291 395 4355 CX.
443 4286 667 4366 Propositio.
716 4288 876 4367 Proposita
901 4287 979 4346 lente
1008 4304 1155 4356 convexa,
1185 4302 1326 4343 cavarum

235 4382 362 4447 lentium
386 4379 471 4439 oculo
490 4377 624 4455 proxime
645 4377 874 4454 applicatarum,
895 4395 970 4453 quae
996 4373 1101 4435 minori
1125 4373 1236 4434 circulo
1252 4390 1328 4432 cava

234 4480 300 4549 est,
330 4489 369 4529 ea
400 4466 518 4546 longius
550 4486 568 4525 a
601 4484 733 4526 convexo
767 4466 862 4525 distat
893 4474 924 4524 et
956 4463 1078 4542 propius
1112 4463 1150 4522 ad
1184 4470 1325 4540 punctum

235 4576 401 4625 concursus
426 4555 608 4635 applicanda
633 4565 689 4614 cst.

327 4645 436 4710 Lentis
459 4663 611 4705 convexae
631 4644 687 4704 AB
711 4643 809 4721 portio
832 4641 887 4701 DE
912 4641 1013 4701 radios
1030 4639 1068 4699 ab
1088 4640 1194 4700 eodem
1218 4644 1329 4716 puncto

237 4740 367 4803 fluentes
391 4733 580 4795 transmittat
603 4743 635 4792 ct
659 4733 700 4792 sit
723 4749 883 4792 concursus
908 4729 944 4791 (ἶ.

328 4824 407 4889 Cum
440 4821 530 4899 Igitur
560 4840 613 4899 per
646 4841 733 4882 unam
774 4821 882 4880 lentem
923 4835 1088 4878 convexam
1116 4816 1172 4877 AB
1212 4815 1328 4893 (ejusve

237 4915 407 5001 portionem
440 4910 495 4971 DE
528 4930 616 4970 unam
650 4919 682 4970 et
721 4910 861 4978 eandem)
900 4909 1005 4969 eadem
1036 4905 1077 4966 sit
1117 4902 1332 4981 convergentia

238 5004 391 5071 radiorum
414 4998 480 5074 DC,
505 4998 570 5070 Ec,
596 5019 685 5061 unum
709 5007 741 5060 et
764 4998 840 5059 idom
872 4996 962 5059 debet
989 4993 1124 5057 adhiberi
1155 4992 1332 5063 remedium,
