3692 5842
334 458 400 528 2oe
442 375 467 430 ἦ
803 458 995 547 l'qralipornens
1012 460 1038 508 in
1058 457 1223 508 Vitelliansnr.

270 661 276 673 ⁴
334 682 488 753 receptam
519 670 758 751 geographorum
792 670 1001 741 traditionem,
1035 668 1121 733 5578
1154 667 1283 731 altitudo
1311 667 1392 730 aeris
1432 667 1520 729 dabit
1550 625 1694 768 iffi

334 796 482 859 milliaria
524 796 589 857 Hoc
614 805 670 869 est,
696 795 725 855 iu
750 815 819 857 arce
835 793 1036 872 liraniburgo
1062 792 1109 853 ubi
1134 792 1329 873 capiebantur
1353 790 1584 853 observationes
1608 789 1692 852 side·

333 904 407 959 rum,
433 883 561 946 altitudo
586 882 666 944 airis
691 883 748 944 fuit
771 881 884 944 dimidii
910 881 1047 942 milliaris
1073 880 1254 954 Germanici,
1280 899 1337 941 non
1362 880 1468 958 major.

421 973 479 1035 llic
503 972 709 1034 admouendus
733 981 817 1033 esset
842 972 936 1031 luctor
960 981 992 1030 et
1016 970 1081 1049 ejus
1105 968 1349 1040 concertationis,
1373 988 1450 1049 quae
1466 967 1603 1049 Tycboni
1628 985 1695 1028 cunr

333 1061 526 1123 Rothmanno
552 1062 608 1123 tuit
638 1061 674 1122 de
707 1060 880 1122 substantia
911 1059 991 1119 airis
1025 1070 1056 1119 et
1088 1058 1220 1120 aetheris
1253 1057 1282 1118 iu
1315 1068 1397 1119 tomo
1424 1058 1451 1119 1.
1474 1054 1694 1135 Epistolsrum,

278 1152 282 1160 '
334 1169 423 1230 quarn
447 1150 550 1230 Tycho
575 1149 726 1211 concludit
750 1151 801 1210 fol.
828 1145 880 1212 92.
907 1148 1217 1229 l'rogyrnnasmatum.
1262 1145 1409 1207 Dixerunt
1428 1145 1646 1207 Rothmannns
1664 1152 1695 1204 et

334 1239 427 1313 Pena,
453 1259 472 1299 a
495 1238 590 1300 Terra
615 1238 652 1298 ad
677 1237 791 1298 coelum
816 1237 888 1297 nihil
922 1255 990 1297 esse
1019 1235 1076 1296 uisi
1109 1242 1219 1307 aierem,
1252 1243 1378 1314 excepto
1407 1234 1537 1314 pauculo
1569 1250 1694 1312 vapore.

335 1327 437 1410 Tycho
461 1347 519 1387 una
543 1346 609 1388 cum
635 1326 695 1386 illis
719 1326 817 1403 ignem
842 1324 1071 1385 Aristotelicum
1097 1323 1271 1398 eliminavit,
1305 1341 1433 1402 vapores
1463 1322 1545 1384 circa
1568 1321 1694 1383 Terram

335 1416 472 1476 diversos
497 1415 535 1475 ab
560 1421 630 1476 atre
654 1415 797 1491 agnovit:
813 1413 815 1417 ’
832 1415 886 1475 sed
911 1420 1011 1473 adrem
1036 1414 1074 1474 ad
1098 1412 1226 1475 confinia
1249 1412 1354 1474 Lunae
1373 1410 1562 1490 prorogavit,
1594 1409 1694 1490 ibique

335 1503 413 1566 dixit
438 1504 520 1565 illum
544 1502 691 1583 paulatim
715 1503 745 1563 in
779 1502 933 1563 aetherem
963 1501 1109 1564 desinere.
1163 1501 1230 1579 Ego
1265 1501 1311 1561 bis
1343 1498 1558 1580 experimentis
1597 1509 1696 1560 motus

336 1592 464 1654 medium
490 1601 587 1652 teneo.
636 1590 779 1662 Primum,
812 1591 890 1669 quod
924 1609 1065 1668 vaporem
1093 1590 1242 1663 dixerunt,
1277 1589 1344 1652 dico
1373 1607 1430 1669 ego
1459 1595 1583 1663 abrem3
1613 1587 1696 1650 illurn

336 1680 461 1743 termino
486 1699 552 1741 cum
577 1678 709 1758 fastigiis
733 1679 897 1740 montium:
923 1697 1014 1757 supra
1037 1679 1208 1740 consistunt
1231 1679 1365 1740 fumosae
1390 1676 1603 1740 exhalationes
1627 1694 1696 1739 cre·

334 1769 524 1849 puscnlorunr
550 1769 713 1849 lampades,
739 1767 903 1847 statimque
929 1767 1034 1828 aether
1057 1767 1200 1829 succedit.

382 1983 411 2044 i.
455 1978 726 2042 Consideratio
751 2000 886 2051 eorum,
918 1998 1008 2059 quae
1034 1978 1195 2040 Vitellio
1220 1979 1261 2039 de
1285 1977 1585 2040 retractionibus
1609 1975 1653 2037 ad

671 2068 938 2129 astronomiam
963 2066 1186 2128 necessaria
1209 2066 1357 2129 monuit.
1409 2143 1412 2147 ι

424 2227 482 2288 llic
510 2227 575 2305 jaru
609 2235 728 2304 tempus
763 2235 864 2300 esset,
899 2233 932 2288 ut
965 2223 1198 2305 propositionem
1230 2223 1283 2290 ts.
1313 2225 1421 2287 decimi
1454 2221 1635 2286 Vitellianis
1666 2232 1699 2285 et

336 2323 496 2397 sequentes
529 2333 684 2393 ponerem,
720 2314 778 2375 nisi
811 2324 914 2375 essent
946 2316 984 2375 ab
1019 2315 1084 2393 ipso
1115 2314 1279 2376 Vitellione
1308 2317 1373 2394 jam
1402 2312 1480 2374 satis
1512 2312 1698 2384 inculcatae,

340 2423 451 2484 nempe
480 2421 566 2481 prop.
587 2399 640 2465 49.
666 2404 754 2464 docet
777 2403 1001 2482 experimentis,
1027 2402 1163 2463 accidere
1187 2403 1265 2465 inter
1288 2402 1517 2465 observationes
1542 2401 1699 2463 stellarum

337 2491 550 2556 refractionem
579 2490 724 2578 luminis.¹
755 2492 838 2552 Idem
868 2491 970 2572 Tycho
999 2491 1098 2551 Brahe
1128 2490 1371 2571 exquisitissimis
1405 2488 1549 2571 probavit
1581 2489 1698 2553 instru-

336 2580 457 2644 mentis.
505 2579 585 2639 Vide
609 2579 709 2640 varios
733 2580 838 2641 modos
862 2580 912 2643 tot.
936 2578 985 2642 15.
1010 2589 1307 2660 progymnasmatum
1330 2579 1482 2662 Tychonis
1507 2587 1541 2640 et
1565 2578 1619 2641 iol.
1644 2573 1698 2642 9³.

336 2671 421 2733 Idem
444 2667 509 2742 alii,
540 2667 657 2748 dequo
686 2665 774 2730 infra.
821 2667 864 2729 Et
894 2668 1011 2748 quidem
1040 2687 1095 2747 per
1123 2668 1257 2730 armillas
1285 2669 1354 2749 polo
1385 2669 1505 2731 elevato
1535 2666 1698 2730 viciniores

336 2766 485 2839 apparent
509 2755 617 2816 stellas
632 2756 713 2816 circa
736 2755 931 2827 horizontem,
956 2775 1045 2836 quam
1065 2757 1093 2816 in
1109 2756 1293 2819 meridiano:
1319 2757 1426 2838 hicque
1444 2755 1554 2819 modus
1573 2754 1697 2835 experi-

335 2843 488 2909 mentandi
515 2843 609 2904 bonus
634 2854 682 2905 est
706 2855 737 2905 et
761 2865 779 2903 a
801 2844 920 2904 Braheo
946 2845 1024 2905 inter
1047 2854 1164 2906 ceteros
1188 2854 1358 2925 usurpatus.
1402 2843 1550 2916 Quamvis
1573 2844 1699 2906 credere

336 2953 395 2997 non
419 2931 529 3012 potuit,
554 2931 606 2992 illa
629 2940 731 2992 aetate
756 2955 774 2992 a
789 2933 955 2994 Vitellione
979 2933 1113 3011 legitime
1137 2934 1378 2997 administratum
1402 2942 1456 2996 aut
1479 2934 1518 2994 ab
1539 2933 1699 2995 Albueno

336 3022 404 3098 (sol.
430 3017 482 3083 91.
508 3020 834 3099 l‘rogymnasmaturu).
883 3020 972 3090 Quod
996 3040 1066 3082 vero
1092 3021 1218 3083 Vitellio
1243 3023 1328 3085 addit
1350 3023 1471 3085 modum
1499 3023 1642 3094 alterum,
1666 3031 1700 3082 nt

337 3117 528 3188 computetur
555 3107 638 3168 locus
663 3108 766 3170 Lunae
795 3120 825 3170 ut
853 3110 1027 3171 conferatur
1054 3128 1120 3170 cum
1149 3109 1375 3185 observatione,
1403 3110 1566 3192 splendida
1594 3110 1701 3173 t'sbnls

336 3207 385 3262 est
408 3218 445 3258 ex
469 3197 522 3258 illa
545 3196 663 3275 quidem
679 3197 854 3258 l'itellionis
875 3207 987 3260 aetate.
1026 3199 1093 3258 Non
1115 3198 1235 3259 dubium
1255 3201 1384 3280 quidem,
1410 3200 1480 3280 quin
1496 3199 1578 3261 idem
1596 3199 1699 3262 Lnnse

336 3287 456 3351 accidat
479 3284 558 3365 quod
582 3284 730 3347 sideribus
754 3287 872 3349 ceteris.
912 3285 956 3347 At
975 3295 1062 3347 tanta
1083 3286 1139 3347 luit
1163 3287 1342 3349 incertitudo
1366 3288 1570 3368 parallaxium
1595 3295 1699 3349 motu-

336 3393 443 3456 umque
458 3374 563 3436 Lunae
582 3373 754 3447 mediorum,
781 3384 814 3435 ut
833 3393 923 3452 saepe
944 3376 1126 3436 contrarium
1145 3375 1376 3438 retractionibus
1395 3376 1533 3439 accidere
1553 3375 1700 3456 potuerit,

335 3465 429 3526 etiam
452 3463 481 3523 in
506 3462 571 3542 ipso
597 3461 761 3537 horizonte,
788 3463 834 3524 ubi
859 3462 1001 3524 refractio
1026 3473 1093 3523 erat
1116 3464 1257 3526 maxima.

425 3553 475 3614 lta
496 3553 553 3612 huc
583 3551 716 3631 pertinet
744 3559 776 3612 et
799 3552 839 3626 X,
864 3548 917 3613 50.
943 3550 1135 3625 Vitellionis,
1164 3554 1318 3615 aetherem
1347 3571 1415 3615 esse
1444 3552 1593 3615 rariorem
1617 3559 1701 3625 sere,

336 3645 448 3706 frustra
472 3640 657 3701 reclamante
681 3639 891 3708 Rotlrmanno,
916 3638 966 3717 qui
991 3640 1199 3702 diversitatem
1224 3641 1355 3720 negabat
1378 3651 1411 3703 et
1433 3642 1556 3721 culpam
1580 3642 1700 3704 retrac-

337 3731 428 3794 tionis
454 3730 482 3790 iu
508 3729 648 3789 fortuitos
672 3747 801 3807 vapores
825 3723 1013 3801 conterebat,
1040 3729 1169 3808 quinon
1202 3739 1341 3808 tegerent
1363 3730 1467 3809 capita
1491 3738 1608 3793 nostra.
1657 3733 1701 3792 rit

336 3819 459 3890 erravit,
480 3836 538 3877 non
558 3817 810 3891 animadvertens,
828 3817 906 3897 quod
926 3815 990 3894 ipsa
1007 3816 1219 3897 retractionum
1234 3837 1328 3880 causa
1347 3818 1540 3882 insensibiles
1560 3827 1703 3898 praestet

337 3908 366 3968 in
391 3922 501 3982 magna
524 3903 694 3965 altitudine.
741 3905 827 3966 Hanc
852 3913 952 3966 antem
977 3904 1102 3966 l'itellio
1135 3907 1369 3987 propositionem
1403 3907 1538 3987 legitime
1570 3907 1702 3969 demon·

337 4001 417 4055 strat
446 4011 484 4052 ex
512 4010 566 4064 eo,
599 3992 677 4070 quod
710 3992 838 4055 altitudo
871 3992 1027 4054 stellarum
1060 4011 1117 4053 non
1151 3994 1245 4056 minor
1277 3995 1331 4057 sed
1362 3995 1458 4075 major
1485 3997 1574 4078 justo
1608 4013 1704 4076 snpra

337 4081 522 4144 horizontem
546 4090 701 4159 appareat.

425 4168 495 4230 Jarn
525 4186 611 4247 prop.
640 4167 693 4231 51.
727 4167 806 4248 quod
839 4168 1003 4228 distantiae
1037 4168 1191 4231 stellarum
1225 4172 1254 4232 iu
1285 4172 1387 4234 zenith
1420 4172 1533 4252 capitis
1567 4174 1705 4237 minores

334 4260 418 4339 justo
443 4257 614 4329 rideantur,
640 4275 741 4317 verum
765 4256 883 4334 quidem
906 4266 972 4328 est,
1000 4256 1054 4317 sed
1079 4258 1217 4337 quicquid
1240 4259 1327 4339 hujus
1353 4268 1411 4332 est,
1435 4261 1617 4326 insensibile
1642 4273 1703 4328 est.

339 4348 417 4409 Nam
440 4355 473 4407 et
496 4345 694 4407 retractiones
718 4345 746 4404 in
772 4345 883 4404 vertice
907 4363 961 4422 per
985 4343 1016 4409 9.
1042 4345 1129 4424 hujus
1154 4347 1263 4426 capitis
1288 4355 1359 4410 sunt
1384 4349 1592 4414 insensibiles.

428 4431 478 4495 Sic
516 4434 607 4494 etiam
649 4431 852 4510 propositione
892 4430 944 4494 52.
985 4433 1061 4513 quod
1100 4434 1264 4496 distantiae
1303 4437 1433 4499 siderum
1473 4438 1613 4502 binorum
1653 4443 1703 4502 rel

339 4522 497 4590 diametri,
532 4541 597 4581 curu
621 4530 692 4581 sunt
717 4519 861 4581 horizonti
886 4522 1050 4598 parallelae
1074 4525 1155 4583 etei
1180 4524 1316 4597 vicinae,
1351 4527 1482 4588 rninores
1516 4541 1702 4608 appareant,

339 4629 428 4689 quarn
452 4608 564 4668 sintin
590 4609 631 4670 rei
656 4608 793 4680 veritate,
819 4627 934 4670 rursum
959 4628 1060 4671 verum
1083 4611 1203 4689 quidem
1224 4622 1291 4686 est;
1315 4615 1369 4676 sed
1392 4616 1484 4695 plane
1509 4617 1703 4692 insensibile,

340 4697 397 4758 nisi
430 4696 539 4757 stellae
572 4696 759 4757 semicirculo
784 4698 830 4758 vel
863 4699 952 4775 paulo
984 4699 1080 4758 minus
1113 4699 1236 4761 distent.
1285 4701 1334 4762 Sit
1357 4712 1425 4778 (rig.
1444 4709 1493 4774 72)
1517 4707 1576 4770 ΑΒ
1599 4708 1704 4787 portin

341 4784 518 4856 horizontis,
546 4781 569 4843 C
595 4793 713 4852 vertes,
740 4780 806 4858 CA,
832 4784 884 4846 CB
909 4786 1109 4864 quadrantes,
1135 4797 1165 4849 et
1188 4789 1328 4852 rideatur
1351 4793 1380 4853 A
1405 4811 1459 4872 per
1483 4795 1703 4859 refractionem

343 4871 371 4931 in
395 4871 432 4943 D,
457 4871 482 4931 ll
508 4888 578 4930 vero
604 4870 631 4930 iu
651 4870 687 4943 E,
713 4872 755 4931 sic
780 4882 812 4934 ut
835 4873 979 4934 distantia
1002 4876 1058 4934 AB
1084 4876 1221 4938 videatur
1244 4897 1311 4938 esse
1331 4879 1396 4954 DE,
1423 4880 1482 4942 erit
1506 4883 1631 4964 quidem
1645 4883 1702 4946 DE

343 4956 437 5018 minor
467 4976 554 5035 quam
578 4957 651 5030 AB,
686 4959 738 5019 sed
763 4959 833 5037 quis
864 4979 951 5021 arcus
976 4962 1049 5036 AI),
1075 4963 1128 5024 BE
1153 4982 1211 5027 nou
1244 4981 1390 5042 superant
1413 4965 1480 5040 ³4⁴.
1512 4973 1552 5034 sd
1577 4991 1702 5036 sensnm
