3692 5842
1410 491 1499 527 seu
1521 454 1804 528 -mmuriua
1844 477 1899 526 in
1933 476 2051 527 Sole
2082 477 2234 527 visus.
3040 469 3171 538 805

481 651 775 714 diametro
822 669 1014 714 nonae
1069 652 1167 714 vel
1226 652 1494 716 decimae
1557 655 1751 734 partis
1807 655 1978 718 unius
2035 653 2270 735 pollicis

471 740 831 804 admisimus
894 741 1093 821 spatio
1158 740 1394 805 circiter
1463 740 1542 807 14
1606 745 1820 825 pedum
1878 766 1917 806 a
1962 744 2268 817 foramine,

483 831 680 912 quoad
709 830 954 894 schema
981 830 1247 893 excrevit
1274 832 1351 893 ad
1374 844 1756 912 praesentem
1784 819 2270 913 magniiudiuem.
2368 833 2375 838 “

484 920 762 983 Vidimus
821 920 897 981 ab
961 919 1222 982 inferiori
1270 930 1334 983 et
1389 922 1638 985 sinistra
1707 924 2034 985 schematis
2100 930 2272 1003 parte

483 1010 686 1084 (vultu
757 1010 836 1070 ad
905 1008 1151 1070 schema
1207 1015 1548 1085 converso)
1630 1030 1880 1091 parvum
1968 1020 2272 1093 punctum,

481 1107 725 1162 saturae
772 1097 1097 1177 nigredinis
1125 1117 1335 1161 versus
1366 1109 1672 1177 centrum3
1720 1101 1964 1163 dilutius
1993 1110 2057 1164 et
2080 1101 2274 1163 minus

481 1187 823 1270 praecisum
869 1191 1092 1258 ve'rsus.
1121 1189 1468 1268 marginem,
1515 1191 1921 1270 magnitudine
1968 1199 2031 1252 et
2078 1189 2274 1271 specie

446 1276 790 1354 'macilenti
847 1274 1061 1356 pulicis
1074 1295 1093 1350 ;
1150 1277 1272 1340 hoc
1335 1279 1531 1352 clare,
1598 1300 1708 1342 nec
1775 1279 2002 1342 semel:
2065 1280 2280 1342 aberat

484 1367 670 1430 tertia
733 1366 1006 1428 diametri
1069 1375 1242 1447 parte
1299 1368 1433 1448 plus
1499 1367 1691 1431 miuus
1755 1369 1830 1431 ab
1892 1377 2159 1432 extremo
2216 1376 2279 1430 et

483 1456 756 1536 proximo
801 1454 1087 1535 margine.
1179 1456 1265 1518 Et
1309 1477 1381 1518 ne
1429 1457 1560 1537 quis
1617 1459 1928 1520 existimet
1980 1460 2277 1522 maculam

485 1545 677 1608 fnisse
705 1545 936 1626 papyri,
977 1553 1212 1607 motata
1238 1564 1464 1627 papyro
1495 1549 1970 1628 transposuimus
2000 1549 2275 1621 schema3
3190 1623 3197 1628 ι

491 1652 734 1714 semper
777 1634 1012 1695 macula
1058 1653 1192 1696 cum
1239 1636 1547 1698 schemate
1594 1637 1821 1700 incidit.
1920 1635 2070 1700 Cum
2115 1636 2303 1699 nubes
2347 1655 2527 1717 super
2570 1634 2774 1699 Solem
2819 1633 3187 1715 ingruerent,

490 1742 676 1804 super
737 1723 1031 1785 maculam
1094 1725 1277 1787 etiam
1341 1725 1667 1788 schematis
1691 1774 1706 1801 ,
1769 1727 1979 1788 eodem
2026 1726 2155 1788 loco
2216 1725 2542 1789 schematis
2605 1725 2954 1788 haerentem
3019 1722 3189 1803 quasi

492 1812 886 1888 immobilem,
949 1812 1192 1876 nubium
1256 1814 1489 1894 species
1553 1816 1892 1894 ingruebat.
1999 1815 2201 1878 Testis
2266 1824 2363 1878 est
2421 1814 2587 1877 Justi
2649 1813 2857 1896 Byrgii
2920 1812 3192 1875 minister

497 1909 1020 1984 automatopoeus,
1070 1904 1168 1983 qui
1215 1908 1524 1985 spectator
1569 1905 1716 1966 fuit:

1396 1985 1631 2060 §cinna
1670 1987 1833 2058 &toste
1871 1986 2008 2048 fiscia
2043 1982 2568 2059 Μηιαῶιτυῷιῐείῐ,
2605 1985 2738 2048 mis
2770 1983 3081 2058 habt-⁸⁸)-

581 2097 586 2102 ·
675 2082 1011 2144 Intervenit
1054 2083 1302 2144 tandem
1350 2092 1413 2143 et
1458 2082 1717 2164 Byrgius
1766 2084 1894 2164 ipse
1951 2083 2368 2162 cupidissimus
2434 2081 2661 2144 visendi
2722 2082 2899 2162 hujus
2944 2086 3192 2162 specta-

496 2171 652 2247 culi,
725 2172 831 2232 sed
888 2171 1017 2249 jam
1082 2171 1270 2232 nubes
1311 2169 1734 2233 adensissimae
1814 2174 1975 2233 circa
2045 2171 2411 2235 horizontem
2488 2177 2928 2252 occupaverant
2990 2167 3195 2231 Solem

498 2261 835 2323 cadentem.
952 2257 1219 2340 Cumque
1285 2260 1382 2321 diu
1449 2260 1704 2322 attentis
1766 2261 2014 2324 tandem
2073 2269 2375 2324 momento
2449 2259 2735 2340 temporis
2795 2259 3191 2330 dehiscerent,

496 2349 799 2413 maculam
845 2350 1080 2429 quidem
1125 2367 1235 2410 nos
1263 2348 1473 2429 reliqui
1520 2350 1798 2413 celeriter
1842 2351 2262 2431 conspeximus
2311 2351 2525 2432 quippe
2563 2351 2694 2430 jam
2742 2348 2989 2423 assueti,
3035 2348 3194 2429 Byr-

501 2441 664 2521 gium
703 2458 867 2513 vero,
916 2457 1089 2517 quem
1127 2448 1347 2502 testem
1375 2457 1512 2500 esse
1555 2439 1994 2519 percupiebam,
2041 2440 2174 2520 ipsa
2204 2440 2513 2503 festinatio
2551 2457 2844 2520 praeceps
2874 2446 2936 2499 et
2963 2455 3194 2500 rursum

499 2519 706 2591 coiens
752 2529 992 2590 nubium
1038 2528 1241 2590 hiatus
1307 2528 1648 2608 impedivit,
1713 2536 1782 2590 ut
1827 2529 2096 2610 quamvis
2154 2531 2312 2612 stylo
2376 2536 2774 2591 monstratam
2818 2527 3119 2590 maculam
3161 2546 3200 2585 a

501 2618 707 2699 specie
752 2617 992 2679 nubium
1041 2618 1552 2680 circumstantium
1598 2618 1938 2682 discernere
1988 2638 2099 2680 non
2132 2624 2357 2699 posset.
2427 2617 2572 2680 Solo
2612 2616 2767 2679 enim
2796 2624 2961 2679 motu
2989 2615 3198 2678 nubes‘

502 2707 744 2770 macula
806 2726 980 2768 vero·
1022 2707 1222 2787 quiete
1296 2708 1835 2770 internoscebatur.
1955 2709 2047 2769 At
2103 2708 2163 2768 in
2228 2716 2352 2770 tam

501 2796 674 2859 brevi
739 2796 1024 2875 temporis
1083 2802 1381 2859 momento
1437 2806 1634 2861 motus
1695 2798 1933 2859 nubium
1986 2815 2104 2859 non
2150 2796 2347 2877 potuit

489 2886 756 2965 -abipso
818 2885 1066 2966 percipi.
1151 2886 1362 2967 Itaque
1420 2887 1815 2967 phaenomeni
1872 2886 2110 2967 quidem
2166 2885 2346 2947 testis

504 2997 644 3042 esse
673 2994 788 3038 non
815 2975 1034 3057 potuit,
1071 2982 1137 3037 at
1177 2976 1671 3039 consentientium
1701 2983 2034 3038 nostrorum
2068 2976 2346 3038 testimo-

503 3067 738 3130 niorum
786 3064 964 3127 testis
1010 3072 1107 3126 est
1152 3065 1501 3127 luculentus
2505 3113 2569 3141 .-...
2649 3117 2657 3125 .

687 3158 838 3219 Post
883 3153 1044 3216 Solis
1089 3172 1364 3217 occasum
1412 3155 1650 3217 domum
1695 3173 2042 3217 reversurus
2095 3153 2352 3215 transivi
2421 3181 2465 3225 a,
2651 3157 2677 3166 “

509 3247 690 3327 apud·
719 3244 1064 3317 Matthiam,
1115 3263 1285 3323 quem
1334 3244 1768 3323 speculatorem
1818 3244 1876 3304 in
1925 3244 2053 3305 dies
2101 3252 2353 3324 quatuor
2465 3233 2473 3241 ¹
2593 3249 2609 3261 '¹

510 3335 983 3407 constitueram,
1033 3335 1339 3413 rogitans.
1386 3353 1524 3394 num
1571 3333 1711 3413 quid
1760 3332 2012 3398 vidisset
2057 3332 2246 3394 oculis
2292 3332 2353 3393 in

511 3426 717 3489 Solem
767 3424 957 3504 ipsum
998 3422 1288 3484 directis?
1334 3422 1519 3497 Nihil,
1567 3422 1891 3502 inquiebat,
1942 3422 2013 3483 de
2053 3440 2166 3503 quo
2204 3422 2352 3483 certi

467 3514 650 3598 *quid
723 3514 977 3576 haberet
1046 3512 1359 3573 affirmare.
1477 3510 1803 3593 Spectasse
1881 3510 2117 3592 quidem
2194 3512 2355 3572 circa

507 3603 753 3670 tertiam
802 3603 1029 3675 horam,
1078 3602 1234 3663 etin
1285 3608 1552 3664 extremo
1599 3601 1866 3680 margine
1900 3600 2087 3679 primo
2133 3600 2352 3662 intuitu

507 3693 702 3768 videri
761 3690 982 3772 aliquid
1046 3690 1454 3759 desiderasse,
1521 3689 1626 3750 sed
1685 3690 1961 3772 repetitis
2025 3689 2352 3764 obtutibus,

506 3792 744 3846 tantam
811 3780 898 3843 illi
965 3780 1307 3842 claritatem
1376 3780 1686 3854 obortam,
1759 3789 1827 3841 ut
1887 3780 2064 3859 plane
2140 3798 2354 3841 caecus

509 3874 708 3936 factus
755 3871 808 3932 si
873 3869 1011 3952 quid
1074 3869 1256 3932 etiam
1306 3868 1535 3952 ,fuisset
1601 3869 1913 3948 agniturus
1971 3887 2088 3930 non
2155 3867 2352 3930 suerit.

511 3959 667 4026 Cum
714 3962 788 4023 de
817 3960 999 4043 plaga
1046 3958 1332 4040 marginis
1368 3977 1663 4039 rogarem,
1712 3955 2078 4039 superiorem
2123 3965 2354 4039 promte

505 4044 860 4132 respondit:
911 4048 971 4109 id
1009 4058 1140 4110 erat
1186 4055 1645 4110 consentaneum
1675 4047 1769 4116 iis,
1818 4066 1971 4129 quae
2000 4047 2131 4128 ipse
2180 4046 2352 4108 vide-

510 4161 657 4206 ram.
749 4140 906 4202 Nam
956 4139 1110 4219 quod
1157 4146 1252 4199 est
1296 4138 1354 4198 in
1420 4138 1588 4199 radio
1651 4137 1844 4210 infra,
1907 4136 1965 4197 in
2025 4136 2194 4199 coelo
2257 4141 2352 4197 est
2569 4185 2573 4189 .
2621 4154 2625 4181 2
3054 4185 3070 4211 ς

513 4251 714 4312 supra.
809 4228 934 4290 Sed
998 4247 1131 4290 cum
1192 4227 1468 4289 dextrum
1523 4246 1598 4287 an
1655 4226 1958 4287 sinistrum
2022 4225 2349 4305 marginem
2598 4245 2793 4309 :3:2-
2826 4221 2983 4321 ᾗ,
3011 4227 3094 4269 -··’·
3167 4241 3178 4305 >j

503 4321 815 4403 juberetur
860 4318 1133 4398 prodere,
1179 4316 1355 4377 valde
1414 4314 1743 4377 haesitavit
1786 4321 1852 4375 et
1896 4316 2052 4396 quod
2098 4313 2349 4394 denique
2457 4362 2461 4364 a
2596 4369 2741 4397 ,-.
2773 4369 2789 4389 ,,
2862 4377 2866 4393 ,
2929 4317 2938 4349 ²

511 4409 743 4474 invenit
790 4408 1098 4472 excutiens
1127 4405 1490 4479 memoriam,
1540 4404 1599 4466 id
1633 4405 1996 4467 contrarium
2034 4403 2351 4467 videbatur
2457 4449 2480 4481 ·.‚.
2593 4401 2641 4469 Ξ-
2664 4430 2667 4431 ’
2822 4425 2826 4433 ·

513 4500 588 4563 iis
636 4518 786 4581 quae
834 4516 946 4578 ego
994 4496 1134 4558 vidi.
1225 4495 1382 4557 Nam
1437 4493 1580 4556 mihi
1644 4494 1881 4555 macula
1934 4494 2224 4574 vergebat
2271 4492 2349 4553 ad
2555 4501 2693 4557 v,74-2·
2729 4533 2737 4565 Ι.

515 4590 821 4652 sinistram
869 4588 1113 4648 schema
1165 4584 1543 4664 inspicienti:
1602 4583 1806 4645 debuit
1852 4584 2032 4664 igitur
2076 4585 2133 4645 in
2183 4582 2346 4643 coelo
2457 4633 2481 4637 -
2569 4609 2598 4624 2

517 4680 793 4743 similiter
853 4678 931 4739 ad
994 4676 1299 4738 sinistram
1365 4691 1611 4752 vergere
1684 4672 1913 4735 coelum
1989 4670 2348 4753 inspicienti,
2545 4678 2669 4757 42-

518 4772 649 4853 ipse
696 4770 774 4831 ad
822 4768 1096 4829 dextram
1156 4763 1473 4827 deflexisse
1530 4761 1909 4843 opinabatur.
2002 4761 2128 4825 Sed
2174 4758 2348 4823 facile
2457 4761 2485 4841 ζ
2954 4821 3005 4845 ,-
3162 4825 3170 4841 .-

517 4879 595 4922 ex
639 4856 1038 4921 haesitatione
1099 4853 1407 4935 apparuit,
1482 4853 1798 4914 memoriae
1863 4850 2095 4931 lapsum
2158 4851 2347 4912 iuter·
2453 4852 2614 4926 .‘
2649 4869 2726 4937 -22
2752 4917 2769 4921 ,
2843 4905 2863 4921 ι.
2963 4851 2996 4889 9
3032 4853 3174 4921 2}

517 4950 721 5013 venire
769 4946 1057 5030 potuisse.
1133 4947 1269 5025 Ipse
1299 4943 1513 5023 quippe
1550 4942 1831 5022 majorem
1867 4941 2125 5022 aliquam
2155 4958 2346 5021 quau·
2457 4948 2477 5021 τὲ
2693 4945 2711 4953 “
2967 4934 2986 4945 “
3026 4955 3030 4965 ·

516 5041 759 5152 ιίιαοιειιι
823 5036 1088 5100 maculae
1108 5081 1127 5110 ,
1185 5053 1361 5116 quam
1419 5038 1555 5094 erat
1609 5030 1731 5095 ista
1750 5076 1767 5105 ,
1833 5032 2229 5112 quaerendam
2287 5033 2353 5089 et
