3692 5842
365 503 438 570 452
792 500 894 553 Literae
912 502 1015 567 Kepleri
1034 502 1184 568 aliorumque
1202 459 1313 552 irrttttrtta¹

374 682 608 756 constitutione,
634 680 782 742 adornata
804 682 966 742 seeundum
1001 680 1127 760 quinque
1161 698 1287 758 corpora
1317 678 1478 758 regularia.
1524 677 1637 740 Testes
1661 677 1726 739 illae

376 772 520 846 ,Lunas“
547 792 632 844 esse,
663 770 814 831 concludit
836 771 1004 849 Keplerus,
1040 769 1203 829 incolarum
1232 768 1261 828 in
1285 768 1363 829 Jove
1386 766 1557 829 homiuibus
1580 767 1612 829 in
1636 767 1728 828 Terra

371 862 659 941 comparandorum,
697 878 764 918 nam
800 858 973 937 „quaeritur
1005 859 1051 918 cui
1085 857 1161 917 bono
1196 856 1391 917 discursitent
1423 865 1552 937 quatuor
1588 856 1727 935 planetae

373 950 452 1011 circa
470 948 587 1017 Jovem,
612 948 636 1008 si
662 948 735 1008 milli
759 956 829 1007 sunt
852 945 880 1007 in
904 946 993 1008 Jovio
1017 945 1117 1025 globo,
1142 946 1191 1025 qui
1216 945 1425 1007 admirandam
1448 943 1526 1006 hanc
1550 944 1727 1006 varietatem

374 1038 435 1099 suis
460 1046 566 1099 notent
589 1036 724 1097 oculis?“

457 1126 557 1199 Multi,
583 1145 648 1187 cum
673 1124 779 1204 quibus
805 1124 953 1202 Keplerus
977 1140 1030 1201 per
1054 1122 1159 1183 literas
1182 1122 1230 1181 rel
1253 1140 1397 1204 praesens
1422 1120 1459 1180 de
1484 1119 1628 1182 Galilaeo
1655 1140 1725 1182 con·

370 1216 557 1286 versabatur,
583 1223 675 1274 antea
698 1212 789 1286 dubii,
817 1210 1098 1286 „Dissertationo“,
1124 1211 1208 1289 cujus
1231 1229 1375 1272 summam
1399 1229 1491 1288 supra
1510 1210 1725 1288 proposuimus,

370 1304 453 1377 moti,
478 1305 639 1364 veritatem
664 1321 776 1374 eorum,
802 1321 876 1380 quae
893 1300 1050 1362 Galilaeus
1076 1300 1102 1360 in
1128 1300 1212 1360 coelo
1232 1320 1310 1361 nova
1328 1300 1498 1371 detexerat,
1523 1309 1725 1376 agnoverunt;

369 1392 419 1452 alii
444 1411 515 1452 vero
531 1391 676 1452 obstinati
692 1409 753 1451 rem
770 1390 932 1465 negabant.
967 1390 1010 1451 Ut
1029 1390 1097 1448 illos
1117 1389 1317 1463 confirmaret,
1341 1388 1388 1449 his
1408 1387 1619 1466 persuaderet,
1645 1387 1724 1465 Kep-

372 1482 451 1541 lerus
477 1479 808 1548 ,Dissertatioui“
835 1478 952 1539 addidit
979 1477 1305 1550 ,Narrationem“,
1329 1477 1358 1537 in
1382 1494 1441 1554 qua
1465 1496 1502 1536 ea
1522 1475 1628 1547 refert,
1654 1494 1723 1554 quae

372 1569 438 1649 ipse
464 1568 569 1628 diebus
593 1589 612 1627 a
634 1565 687 1630 30.
713 1567 844 1642 August-i
870 1568 907 1627 ad
942 1563 970 1628 9.
996 1564 1184 1644 Septembris
1208 1566 1279 1628 anni
1307 1561 1391 1627 1610
1423 1565 1626 1635 observarat,
1658 1565 1723 1626 tubo

374 1677 446 1718 usus
469 1675 574 1735 parum
608 1656 792 1724 excellente,
826 1674 911 1734 quem
946 1655 1003 1733 ipsi
1035 1653 1220 1728 „Ernestus,
1256 1653 1510 1732 Archiepiscopus
1535 1651 1723 1715 Coloniensit

374 1746 593 1811 commodavit.
633 1766 651 1805 a
684 1743 824 1806 Galilaeo
862 1744 918 1804 sibi
957 1744 1080 1803 missum
1118 1744 1252 1804 dicens.“
1310 1742 1405 1821 Hujus
1442 1741 1635 1803 instrumenti
1671 1741 1722 1801 ad·

369 1835 515 1914 jumento,
540 1841 700 1911 praesento
725 1831 899 1910 Benjamino
924 1832 1034 1893 Ursino
1059 1839 1091 1892 et
1123 1832 1191 1891 aliis
1223 1832 1381 1910 conspexit
1403 1831 1490 1891 Jovis
1522 1830 1674 1891 satellites
1694 1841 1722 1890 et

372 1924 478 1985 Lunae
509 1923 663 1996 maculaS,
697 1930 727 1981 et
764 1922 871 1994 „fidem
906 1931 1095 1981 narratorum
1120 1918 1250 1982 Galilaei
1285 1918 1467 1981 sufficienter
1499 1919 1719 1981 confirmatam*
1752 1965 1760 1974 .

373 2012 482 2085 habet,
518 2019 550 2071 ut
584 2012 678 2071 lector
713 2029 817 2081 ,suam
842 2027 1021 2088 suorumque
1045 2009 1167 2069 testium
1195 2011 1282 2071 fidem
1315 2018 1455 2080 secutus,
1490 2008 1569 2070 omni
1594 2007 1721 2087 seposita

373 2098 560 2160 dubitatione
584 2099 743 2159 veritatem
768 2099 954 2176 patefactam
979 2098 1158 2176 agnoscat.“
1197 2098 1355 2175 Duplicem
1378 2097 1465 2156 finem
1480 2107 1658 2177 persecutus
1679 2107 1719 2156 est

372 2188 521 2266 Keplerus
546 2187 574 2247 in
599 2188 694 2247 lucem
719 2187 809 2246 edens
829 2187 906 2248 hanc
923 2186 1187 2262 ,narrationum
1213 2187 1296 2248 illam
1320 2203 1407 2265 quam
1432 2185 1575 2253 diximus,
1601 2197 1636 2246 ut
1656 2203 1718 2264 per-

373 2277 516 2337 suaderet
538 2275 655 2348 dubiis,
681 2284 711 2335 et
735 2275 835 2349 illam,
862 2284 895 2336 ut
917 2275 1191 2348 calumniatoribus,
1217 2275 1267 2354 qui
1288 2272 1403 2353 passim
1430 2285 1537 2335 contra
1557 2271 1718 2336 Galilaeum

373 2373 479 2445 aperte
505 2373 537 2424 et
560 2365 676 2425 occulte
701 2363 959 2437 machinabantur,
985 2363 1137 2424 silentium
1161 2364 1338 2442 imponeret.

463 2453 611 2533 Keplerus
636 2472 724 2531 quum
747 2452 873 2530 primum
897 2453 1008 2513 certior
1032 2453 1130 2512 factus
1155 2460 1202 2513 est
1226 2453 1263 2512 de
1288 2451 1418 2512 Galilaei
1443 2450 1664 2512 defectionibus
1684 2448 1715 2509 ad

374 2541 539 2620 Georgium
564 2542 728 2601 Zuccarum
753 2541 969 2613 (Fnccarum?)
1003 2541 1151 2602 Venetia<
1175 2541 1367 2619 perscripsit,
1393 2558 1559 2619 quaerens,
1584 2557 1642 2618 quo
1661 2539 1715 2600 loce

373 2639 456 2692 osset
488 2630 560 2692 res?
606 2630 844 2709 Responsionem
875 2631 1020 2703 Zuccari,
1062 2649 1166 2708 pamm
1202 2630 1346 2691 benevolo
1384 2628 1414 2689 in
1448 2627 1621 2689 Galilaeum
1650 2647 1713 2688 con·

373 2720 517 2797 scriptam
551 2718 670 2791 animo,
702 2725 812 2779 testem
845 2719 989 2779 habemus
1022 2738 1190 2793 rumorum,
1225 2719 1273 2798 qui
1307 2726 1368 2778 tum
1400 2718 1544 2798 temporis
1579 2715 1712 2784 Venetis,

371 2808 455 2869 brevi
474 2816 545 2886 post
568 2806 597 2867 in
622 2807 723 2867 multis
748 2808 815 2867 aliis
840 2807 948 2867 ltaliae
973 2807 1094 2868 urbibus
1115 2810 1151 2869 do
1177 2809 1226 2869 illo
1250 2806 1494 2884 divulgabantur.
1533 2807 1618 2867 llaec
1638 2804 1714 2883 igitar

310 2926 312 2931 ·
372 2896 525 2957 Zuccarus
559 2891 628 2968 (16.
661 2893 726 2956 Cal.
759 2896 834 2975 Maj.
868 2892 987 2968 torm:
1022 2898 1060 2957 ad
1096 2896 1227 2958 Galilaei
1259 2896 1408 2957 Nnncium
1442 2896 1618 2956 aethereum
1648 2891 1712 2974 qood

374 2983 505 3057 attinet,
536 2984 646 3045 dudum
671 2984 709 3043 ad
732 3004 838 3045 manus
862 3003 946 3046 meas
970 2986 1110 3046 devenit:
1145 2996 1178 3046 at
1205 2986 1275 3064 quia
1299 2983 1401 3045 multis
1427 2985 1456 3046 in
1481 2984 1582 3058 studio
1607 2981 1711 3043 mathe-

375 3091 444 3133 seos
469 3073 599 3132 versatis
624 3073 776 3134 discursus
801 3073 904 3133 aridus
928 3093 982 3134 seu
1006 3075 1118 3151 absquo
1144 3073 1578 3152 fundamentisphilosophicis
1602 3071 1712 3151 palliata

376 3161 541 3223 ostentatio
574 3161 714 3231 videtur,
754 3163 791 3222 ad
825 3161 857 3222 S.
893 3161 1035 3223 Caesaris
1067 3163 1264 3242 Majestatem
1297 3163 1414 3222 mittero
1448 3182 1542 3222 ausus
1578 3179 1635 3221 non
1670 3157 1711 3220 fni.

373 3250 469 3313 Novit
492 3257 524 3309 et
547 3249 626 3310 solet
649 3249 737 3310 homo
762 3252 811 3312 ille
836 3251 962 3311 aliorum
977 3252 1081 3330 pennis
1105 3252 1173 3312 hinc
1196 3252 1264 3312 indo
1280 3251 1425 3324 collectis,
1450 3251 1492 3312 uti
1517 3269 1625 3311 corvus
1647 3245 1711 3328 apud

374 3340 546 3417 Aesopum,
576 3357 608 3397 se
640 3339 801 3411 decorare,
835 3340 1083 3419 quemadmodum
1117 3349 1147 3400 et
1179 3340 1331 3401 artificiosi
1366 3339 1445 3401 illius
1478 3339 1644 3419 perspicilli
1673 3337 1710 3394 in-

373 3436 480 3488 ventor
503 3426 607 3487 haberi
632 3429 706 3500 vult,
733 3448 799 3488 curn
824 3437 923 3489 tamen
950 3429 1069 3507 quidam
1092 3430 1199 3507 Belga,
1223 3449 1275 3508 per
1295 3427 1427 3489 Galliam
1452 3429 1481 3488 in
1507 3430 1599 3489 hasce
1622 3435 1709 3505 partes

373 3518 535 3593 profectus,
561 3514 686 3594 primum
711 3517 768 3578 huc
788 3517 934 3587 attulerit,
960 3518 1038 3595 quod
1062 3518 1156 3595 ipsum
1181 3517 1250 3578 mihi
1275 3525 1306 3577 et
1330 3517 1398 3578 aliis
1422 3526 1580 3578 ostensum
1606 3517 1667 3582 mir.
1686 3527 1709 3570 0¹

373 3614 405 3665 ut
430 3604 588 3666 Galilaeus
612 3604 697 3677 vidit,
722 3606 784 3665 alia
807 3606 844 3665 ad
870 3604 1068 3666 imitationem
1092 3607 1230 3680 confecit,
1257 3614 1347 3684 atque
1372 3606 1484 3685 aliquid
1511 3608 1622 3679 forsan,
1647 3599 1710 3685 quod

371 3693 462 3755 facile
487 3701 543 3766 est,
569 3693 701 3753 inventis
726 3693 852 3754 addidit.

461 3783 627 3858 Acceptam
643 3782 765 3860 Kepleri
784 3782 1077 3854 „Dissertationem“
1105 3782 1180 3842 idem
1205 3783 1298 3843 refert
1321 3782 1429 3854 verbis,
1456 3803 1472 3841 e
1497 3783 1605 3863 quibus
1627 3799 1711 3860 appa·

374 3878 431 3934 ret.
457 3870 621 3930 Zuccarum
638 3890 728 3930 sensa
743 3871 865 3948 Kepleri
890 3890 947 3930 non
972 3870 1153 3949 percepisse,
1178 3879 1210 3930 et
1224 3872 1386 3949 persistere
1406 3872 1434 3930 in
1460 3872 1599 3951 opinione
1622 3879 1713 3932 eamn

373 3956 545 4017 Galilaeum
572 3967 641 4018 ante
666 3968 823 4036 concepta.
870 3960 953 4019 llaec
978 3959 1055 4019 enim
1089 3960 1171 4019 dedit
1196 3960 1326 4037 Keplero
1359 3960 1453 4030 (Ven.
1490 3980 1518 4021 a.
1544 3962 1573 4020 d.
1599 3959 1629 4022 5.
1657 3955 1712 4018 Cal.

373 4043 455 4105 Jnnii
484 4044 595 4118 totth:
621 4048 658 4106 ad
684 4048 836 4125 proximas
864 4049 940 4125 (ruod
966 4048 1162 4125 respondeam
1188 4067 1245 4108 non
1270 4048 1384 4122 habeo,
1414 4043 1713 4129 praeterquamquod

377 4134 523 4194 disertam
547 4155 619 4193 sane
654 4135 898 4196 dissertationem
931 4137 959 4195 in
986 4134 1118 4196 Galilaei
1141 4137 1289 4198 huncium
1311 4138 1441 4216 perlegi,
1474 4158 1511 4199 ex
1537 4157 1596 4217 quo
1625 4137 1667 4204 is.
1692 4131 1713 4190 ti

377 4220 457 4294 vult,
490 4223 605 4282 larvam
637 4223 693 4283 sibi
731 4225 900 4285 detractam
936 4224 1025 4284 facile
1059 4225 1273 4303 deprehendet.
1328 4226 1379 4286 Ad
1413 4227 1617 4305 perspicillum
1648 4219 1713 4303 quod

374 4310 505 4385 attinet,
540 4310 684 4387 ejusmodi
718 4310 750 4371 S.
777 4310 811 4374 C.
837 4313 996 4390 Majestati
1030 4331 1098 4373 mox
1132 4314 1394 4375 transmittendum
1426 4334 1543 4376 summa
1573 4311 1714 4392 diligentia

377 4398 481 4459 confici
506 4398 617 4458 curavi.

465 4485 527 4546 Sed
560 4505 618 4545 non
651 4493 767 4546 tantum
799 4488 938 4549 Venetiis
972 4487 1130 4550 Galilaeus
1171 4491 1247 4549 male
1279 4489 1432 4550 audiebat.
1490 4491 1662 4560 Bononiae,
1690 4485 1714 4546 io

375 4572 571 4634 celeberrima
591 4574 645 4633 illa
668 4575 822 4634 academia
837 4577 957 4641 Italiae,
983 4597 1039 4636 non
1065 4579 1189 4638 meliora
1209 4578 1252 4639 illi
1275 4592 1451 4640 evenerunt.
1484 4579 1641 4640 Johannes
1658 4580 1714 4639 ho·

374 4661 474 4721 tonius
498 4661 686 4738 lllaginus,
721 4662 799 4721 inter
832 4672 1022 4725 astronomos
1055 4685 1127 4726 suae
1160 4668 1274 4727 aetatis
1307 4675 1339 4725 et
1362 4666 1482 4744 patriae
1506 4667 1714 4730 celeberrimo.

372 4749 528 4825 professor
551 4749 612 4808 illic
641 4749 825 4821 matheseos,
852 4760 968 4810 tantum
994 4754 1090 4814 abfuit
1114 4763 1147 4815 nt
1171 4754 1391 4816 obtrectatores
1415 4756 1581 4829 refutaret,
1614 4765 1647 4818 nt
1667 4749 1716 4814 illis

377 4853 410 4893 se
430 4836 614 4897 subobscure
636 4837 824 4898 immisceret.
867 4838 987 4900 Testem
1014 4841 1157 4903 habemus
1172 4843 1336 4904 Martinam
1352 4843 1542 4917 Horkium,
1567 4844 1715 4906 Bobemutt

378 4921 674 4995 (Lochowicenum),
708 4923 756 5002 qni
780 4924 899 5001 Pragae
923 4926 1046 5005 Kepleri
1079 4950 1150 4991 usus
1180 4931 1386 4992 familiaritate
1409 4931 1507 4993 literis
1530 4951 1650 5012 operam
1671 4931 1715 4988 de·
