3692 5842
235 509 301 579 596
657 506 759 556 nesrac
778 504 880 569 Kopion
899 504 1051 570 moramque
1069 507 1173 553 mauu

237 693 286 752 lta
309 694 417 749 natura
440 685 534 765 primo
560 683 649 745 docet
672 702 760 745 aures
783 699 949 760 agnoscere
977 679 1112 760 quintam
1136 677 1180 754 G,
1204 679 1246 756 D,
1272 687 1306 742 et
1328 687 1468 762 quartam
1493 679 1538 752 G.
1561 680 1593 757 C,

237 788 308 840 tunc
341 776 420 838 inter
443 772 479 848 (l,
503 773 532 835 D
556 773 651 853 major
683 780 772 832 tonus
806 769 1006 831 constituitur.
1054 766 1107 829 Sic
1134 768 1232 842 auris,
1262 768 1406 849 judicans
1429 769 1468 831 de
1491 781 1594 851 quarta

238 864 278 940 G,
304 864 329 929 C
353 865 444 925 etde
468 862 561 923 tertia
591 861 674 923 molli
699 859 738 933 G,
762 860 802 931 Β,
829 857 948 935 judicat
970 866 1003 918 et
1025 858 1062 917 de
1091 866 1163 919 tono
1191 857 1306 920 minore
1329 857 1371 926 B,
1396 855 1424 920 C
1445 877 1503 938 per
1524 877 1593 921 cou-

238 952 436 1033 sequentiam.
475 951 589 1012 Verum
614 957 672 1020 cst,
696 949 720 1008 si
741 965 844 1007 ornnes
869 956 956 1008 tonos
976 945 1083 1007 leceris
1101 937 1151 1027 Ἃ,
1176 945 1276 1007 omnia
1298 946 1463 1008 semitonia
1481 940 1593 1026 mim,

240 1061 299 1104 unu
322 1059 394 1103 vero
423 1031 506 1120 ἰδίω,
531 1039 618 1118 idque
642 1056 708 1098 cum
733 1035 862 1097 Boethio
885 1043 956 1095 tunc
985 1053 1072 1102 aures
1096 1052 1162 1106 nou,
1179 1034 1266 1096 facile
1290 1034 1445 1097 sentient:
1475 1043 1510 1097 at
1530 1046 1594 1098 tuuc

240 1131 323 1193 nulla
346 1130 450 1191 harum
474 1126 697 1206 proportionum
712 1132 815 1184 ruanet
833 1116 883 1204 Ἄ,
908 1113 988 1204 ¹⁵l„,
1014 1124 1069 1184 sed
1092 1123 1203 1201 prolis
1227 1131 1316 1185 eruut
1334 1116 1420 1204 “lw
1457 1125 1505 1186 At
1526 1143 1594 1205 quae

239 1240 332 1282 causa
368 1217 429 1289 sit,
460 1234 512 1277 cur
544 1214 726 1292 triangulum
751 1221 783 1273 et
812 1212 1048 1291 quadrangulum
1082 1221 1226 1291 generent
1255 1211 1511 1286 concordantias,
1543 1231 1593 1274 uon

240 1312 386 1386 generent
417 1304 670 1383 quinquangulum
699 1310 730 1362 et
758 1300 979 1379 sexangulum?
1011 1300 1184 1370 Eeontra,
1213 1301 1239 1360 si
1272 1309 1363 1362 tonos
1395 1302 1592 1364 ordinaveris:

240 1391 292 1475 ⁸lss
322 1386 388 1475 ⁹stoi
422 1386 501 1474 ¹⁵lios
540 1387 588 1475 ⁸sss
623 1383 689 1473 ⁹lios
725 1382 774 1470 ⁸ls2
813 1383 893 1468 mltos
923 1395 959 1448 ¹¹⁸⁶
988 1389 1098 1467 fidum
1128 1389 1282 1466 “dmm
1312 1389 1422 1452 ΜΨ
1454 1391 1593 1471 “quma

242 1495 313 1547 tuuc
337 1500 424 1543 aures
447 1481 542 1542 multo
567 1480 663 1559 magis
688 1486 775 1539 erunt
798 1486 968 1538 contentae.
1007 1475 1096 1547 Quod
1119 1476 1212 1555 igitur
1234 1497 1324 1539 aures
1347 1477 1487 1540 indubio
1509 1479 1592 1541 reliu-

243 1579 346 1653 quunt,
370 1569 447 1632 ratio
471 1568 622 1630 tutissime
647 1565 799 1645 dijudicat.

332 1659 400 1720 Nou
424 1658 544 1736 probas,
571 1657 648 1736 quod
673 1656 784 1716 Terrae
812 1652 926 1714 similes
951 1652 1029 1714 facio
1058 1653 1174 1715 stellas.
1223 1653 1307 1732 Lege
1331 1672 1406 1734 ergo
1430 1653 1459 1714 iu
1484 1652 1592 1734 Opticis

246 1747 339 1826 (Gap.
365 1748 419 1807 Vl.
444 1743 500 1818 2.),
527 1764 602 1824 quae
627 1745 663 1805 de
688 1744 775 1804 Luna
805 1741 991 1821 scripserim,
1021 1742 1099 1802 torte
1128 1741 1295 1821 poenitebit
1317 1750 1348 1804 te
1372 1743 1509 1823 rejectae
1532 1761 1593 1806 seo·

245 1836 371 1908 tentiae,
396 1841 449 1895 aut
472 1834 606 1896 rationes
630 1833 659 1894 iu
684 1831 865 1892 contrarium
889 1829 1057 1908 conquires.

334 1924 457 1984 Terram
480 1927 625 1984 stratocles
647 1920 786 1982 concedis
794 1937 804 1993 ;
828 1918 853 1979 si
878 1917 1086 1997 Copernicum‚
1111 1916 1137 1979 si
1161 1936 1258 1979 meum
1277 1918 1458 2000 Mysterium
1475 1919 1592 1983 Cosmo-

243 2012 418 2094 graphicum
441 2019 511 2072 ante
540 2009 573 2072 ll
602 2029 696 2071 anuos
721 2009 844 2079 editum,
868 2009 895 2069 si
919 2006 1145 2069 Commentario
1168 2005 1277 2068 Martis
1305 2008 1435 2087 legeris,
1461 2008 1594 2070 fateberis

244 2102 347 2176 etiam,
372 2104 523 2178 qepeodus
545 2099 626 2159 circa
649 2098 761 2160 Solem.

331 2190 464 2250 Brunum
479 2187 595 2249 Rourac
619 2195 784 2248 crematum
808 2203 845 2244 ex
859 2183 987 2245 Domino
1006 2182 1189 2244 Wackherio
1213 2182 1324 2258 didici;
1349 2185 1404 2258 ait,
1430 2194 1595 2247 constanter

244 2278 423 2358 supplicium
447 2276 562 2338 tulisse.
611 2275 801 2353 Religionum
826 2272 956 2333 omnium
981 2271 1147 2333 vanitatem
1171 2272 1315 2342 asseruit,
1340 2272 1442 2335 Deum
1465 2274 1494 2334 iu
1517 2293 1594 2335 muu-

244 2368 325 2441 dum,
349 2366 380 2427 iu
404 2364 541 2439 circulos,
566 2365 594 2425 in
618 2372 729 2445 puncta
752 2361 910 2422 convertit.

333 2454 382 2515 De
404 2454 520 2514 Thoma
543 2452 667 2514 Finclrio
690 2451 762 2513 nibil
787 2456 918 2521 constat,
943 2446 1000 2508 nisi
1025 2447 1101 2527 quod
1124 2445 1243 2508 Braheo
1268 2466 1305 2508 ex
1328 2448 1431 2511 insula
1446 2449 1594 2522 (Euenos)

245 2543 410 2605 excedente
444 2543 539 2604 fertur
562 2564 581 2603 a
604 2540 688 2619 Rege
722 2540 830 2600 missus
853 2538 883 2598 in
908 2536 1052 2608 insulam,
1086 2535 1350 2598 instrumentorum
1385 2557 1463 2618 quae
1494 2539 1594 2619 partim
1631 2595 1636 2608 ,

245 2639 334 2695 eraut
356 2632 464 2693 relicta
487 2631 597 2692 molem
621 2629 797 2690 admiratus.
835 2627 941 2703 ltaque
957 2623 1142 2706 Tychouiaui
1158 2642 1215 2684 uon
1235 2632 1307 2685 snut
1326 2626 1369 2688 illi
1394 2626 1486 2687 ualde
1509 2627 1595 2706 aequi,

245 2740 300 2783 nec
321 2727 395 2802 puto
418 2719 513 2798 ipsius
537 2718 675 2779 notitiam
699 2734 813 2777 curare.

334 2826 381 2875 His
399 2823 470 2875 addit
487 2824 611 2888 Keplerus
639 2836 730 2887 pauca,
758 2833 822 2886 quae
850 2818 1002 2870 exhibuimus
1031 2824 1116 2867 annot.
1136 2813 1187 2874 66,
1216 2823 1291 2880 atqua
1319 2817 1381 2869 binc
1409 2820 1464 2870 adit
1492 2819 1596 2885 opilea·

201 2921 203 2926 ·
246 2896 338 2962 (comp.
356 2909 415 2960 pag.
435 2893 469 2943 60
487 2893 542 2956 sa).
580 2894 756 2957 Responsionis
783 2891 967 2954 Breuggeri
995 2886 1075 2950 (dd.
1100 2885 1125 2936 8.
1145 2887 1204 2939 Juu.
1227 2885 1308 2947 1608)
1335 2889 1455 2958 pleraque
1483 2895 1596 2956 μή.

248 2969 282 3019 ad
301 2968 425 3032 Opticam,
444 2966 487 3015 ubi
505 2966 620 3031 leguntur
638 2981 662 3028 p.
683 2961 725 3013 65.
763 2963 808 3022 Ea,
828 2974 892 3026 quae
910 2962 1047 3024 praemissa
1065 2966 1188 3023 spectant.
1208 2959 1272 3009 baec
1290 2969 1366 3011 suut:

336 3054 483 3104 Distributio
501 3054 554 3103 toni
572 3055 671 3115 majoris
690 3060 715 3102 et
733 3052 832 3100 minoris
851 3064 868 3098 a
879 3056 905 3098 te
924 3049 1049 3112 descripta
1066 3047 1125 3096 mihi
1142 3062 1191 3097 uon
1210 3047 1333 3112 displicet,
1353 3056 1381 3099 at
1392 3049 1442 3102 bot
1460 3049 1596 3102 mes-os

247 3126 333 3184 habet,
352 3125 417 3191 quod
436 3124 525 3189 duplex
544 3125 605 3173 iacit
623 3125 786 3182 diatessaron,
807 3124 888 3183 majus
907 3128 933 3169 et
951 3121 1040 3176 miuus,
1060 3127 1088 3168 ut
1106 3118 1146 3168 hic
1165 3119 1240 3168 rides.

442 3214 465 3262 D
680 3213 700 3260 E
915 3208 934 3255 F
1148 3208 1170 3257 G
1386 3209 1409 3257 A

480 3278 577 3301 φ,
585 3276 669 3297 *sa
714 3271 905 3297 Μ
944 3269 1145 3298 a&
1183 3269 1376 3294 Μ

491 3317 564 3360 tonus
582 3311 661 3359 minor
726 3308 882 3356 semitonium
965 3311 1018 3353 ton.
1037 3306 1115 3365 major
1187 3311 1259 3353 tonus
1278 3307 1358 3367 major

537 3373 1117 3416 Μ’

694 3433 849 3481 diatessaron
868 3431 948 3477 minus

726 3496 1347 3617 W

337 3670 403 3721 Nam
421 3678 511 3735 quarta
529 3671 563 3728 D,
583 3670 605 3718 G
624 3677 721 3720 constat
740 3676 798 3718 tono
822 3672 931 3732 majore,
957 3670 1051 3718 minore
1077 3677 1102 3719 et
1127 3670 1274 3728 semitonio;
1301 3676 1329 3719 at
1347 3677 1439 3734 quarta
1458 3669 1489 3726 Ε,
1507 3672 1529 3720 Δ
1549 3684 1596 3720 aaa·

249 3747 302 3791 stat
320 3758 350 3791 ex
369 3741 463 3791 duobus
491 3743 556 3790 tonis
583 3742 717 3803 majoribus
745 3756 800 3790 eum
828 3742 965 3789 semitonio.
1005 3739 1087 3799 Quam
1116 3740 1281 3790 differentiam
1308 3741 1397 3790 musici
1425 3740 1548 3792 bactsuus
1568 3739 1598 3790 tul

249 3814 402 3876 ignoramut,
421 3812 459 3860 vel
478 3813 575 3861 silentio
594 3814 789 3875 praeterierunt,
817 3825 892 3860 unam
917 3812 1039 3859 duntaxat
1067 3811 1222 3861 diatessaron
1250 3813 1433 3875 proportionem
1461 3819 1596 3862 statuentes

248 3882 318 3931 Idem
337 3882 368 3931 de
386 3883 503 3945 diapente
531 3882 679 3938 dicendum,
705 3884 770 3946 quod
788 3882 873 3930 itidem
893 3882 982 3944 duplex
1000 3883 1087 3932 musici
1115 3882 1342 3945 deprehenderunt,
1370 3886 1454 3946 majus
1473 3883 1564 3932 seilicet
1578 3891 1599 3930 st

249 3954 346 4009 miuus,
366 3960 394 4001 at
411 3966 463 4001 uua
480 3956 601 4017 proportio
623 3948 652 4014 ⁸l,
674 3955 769 4017 utrique
789 3953 976 4003 constituendae
996 3953 1109 4002 sumcere
1127 3968 1177 4002 nou
1195 3960 1284 4017 potest
1312 3953 1398 4014 Quare
1417 3963 1446 4004 ut
1465 3955 1554 4018 duplas
1568 3961 1598 4002 Ι

249 4023 354 4087 quinta,
383 4022 505 4086 duplicem
533 4039 627 4088 quoque
654 4027 706 4086 ejus
734 4025 913 4088 proportionem
941 4029 1052 4072 statuere
1079 4038 1182 4074 necesse
1210 4026 1263 4073 erit
1301 4024 1371 4085 Quos
1391 4032 1419 4076 tu
1436 4024 1478 4076 bie
1497 4033 1598 4090 aspen!

248 4092 378 4159 produces,
397 4094 438 4157 qui
456 4096 572 4158 geminae
591 4103 694 4158 quartas
714 4102 739 4144 ct
757 4096 873 4159 geminae
891 4094 993 4157 quintae
1012 4093 1198 4158 respondeant?

337 4164 451 4214 Hortaris
469 4179 517 4218 me.
536 4172 565 4214 ut
583 4173 665 4214 tecum
684 4165 714 4215 de
733 4167 843 4229 genuina
861 4173 1005 4228 aspectuum
1025 4179 1102 4214 causa
1121 4165 1271 4223 deliberem
1291 4164 1336 4216 sed
1355 4179 1408 4215 ram
1424 4165 1493 4218 lianc
1510 4167 1589 4216 intrita

249 4236 336 4284 tioram
355 4236 434 4292 rideo,
453 4249 528 4298 quam
545 4243 574 4284 ut
591 4236 660 4285 illam
679 4237 780 4302 aggredi
800 4235 914 4285 audeam.

338 4305 405 4365 Quid
422 4320 492 4355 meus
505 4305 606 4355 Fiukiua
624 4307 718 4363 iecerit.
738 4308 803 4357 uude
823 4308 904 4356 odium
917 4307 1132 4368 Tychonisuorum
1150 4308 1276 4362 meruerit.
1295 4321 1345 4357 nou
1363 4307 1446 4358 video.
1480 4307 1508 4358 Si
1524 4309 1597 4356 ds-

251 4390 268 4425 a
285 4375 357 4441 Rege
374 4378 400 4426 iu
419 4377 525 4426 insulam
545 4378 622 4434 abiit,
651 4386 789 4442 spectatum
817 4380 981 4427 instrumenta
998 4379 1031 4426 ibi
1049 4378 1155 4432 relicta,
1182 4377 1306 4443 quidhoc
1332 4381 1420 4429 uoeuit
1437 4379 1550 4441 Tyebess'
1564 4385 1597 4426 Ι

248 4445 436 4507 Tychouianisi
468 4446 577 4504 Deinde,
597 4461 629 4496 an
648 4464 697 4497 non
717 4449 793 4513 Regis
819 4448 937 4497 mandato
962 4462 1048 4511 parere
1073 4462 1179 4513 aequum
1198 4448 1263 4498 luit?
1293 4448 1339 4500 Ille
1357 4463 1422 4500 saue
1441 4450 1500 4500 oiim
1518 4451 1543 4500 ia
1558 4449 1597 4496 ss's

250 4516 283 4566 ad
301 4532 340 4567 me
358 4517 434 4565 literis
453 4517 576 4579 'l'ycbonis
594 4518 690 4569 labores
709 4528 735 4569 et
752 4521 896 4569 industriam
915 4534 1011 4582 semper
1029 4522 1136 4569 maxime
1155 4519 1274 4575 laudarit,
1293 4527 1427 4584 propterea
1444 4535 1496 4572 uou
1513 4531 1596 4585 psam

249 4587 358 4636 animum
383 4588 501 4637 inducere
520 4595 548 4636 ut
566 4589 680 4646 credam,
709 4591 776 4640 illurn
804 4593 935 4655 quicquam
964 4592 1106 4641 auctoritati
1126 4599 1152 4641 et
1169 4590 1254 4640 honori
1273 4594 1327 4654 ejus
1345 4591 1486 4642 detraxisse
1504 4591 1541 4642 nt
1556 4589 1595 4639 alt

248 4659 344 4707 ratione
364 4672 420 4707 eum
438 4658 549 4708 laesisse.

336 4728 440 4778 lordaui
458 4729 534 4778 Bruui
555 4731 677 4780 insaniam
704 4732 786 4780 mirari
804 4734 866 4782 satis
889 4746 1002 4795 nequeo;
1031 4732 1090 4795 quid
1109 4731 1170 4781 lucri
1199 4732 1345 4797 acquisivit,
1372 4738 1459 4784 tutos
1486 4733 1595 4784 entis·

251 4798 417 4849 sustinendo?
437 4798 463 4849 Si
476 4800 557 4850 nullus
576 4809 642 4851 esset
655 4801 723 4851 Deus
742 4804 862 4852 scelerum
875 4803 964 4853 uindex
977 4801 1017 4863 [ut
1029 4804 1081 4866 ipse
1095 4801 1220 4864 credidit),
1240 4803 1360 4868 numquid
1372 4804 1476 4869 impuras
1492 4803 1594 4868 μή*

252 4867 367 4919 simulare
386 4869 489 4933 quidvis,
508 4878 536 4919 ut
554 4871 602 4921 lsac
621 4873 716 4922 ratione
735 4875 810 4922 vitain
829 4873 982 4924 redimeret?
1002 4899 1034 4908 —
