3692 5842
348 464 414 532 282
843 467 1015 517 minoratas
1033 464 1095 517 Para
1113 464 1212 531 Optica.

347 663 453 706 versus
478 644 552 705 disci
576 643 750 723 apparentis
773 635 1066 704 circumferentiam:
1091 644 1196 706 eadem
1217 643 1297 706 enim
1311 650 1343 705 et
1363 641 1489 705 visionis
1512 652 1546 706 et
1567 643 1711 707 iliustra-

347 734 439 795 tionis
470 741 519 794 est
550 732 650 794 ratio:
685 750 776 811 supra
809 751 879 794 vero
910 752 988 795 num.
1014 731 1043 795 5.
1078 732 1266 805 dicebamus,
1300 732 1327 793 si
1358 733 1486 811 angulus
1518 752 1577 814 qno
1601 733 1711 795 Lunae

347 840 455 902 corpus
478 830 636 901 spectatur
657 822 687 882 iu
712 821 869 882 duodecim
890 829 996 900 partes
1019 822 1161 902 aequales
1185 822 1345 896 dividatur,
1370 822 1514 884 minorem
1538 822 1711 903 superficiei

346 921 464 992 partem
493 910 588 972 videri
612 908 790 988 apartibus
819 911 919 989 anguli
954 910 1076 979 mediis,
1109 912 1254 990 majorem
1278 911 1316 971 ab
1345 912 1497 973 extremis.
1544 910 1712 974 Dividatnr

346 1008 473 1079 ergoet
504 999 631 1078 angulus
663 999 875 1061 illustrationis
904 1019 958 1061 seu
991 1000 1042 1060 lux
1075 999 1143 1078 ipsa
1170 1002 1198 1061 iu
1223 999 1340 1061 Lunam
1375 999 1486 1080 illapsa
1513 1000 1545 1061 in
1578 1000 1712 1062 totidem

346 1098 469 1167 partea3
508 1088 683 1149 tantundem
721 1087 812 1167 igitur
844 1087 918 1148 lucis
951 1088 1147 1167 respondebit
1185 1088 1352 1167 superficiei
1392 1088 1531 1167 partibus
1563 1090 1712 1150 extremis

346 1178 474 1255 magnis,
499 1186 641 1257 quantum
664 1176 851 1237 intermediis
875 1176 1026 1254 angustis,
1052 1195 1144 1256 qnare
1173 1178 1263 1238 latius
1291 1176 1447 1239 diducetnr
1473 1178 1525 1239 lux
1549 1178 1577 1239 in
1604 1185 1710 1240 extre-

347 1266 503 1328 mitatibus
527 1277 559 1325 et
582 1265 730 1344 obliquius
754 1266 878 1327 incidet.
920 1266 1057 1345 Denique
1081 1285 1147 1327 curn
1167 1268 1316 1347 λιπαυγεια
1339 1265 1461 1327 claudat
1483 1267 1710 1340 extremitates,

347 1376 502 1433 moysa
525 1354 653 1415 medinm
677 1365 812 1433 occupet,
838 1355 967 1415 medium
991 1355 1092 1435 itaque
1116 1355 1227 1417 clarius
1250 1355 1319 1416 erit.

435 1444 502 1522 Ego
525 1462 596 1504 vero
620 1444 694 1504 nihil
718 1443 764 1504 his
788 1462 911 1505 moveor
935 1443 1110 1515 rationibus,
1134 1451 1187 1505 ant
1209 1451 1292 1505 certe
1314 1460 1484 1523 perparum.
1522 1443 1605 1505 Nam
1630 1443 1711 1524 qnod

346 1554 517 1611 σννανγειαγ
539 1532 659 1606 attinet,
684 1533 737 1594 illa
760 1532 804 1593 sic
823 1541 920 1593 totam
944 1532 1058 1593 Lunam
1084 1540 1219 1612 occupat,
1244 1540 1278 1593 ut
1297 1530 1426 1594 circulus
1448 1533 1626 1610 λιπαηαας,
1650 1532 1710 1594 etsi

345 1622 486 1699 praecisa
509 1621 691 1682 coucedatur
714 1620 863 1700 oppositio
878 1622 943 1682 siue
957 1621 1100 1692 tenebris,
1124 1627 1288 1682 evanescat
1310 1629 1488 1700 comparata
1501 1621 1542 1682 ad
1560 1621 1710 1701 reliquam

346 1711 540 1772 diametrum:
566 1710 594 1770 iu
619 1709 857 1788 oppositionibus
881 1729 952 1772 vero
977 1729 1034 1771 uon
1059 1710 1164 1772 solidis
1187 1708 1346 1787 potissima
1368 1718 1455 1789 parte
1479 1710 1567 1784 latet,
1593 1718 1626 1771 et
1649 1729 1711 1790 qna

345 1821 499 1878 nmaoyaq
532 1798 691 1871 cohaeret,
723 1817 828 1877 parum
857 1801 895 1860 ab
928 1799 981 1860 illa
1013 1798 1122 1861 differt.
1176 1798 1245 1859 Etsi
1276 1817 1347 1859 vero
1381 1798 1431 1860 lux
1460 1795 1544 1860 Solis
1575 1799 1647 1878 plus
1680 1800 1709 1859 in

345 1888 588 1949 extremitatibus
606 1887 711 1949 Lunae
735 1889 897 1968 spargitur,
921 1896 954 1949 at
979 1887 1111 1949 vicissim
1130 1888 1198 1966 plus
1222 1888 1351 1948 densata
1373 1905 1441 1947 sese
1459 1887 1573 1966 ingerit
1595 1888 1710 1949 nostns

345 1978 439 2038 oculis
467 1976 496 2036 iu
530 1975 768 2055 oppositionibus
801 1977 937 2054 quidem;
971 1985 1002 2037 et
1030 1977 1147 2056 quidem
1180 1977 1285 2037 eodem
1319 1976 1442 2054 angulo,
1476 1976 1590 2055 quoin
1625 1977 1708 2038 illam

345 2066 492 2145 majorem
515 2066 701 2144 superficiem
721 2064 916 2126 distribuitur.
956 2064 1157 2127 Confirmatur
1176 2064 1234 2126 hoc
1253 2064 1439 2144 experientia
1456 2065 1556 2127 minna
1575 2065 1707 2127 fallibili.

345 2155 460 2216 Lumen
484 2154 563 2215 enirn
587 2154 692 2215 Lunae
715 2155 822 2232 plenae
846 2156 876 2215 in
900 2155 1058 2215 obscuram
1089 2173 1239 2215 cameram
1273 2152 1477 2214 intromissum
1500 2172 1537 2214 eo
1568 2154 1705 2228 artificio,

345 2244 423 2322 qnod
447 2263 539 2323 snpra
561 2243 661 2322 capite
685 2244 816 2303 secundo
845 2242 1014 2322 descripsi,
1041 2243 1198 2305 clariorem
1222 2242 1251 2303 in
1275 2241 1344 2304 albo
1376 2242 1551 2320 parimento
1586 2242 1707 2305 limbum

345 2341 563 2411 repraesentat,
589 2351 678 2410 qnam
692 2331 830 2404 medium,
854 2341 979 2412 propter
993 2332 1127 2394 maculas
1146 2332 1275 2393 medium
1298 2330 1478 2393 obtinentes.
1518 2328 1610 2402 Quod
1635 2351 1705 2393 vern

347 2419 473 2483 intuenti
497 2422 584 2482 Luna
606 2421 636 2481 iu
660 2420 758 2481 medio
785 2420 894 2483 clarior
922 2422 1066 2496 cernitur,
1099 2421 1218 2482 ridetur
1245 2439 1313 2481 esse
1343 2419 1427 2480 visus
1450 2419 1588 2493 affectio,
1621 2439 1706 2501 quem

346 2509 376 2571 in
400 2519 534 2571 centrum
559 2510 705 2571 directum
728 2510 829 2571 clarae
852 2520 957 2590 partes
986 2510 1183 2572 circumstant
1205 2509 1349 2588 undique,
1378 2507 1478 2589 quisi
1502 2507 1655 2588 dirigatur
1677 2509 1704 2570 in

344 2599 519 2677 marginem,
539 2599 604 2678 jam
628 2618 665 2660 ex
689 2600 786 2660 altera
808 2609 897 2678 parte
921 2600 1071 2660 deseritur
1090 2619 1109 2658 a
1123 2598 1273 2671 claritate,
1298 2597 1453 2678 ingerente
1471 2616 1542 2659 sesa
1566 2598 1703 2660 caeruleo

345 2688 422 2749 coeli
446 2688 555 2748 colore.

431 2778 476 2837 At
499 2776 586 2836 Luna
613 2776 679 2854 jam
702 2776 897 2837 decrescente
921 2783 975 2836 aut
1006 2775 1136 2835 nondum
1164 2773 1268 2854 plena,
1301 2772 1391 2852 plane
1419 2775 1524 2836 valent
1555 2774 1703 2837 adductae

344 2884 473 2938 causae,
510 2872 678 2925 attestante
709 2882 823 2944 qunque
855 2864 1053 2943 experientia.
1100 2863 1214 2924 Lumen
1238 2863 1335 2935 enirn,
1366 2862 1444 2941 quod
1477 2862 1651 2925 interiorem
1675 2872 1704 2925 et

344 2972 449 3015 caram
472 2972 525 3013 sen
549 2952 669 3031 gibbam
694 2954 759 3032 ejus
788 2953 898 3014 lineam
931 2952 1085 3027 efformet,
1120 2952 1208 3013 ralde
1238 2951 1336 3012 debile
1361 2959 1394 3010 et
1420 2951 1547 3012 dilutum
1570 2962 1638 3026 est,
1670 2972 1702 3014 eo

345 3043 422 3123 qnod
446 3061 583 3121 sparsum
606 3059 660 3119 per
684 3044 809 3103 multam
840 3042 1026 3121 superficiem
1055 3041 1201 3121 majorem
1218 3041 1249 3102 in
1272 3040 1388 3101 visione
1411 3040 1554 3120 angulum
1578 3051 1703 3121 occupet

345 3133 375 3193 in
399 3132 455 3192 hoc
478 3131 539 3191 sitn
564 3150 653 3210 quam
677 3131 706 3191 in
730 3131 942 3193 illustratione.

709 3268 740 3334 8.
787 3273 840 3334 De
866 3272 979 3334 lineis
1004 3269 1175 3351 phasium
1198 3270 1338 3331 Lunae.

433 3396 585 3457 Docnerat
610 3393 809 3473 Albategnius
833 3396 984 3457 delineare
1004 3415 1041 3456 ex
1060 3391 1190 3473 coguitis
1209 3392 1340 3453 motibus
1363 3391 1559 3471 longitudinis
1578 3401 1612 3453 et
1632 3394 1700 3453 lati-

342 3487 455 3549 tudinis
479 3484 610 3565 speciem
634 3484 788 3545 nascentis
812 3485 927 3545 Lunae.
974 3484 1051 3545 Eum
1078 3483 1198 3543 modum
1221 3499 1326 3559 parum
1349 3499 1418 3541 esse
1446 3489 1579 3554 certum,
1614 3500 1704 3561 supra

344 3577 457 3637 nidisti.
504 3571 621 3643 Quodsi
653 3583 683 3632 te
714 3593 787 3634 cura
815 3575 950 3634 incessat
976 3572 1113 3635 certioris
1145 3571 1280 3651 picturae
1315 3571 1499 3650 (quanquam
1531 3570 1609 3631 lranc
1633 3592 1652 3632 a
1675 3581 1702 3631 te

344 3666 411 3746 ipso
434 3666 537 3742 petes)
562 3672 593 3721 et
608 3680 684 3740 quae
699 3684 756 3723 uon
782 3664 914 3723 falcatae
934 3663 1030 3723 solum
1045 3663 1149 3722 Lunae
1164 3659 1218 3720 sed
1238 3658 1331 3721 etiam
1354 3657 1500 3738 gibbusae
1524 3659 1701 3720 conveniat:

343 3774 418 3834 opus
442 3752 496 3812 tibi
520 3751 578 3812 erit
601 3753 773 3828 cognitione
798 3752 957 3826 linearum,
988 3750 1094 3830 quibus
1123 3749 1245 3809 schema
1268 3747 1373 3808 Lunae
1406 3748 1594 3825 aspectabile
1619 3749 1702 3809 clau·

343 3842 441 3902 datur.
488 3840 534 3899 De
559 3838 657 3899 altera
688 3841 805 3918 quidem
831 3851 861 3900 et
882 3861 958 3919 quae
982 3839 1086 3901 Solem
1115 3836 1253 3917 respicit,
1283 3844 1418 3910 constat,
1449 3836 1528 3915 quod
1552 3836 1593 3897 sit
1618 3857 1703 3899 arcus

343 3929 446 3992 circuli
475 3928 619 3988 cisionis:
645 3938 678 3988 nt
707 3949 782 4007 qnae
811 3948 915 3990 versus
946 3930 1115 4008 oppositum
1139 3925 1222 3987 Solis
1252 3932 1410 4005 spectant,
1440 3943 1498 3985 non
1523 3935 1595 3986 sunt
1618 3946 1704 3988 arcus

343 4018 456 4080 circuli.
506 4016 631 4077 l'itetlio
656 4017 707 4076 lib.
734 4018 789 4079 ll'.
819 4036 902 4097 prop.
918 4016 973 4081 25.
1003 4019 1031 4079 in
1057 4034 1165 4095 genere
1189 4013 1382 4093 irregularem
1407 4013 1484 4074 dixit
1507 4033 1576 4075 esse
1601 4015 1705 4076 Lunae

343 4107 484 4188 gibbnm;
509 4123 595 4183 prop.
621 4124 692 4167 rero
717 4104 768 4167 ii.
795 4108 939 4167 falcatam
963 4106 1095 4185 speciem
1119 4104 1251 4165 affirmat
1273 4103 1389 4165 dnobus
1417 4104 1503 4183 quasi
1534 4104 1704 4184 aequalium

342 4197 519 4259 circulorum
543 4194 672 4255 arcubus
696 4195 853 4257 contineri.
901 4194 987 4257 Scito
1011 4195 1116 4272 igitur,
1147 4203 1303 4272 utramque
1332 4211 1400 4253 esse
1429 4211 1533 4253 arcum
1560 4193 1705 4254 sectionis

343 4285 475 4352 eunicae,
501 4302 576 4361 qnae
601 4284 718 4364 ellipsis
739 4285 858 4355 dicitur,
883 4285 962 4364 quod
977 4283 1162 4346 Aristoteles
1186 4281 1321 4342 sectione
1340 4279 1390 4344 15.
1410 4276 1554 4358 prohib.
1580 4281 1705 4352 monuit,

343 4393 400 4452 ego
423 4375 467 4433 sic
491 4371 595 4450 probo.

433 4460 545 4522 Dctinit
559 4461 738 4539 Apollonius
759 4461 945 4539 superficiem
966 4461 1099 4521 conicarn
1115 4459 1191 4519 hauc
1206 4478 1283 4529 esse,
1309 4458 1546 4536 quandocunque
1563 4458 1704 4520 circulum

344 4551 423 4611 linea
454 4551 556 4627 aliqua
589 4569 625 4609 ex
658 4549 757 4629 aliquo
792 4561 904 4627 puncto
938 4553 1011 4619 (non
1043 4550 1071 4609 in
1104 4549 1225 4628 planum
1260 4546 1323 4625 ejus
1356 4546 1458 4607 circuli
1497 4547 1704 4608 continuatum

344 4639 511 4709 incidente)
536 4657 614 4698 nexa
646 4638 852 4703 immobiliter.
886 4639 1022 4698 circumit
1055 4637 1152 4698 altera
1182 4655 1218 4695 cr
1247 4644 1350 4715 parte,
1376 4634 1562 4714 superficiem
1585 4655 1702 4706 creans,

344 4728 438 4787 donec
462 4726 568 4788 redeat
592 4726 630 4786 ad
655 4727 684 4785 id
713 4727 815 4787 circuli
846 4737 988 4804 punctum
1013 4726 1089 4788 uude
1113 4735 1257 4805 coeperat
1280 4724 1404 4786 moveri.
1449 4721 1520 4785 Jam
1544 4743 1617 4786 vero
1640 4736 1701 4787 ter·

344 4815 440 4875 nrinns
464 4814 692 4876 illuminationis
711 4815 814 4876 Lunae
838 4814 968 4875 circulus
992 4826 1049 4888 est,
1075 4825 1215 4893 utsupra
1239 4813 1374 4874 dictum:
1398 4813 1481 4873 visus
1504 4831 1577 4875 vero
1601 4824 1703 4876 noster

345 4902 436 4964 babet
459 4903 607 4964 rationem
632 4903 768 4982 requisiti
791 4903 905 4982 puncti.
952 4904 1020 4964 Non
1044 4905 1122 4964 enim
1146 4904 1175 4963 in
1198 4903 1321 4981 planum
1344 4900 1447 4963 circuli
1477 4901 1702 4965 illuminationis

344 4989 552 5052 mennatum
575 4990 680 5052 incidit
697 5009 751 5071 per
768 5000 867 5053 totum
890 5009 1034 5065 mensem,
1058 5003 1269 5071 praeterquam
1287 4992 1371 5052 circa
1388 4998 1547 5071 utramque
1570 4992 1701 5072 qnadra-
