3692 5842
238 465 281 544 ss
662 466 763 517 Lttsrss
780 465 882 532 Kepleri
901 468 1051 534 aliorumque
1069 474 1170 519 mutuas

332 647 396 710 Nec
421 646 554 708 deterior
578 653 625 705 cst
650 652 702 705 tua
726 664 818 705 causa
842 645 870 705 in
894 646 990 706 altero
1012 645 1165 707 schemate
1182 646 1357 709 Vitellionis
1380 648 1446 726 (lig.
1462 643 1523 719 22)
1546 646 1597 708 ubi

243 739 342 813 imago
367 735 526 797 l'itellioni
555 742 604 795 est
635 742 705 793 ante
729 734 898 813 speculum,
933 733 1055 795 veritati
1084 743 1164 814 post.
1211 736 1299 797 Meae
1331 743 1432 797 tamen
1462 736 1597 798 rationes

243 827 337 890 multo
362 825 507 903 majorem
532 822 716 884 exhibebunt
739 822 899 901 imaginem
928 822 1065 901 reipsa,
1096 832 1166 886 tuae
1191 825 1344 904 aequalem
1373 823 1532 897 exhibent,
1562 833 1598 885 ut

240 914 357 986 videas,
382 913 411 973 io
436 913 577 973 concavis
601 920 683 972 stare
707 931 763 972 non
788 930 877 990 posse
901 921 970 973 tuas
992 912 1157 991 parallelas
1181 914 1387 992 apparentiae.
1435 911 1487 974 Sic
1512 922 1545 974 et
1566 913 1598 974 iu

244 1002 336 1066 tertio
360 998 450 1072 (23),
479 1001 529 1060 ubi
558 1001 682 1079 elegans
712 1008 760 1062 est
789 1000 922 1061 fallacia.
969 1001 1047 1062 Nam
1079 1010 1152 1080 puto
1182 1003 1312 1063 luturom
1339 1010 1371 1063 ut
1399 1002 1488 1062 ambo
1517 1000 1595 1062 oculi

243 1091 332 1153 simul
358 1089 455 1167 aperti
480 1088 680 1167 imaginentur
710 1089 767 1150 sibi
791 1107 879 1149 unam
903 1089 1063 1168 imaginem
1092 1090 1215 1151 doomm
1238 1091 1389 1152 oculorum
1419 1089 1597 1151 haerentem

246 1179 273 1240 in
298 1179 394 1257 ipsius
418 1178 587 1256 superficiei
614 1185 724 1256 puncto
750 1176 789 1237 G.
837 1175 924 1246 Quod
956 1178 982 1238 si
1010 1178 1057 1238 hic
1082 1178 1184 1240 unicus
1208 1180 1309 1241 ocolus
1337 1178 1521 1257 imaginatur
1540 1176 1596 1239 sibi

241 1276 356 1329 certam
371 1266 502 1346 aliquam
518 1266 703 1341 distantiam,
720 1266 813 1328 habes
830 1276 1035 1344 argumentum
1051 1268 1254 1329 concurrentis
1270 1266 1437 1329 latitudinis
1449 1266 1594 1345 pupillae.

244 1355 307 1418 Sed
330 1354 526 1434 periclitabor
549 1355 597 1415 hic
622 1374 747 1434 quoque,
773 1355 798 1415 si
817 1354 947 1415 facultas
970 1353 1041 1415 mihi
1057 1354 1186 1417 dabitur.
1233 1357 1327 1418 Miror
1346 1364 1447 1417 autern
1467 1366 1498 1415 te
1522 1354 1597 1416 haee

243 1444 398 1523 disputare
423 1444 508 1523 quasi
532 1452 635 1504 essent
659 1443 730 1504 mihi
755 1442 914 1517 contraria,
939 1462 1006 1504 cum
1021 1463 1056 1504 eo
1080 1444 1157 1521 ipso,
1182 1445 1259 1524 quod
1275 1445 1436 1507 metatione
1457 1443 1597 1523 imaginis

243 1553 262 1594 a
285 1532 407 1593 catheto
431 1532 469 1593 ad
493 1531 671 1593 dualitatem
696 1532 743 1593 vel
766 1532 971 1615 pluralitatem
996 1532 1139 1594 lioeamm
1163 1533 1286 1595 visionis
1310 1533 1457 1613 (ejusdem
1476 1531 1597 1611 puncti)

245 1621 395 1694 transtuli,
422 1620 509 1683 simul
535 1621 671 1682 omnibus
687 1620 865 1698 hujusmodi,
890 1639 1024 1699 quaeque
1044 1621 1105 1681 alia
1128 1622 1258 1683 sortasse
1273 1624 1359 1702 plura
1380 1622 1505 1701 produci
1520 1640 1596 1700 pos-

244 1718 324 1784 sunt,
349 1710 537 1771 occasionem
562 1710 770 1781 sufficientem,
795 1709 972 1789 quibusdam
997 1709 1088 1771 etiam
1113 1710 1257 1789 exemplis
1281 1712 1496 1781 confirmatam,
1521 1710 1596 1770 sub-

244 1797 422 1860 ministravi.
468 1798 574 1861 Defuit
598 1798 669 1860 mihi
700 1800 756 1860 boc
787 1816 887 1871 uuurn,
914 1799 992 1877 quod
1022 1798 1051 1859 iu
1080 1818 1214 1860 convexo
1245 1800 1367 1880 speculo
1390 1798 1529 1873 substiti,
1559 1799 1596 1859 de

242 1906 374 1949 concavo
399 1906 436 1948 ex
460 1888 563 1967 regula
587 1888 803 1950 contrariorum
823 1886 958 1966 judicare
982 1894 1153 1948 contentus.
1199 1887 1241 1948 Et
1255 1897 1355 1949 tamen
1379 1887 1443 1949 sine
1463 1905 1598 1950 concavo

243 1975 358 2038 obtinui
391 1994 512 2037 causam
545 1977 603 2038 loci
627 1975 766 2055 imaginis
790 1976 959 2056 quaesitam
983 1978 1065 2056 (cap.
1090 1976 1144 2051 ΙΙΙ,
1178 1973 1243 2050 19).
1290 1977 1355 2039 Nisi
1385 1977 1464 2038 lorte
1487 1977 1545 2039 hoc
1566 1984 1598 2039 ts

242 2074 354 2134 movet,
379 2066 456 2145 quod
481 2065 601 2145 disputo
617 2066 701 2146 quasi
726 2066 762 2125 de
782 2084 814 2126 re
838 2064 1016 2138 certissima,
1041 2085 1093 2126 cur
1108 2066 1191 2127 locus
1206 2065 1345 2145 imaginis
1361 2064 1403 2127 sit
1415 2065 1445 2128 iu
1460 2066 1595 2128 catheto.

241 2153 288 2215 At
310 2154 480 2215 meminisse
504 2153 644 2228 debuisti,
669 2163 777 2232 postea
800 2152 961 2214 limitatam
985 2154 1063 2215 hauc
1086 2155 1321 2235 propositionem
1356 2154 1445 2215 etiam
1469 2154 1499 2215 iu
1523 2173 1597 2216 cou-

243 2242 339 2304 vexis.
387 2240 448 2304 Cur
471 2252 573 2304 autem
588 2261 769 2322 magnopere
784 2241 921 2320 glorieris
944 2243 1101 2321 proposita
1123 2262 1208 2323 prop.
1228 2239 1280 2306 67.
1301 2243 1352 2305 lib.
1369 2243 1455 2306 Vlll.
1474 2244 1596 2325 (qoam-

246 2331 293 2393 vis
316 2330 345 2391 iu
370 2331 449 2392 bona
477 2335 595 2401 causa),
621 2331 748 2392 nondum
772 2331 869 2393 video.
916 2330 1018 2392 Ducta
1041 2332 1119 2393 enim
1144 2332 1208 2411 (fig.
1233 2329 1290 2405 24)
1316 2351 1352 2391 ex
1377 2332 1403 2391 B
1431 2340 1518 2393 recta
1544 2349 1598 2412 per

245 2427 381 2482 centrum
406 2438 500 2499 eaque
525 2428 557 2481 et
570 2417 631 2481 DG
651 2419 833 2481 continuatis
858 2419 896 2480 ad
920 2437 1105 2493 concursum,
1131 2420 1256 2481 Vitellio
1276 2420 1330 2481 tibi
1346 2421 1442 2481 locum
1457 2420 1597 2500 imaginis

245 2508 289 2571 rei
312 2508 399 2568 visae
428 2509 569 2569 ostendet
596 2509 625 2568 in
650 2509 706 2569 hoc
730 2527 875 2569 concursu
903 2516 992 2568 extra
1014 2509 1181 2586 speculum,
1211 2527 1265 2569 nec
1296 2509 1339 2570 ita
1363 2508 1488 2571 multum
1511 2518 1547 2592 ut
1568 2509 1596 2570 iss

243 2596 393 2676 prioribus
418 2596 540 2658 errabit.
588 2596 693 2677 ltaque
718 2618 736 2657 a
759 2608 789 2658 te
812 2595 989 2676 postulabit,
1015 2605 1047 2657 ut
1071 2597 1111 2658 sit
1134 2596 1201 2657 Tibi
1225 2616 1350 2675 magnus
1365 2598 1488 2677 Apollo.
1535 2595 1597 2658 Sed

244 2696 277 2748 tu
297 2685 423 2747 forsitan
449 2685 504 2746 buc
529 2685 663 2764 respicis,
689 2685 767 2765 quod
791 2685 930 2764 analogia
954 2693 1121 2746 ceterorum
1141 2686 1343 2766 exemplorum
1357 2686 1488 2748 suadeat
1501 2686 1596 2748 simu·

243 2774 318 2849 lare,
343 2772 461 2834 visibile
486 2792 553 2834 esse
577 2774 605 2835 in
621 2773 688 2844 ΕΙ),
711 2774 891 2852 penultimae
916 2772 1093 2835 radiationis
1118 2774 1205 2847 linea,
1231 2775 1270 2836 ad
1291 2773 1443 2836 minimum
1467 2775 1549 2837 oltra
1560 2773 1597 2835 D.

244 2860 312 2932 Quo
349 2870 439 2940 pacto
467 2860 587 2935 iterum,
624 2871 655 2923 ut
683 2863 712 2924 in
744 2862 793 2923 lib.
819 2862 905 2935 Vlll,
931 2857 984 2925 45.
1009 2881 1170 2925 concursus
1200 2882 1265 2924 cum
1296 2862 1418 2924 catheto
1449 2861 1598 2943 contingit

243 2958 324 3012 retro
348 2950 474 3010 oculum.

335 3037 396 3098 Sed
420 3038 631 3100 concludamus
655 3039 733 3099 hunc
758 3039 854 3101 locum
877 3038 1056 3119 repetitione
1089 3046 1158 3100 tuae
1182 3039 1391 3101 conclusionis.
1438 3038 1538 3100 Iniers
1560 3058 1597 3101 ex

211 3133 213 3138 ’
248 3126 308 3189 tuis
333 3126 494 3205 exemplis,
514 3127 687 3206 imaginem
716 3147 773 3189 non
798 3148 865 3189 csse
896 3129 924 3189 iu
949 3126 1070 3189 catheto
1098 3123 1288 3189 incidentiae.
1334 3127 1464 3190 Nimium
1494 3127 1596 3191 infers.

244 3216 324 3278 liam
353 3215 382 3276 in
410 3215 502 3294 plano
530 3216 652 3295 speculo
676 3217 780 3279 fateris
809 3218 888 3297 ipse;
920 3218 949 3277 in
979 3215 1120 3277 convexis
1148 3226 1231 3278 certo
1255 3217 1314 3278 situ
1344 3218 1498 3279 oculorum
1521 3216 1598 3279 evici

245 3303 326 3383 ipse:
359 3304 419 3365 situ
448 3304 566 3366 diverso
591 3305 741 3366 oculorum
766 3306 899 3379 ostendi,
929 3323 1032 3385 parum
1061 3312 1093 3365 et
1116 3305 1166 3366 vix
1189 3306 1331 3368 sensibile
1360 3305 1512 3386 quippiam
1541 3305 1597 3368 sb-

245 3411 345 3454 errare
369 3391 528 3471 imaginem
553 3414 571 3454 a
594 3395 725 3456 catheto.
773 3394 855 3456 Tuae
879 3413 949 3472 ergo
974 3393 1046 3454 nihil
1070 3393 1128 3454 nisi
1152 3394 1342 3473 exceptiones
1367 3403 1438 3455 sunt
1460 3395 1499 3455 de
1522 3413 1596 3456 con·

246 3499 321 3543 cavo
345 3500 439 3561 eoque
464 3499 521 3543 non
546 3483 634 3543 omni.
683 3483 715 3544 Iu
740 3501 850 3561 genere
874 3492 974 3544 tamen
1000 3481 1055 3542 boc
1070 3501 1196 3555 mecum,
1220 3483 1372 3544 cathetum
1397 3484 1517 3563 seipso
1540 3503 1598 3546 uon

245 3578 347 3650 aptam
372 3589 439 3631 esso
464 3572 501 3631 ad
526 3572 682 3632 locandam
706 3572 875 3645 imaginem.
923 3569 980 3632 Ubi
1011 3570 1140 3631 colloces
1165 3571 1342 3650 imaginem,
1377 3572 1508 3635 dubitas.
1556 3573 1600 3634 At

136 3693 148 3716 .
246 3678 302 3739 ego
328 3658 461 3738 regulam
487 3660 684 3720 universalem
710 3661 778 3719 dedi
802 3670 833 3721 et
856 3659 1077 3731 demonstravi,
1104 3669 1136 3719 ut
1159 3659 1279 3721 dubium
1303 3660 1343 3721 sit
1366 3660 1491 3722 nullum.

335 3746 415 3817 Quid
439 3767 510 3809 vero
543 3749 580 3808 ad
605 3748 699 3808 Tuam
731 3748 910 3809 modestiam
935 3747 1051 3808 dicam?
1098 3745 1177 3816 Quid
1202 3748 1279 3809 enim
1303 3749 1359 3809 uisi
1383 3758 1414 3809 ut
1439 3748 1599 3828 ingenuam

244 3837 450 3898 commendem
473 3836 601 3915 miliique
626 3836 800 3898 imitandam
824 3856 998 3917 proponam.
1046 3834 1192 3905 Quaruvis
1223 3845 1253 3897 tu
1279 3844 1341 3897 tam
1366 3836 1474 3915 frigido
1499 3838 1599 3900 victo·

244 3924 309 3985 riae
334 3923 433 3984 studio
458 3924 556 3985 vicisti
581 3932 681 3986 tameo
705 3926 822 4005 opticos
846 3935 877 3986 et
902 3926 930 3987 in
955 3933 1072 4004 partem
1097 3924 1237 4004 triumphi
1268 3926 1369 4000 venis,
1408 3926 1545 4007 adeoque
1568 3935 1600 3988 et

244 4031 291 4074 me
315 4011 422 4074 vincis.
461 4011 594 4074 Tametsi
618 4011 696 4074 enim
712 4033 773 4075 rem
797 4015 893 4093 ipsam
918 4022 1002 4076 tenet
1026 4012 1101 4074 liber
1124 4032 1223 4088 meus,
1247 4015 1362 4093 passim
1386 4022 1489 4075 tamen
1504 4014 1599 4077 rerba

245 4109 278 4162 et
299 4099 495 4179 repetitiones
519 4120 603 4162 meac
627 4111 696 4163 sunt
721 4103 881 4181 ejusmodi,
905 4101 1084 4181 praesertim
1107 4101 1208 4181 capite
1230 4102 1298 4186 IV,
1321 4122 1357 4163 ac
1388 4102 1413 4163 si
1443 4102 1534 4183 plano
1558 4103 1597 4166 ab

244 4189 410 4270 opticorum
434 4190 557 4252 catheto
581 4199 704 4263 starem,
730 4210 817 4270 quarn
841 4200 873 4252 tu
898 4189 1089 4269 expugnasti.
1135 4190 1215 4252 Nam
1237 4192 1373 4269 prolecto
1398 4190 1468 4253 aliis
1491 4211 1600 4254 usurus

246 4277 285 4339 lui
310 4278 425 4350 verbis,
450 4278 475 4339 si
500 4287 567 4340 tuas
592 4278 647 4340 has
672 4280 856 4358 objectiones
879 4279 962 4360 prius
985 4278 1125 4357 legissem
1150 4288 1181 4339 et
1204 4278 1231 4339 si
1246 4279 1301 4339 hoc
1325 4278 1494 4355 scivissem,
1519 4280 1599 4343 ims-

245 4365 331 4447 gines
356 4368 384 4428 in
409 4368 549 4428 concavis
573 4368 662 4447 plane
686 4375 774 4429 extra
797 4369 951 4430 cathetum
975 4365 1084 4427 alicubi
1109 4386 1186 4428 csse.

333 4455 389 4504 Huc
407 4470 484 4519 usque
502 4455 669 4519 Keplerns.
705 4456 763 4505 lem
782 4456 915 4506 redeuutes
935 4454 967 4504 sd
986 4454 1161 4519 Brenggeri
1179 4454 1277 4512 literas,
1305 4468 1419 4520 eaquae
1439 4455 1596 4522 priorspto·
1628 4507 1636 4518 ,

245 4525 308 4574 xime
327 4532 461 4588 sequuntur
479 4527 649 4590 proponimus.
669 4528 814 4576 intermixtis
833 4527 934 4590 Kepleri
954 4525 1082 4589 responsis.

332 4595 417 4656 Quod.
436 4599 522 4661 inquit,
542 4600 566 4646 in
586 4597 824 4647 reflexionibus
843 4612 910 4646 ame
923 4598 1077 4646 observatum
1091 4596 1212 4647 hactenus
1225 4597 1326 4659 scripsi,
1346 4596 1410 4645 idem
1430 4599 1455 4645 in
1474 4597 1597 4648 reiras-

245 4667 395 4717 tionibus
423 4683 518 4732 quoque
541 4667 655 4717 accidere
683 4685 732 4716 non
760 4671 796 4717 ita
815 4668 908 4732 pridem
928 4666 1098 4717 animadverti.
1136 4668 1207 4717 hlots
1225 4673 1264 4715 est
1282 4666 1340 4716 mihi
1361 4675 1421 4717 suto
1439 4670 1598 4732 ssptsonln

244 4739 356 4800 quaestio
376 4740 515 4803 aquodam
542 4739 691 4801 reipublicae
710 4742 874 4804 Augustsoas
892 4740 1007 4802 primario
1026 4739 1075 4786 siro
1094 4739 1125 4787 de
1143 4739 1248 4787 mirabili
1267 4739 1323 4793 illa,
1351 4753 1381 4787 ex
1399 4738 1554 4790 Bstssosun
1571 4741 1598 4790 ia

244 4805 315 4857 h'cva
334 4808 437 4859 Zembls
455 4809 637 4859 hibernentium
655 4811 825 4859 observatione
845 4810 984 4874 divulgata,
1005 4807 1068 4857 Solis
1087 4809 1205 4859 occultati
1224 4815 1249 4857 et
1267 4815 1323 4872 post
1340 4810 1452 4859 brumam
1470 4810 1598 4862 mom&

245 4879 437 4942 anticipationsz
457 4883 527 4942 cujus
546 4888 572 4929 et
590 4887 616 4929 tu
635 4882 660 4929 in
673 4879 867 4945 Paralipomenis
880 4879 1014 4930 meministi
1028 4876 1100 4942 (Cap.
1115 4877 1160 4932 IV.
1175 4876 1212 4938 9).
1251 4878 1359 4928 Causam
1377 4883 1431 4942 elus
1443 4886 1496 4930 tum
1514 4881 1597 4938 retuli,

245 4948 310 5012 qnod
328 4956 354 4998 st
371 4958 399 5000 tu
417 4951 494 5007 iscis,
522 4952 547 5000 la
566 4951 739 5000 refractionem
767 4951 800 5001 sh
825 4955 882 5002 atre
901 4951 933 4999 ob
951 4951 1080 5000 trimestris
1106 4950 1157 5000 lere
1174 4949 1254 4999 noctis
1273 4951 1350 5015 frigus
1368 4951 1481 5001 densiore
1499 4951 1597 5002 reddite

245 5018 347 5071 aem
384 5019 518 5087 Postquam
537 5028 634 5078 uum,
659 5020 1075 5078 deliusstioaslashsrtslssts.
1098 5019 1596 5088 momontum-suaso
