3692 5842
634 476 689 513 cum
708 462 806 514 Nuucio
826 462 936 515 Siderea.
1433 461 1497 532 495

135 638 318 703 strationem
347 640 572 703 intervallorum
596 649 628 701 et
657 641 871 719 magnitudinis
897 641 985 704 trium
1014 663 1187 722 corporum,
1214 640 1312 714 Solis,
1336 645 1443 706 Lunae
1468 653 1499 707 et

136 729 265 792 Terrae.
304 730 526 792 Diametrorurn
547 729 624 790 enim
640 728 722 791 Solis
737 737 768 791 et
789 732 892 791 Lunae
913 732 1112 793 differentiam
1131 732 1306 793 variabilem
1330 733 1498 813 digitosque

135 818 166 881 in
186 819 276 880 Luna
300 819 472 881 deficientes
492 838 578 879 nemo
603 820 738 880 exactius
763 820 941 894 numerabit,
967 821 1024 883 nisi
1047 823 1095 901 qui
1122 831 1171 882 tuo
1196 823 1359 882 instructus
1384 823 1498 884 oculari

137 907 329 986 diligentiam
353 908 381 969 in
407 908 594 970 observando
619 908 799 971 adhibuerit.
839 908 910 970 Stet
934 910 1025 988 igitur
1041 909 1197 971 Galilaeus
1218 911 1308 987 juxta
1324 911 1497 989 Keplerum,

136 996 189 1060 ille
203 997 324 1059 Lunam
343 997 508 1059 observans
527 1016 672 1057 converso
688 998 716 1057 in
734 997 848 1059 coelum
865 1000 958 1069 vultu,
974 999 1021 1059 hic
1037 998 1148 1072 Solem,
1171 1018 1295 1060 aversus
1311 999 1339 1058 in
1356 1000 1497 1061 tabellam

136 1087 191 1160 (ue
210 1086 329 1148 oculum
349 1095 418 1147 urat
443 1085 615 1165 specillum)
640 1106 694 1147 suo
713 1095 837 1166 uterque
857 1088 993 1162 artificio,
1020 1097 1101 1148 etex
1122 1088 1178 1148 bac
1199 1087 1346 1148 societate
1370 1091 1500 1168 prodeat

135 1175 209 1237 olim
233 1175 416 1237 nitidissima
439 1175 664 1237 intervallorum
690 1176 835 1236 doctrina.
878 1175 957 1245 Quin
981 1178 1072 1237 etiam
1097 1178 1235 1256 (praeter
1258 1177 1389 1250 Lunam)
1413 1180 1498 1240 liler-

135 1263 253 1326 curium
277 1264 373 1343 ipsum
397 1265 426 1325 in
459 1265 541 1325 disco
565 1262 647 1325 Solis
671 1265 726 1325 hoc
757 1285 823 1324 meo
857 1265 984 1326 artificio
1020 1266 1096 1326 cidi:
1131 1266 1199 1326 vide
1224 1265 1356 1327 libellum
1381 1267 1437 1328 hac
1462 1269 1498 1328 de

137 1370 169 1415 re
195 1352 321 1415 editum.
358 1355 424 1416 Nec
448 1354 545 1414 minus
570 1353 670 1426 etiam,
697 1353 721 1413 si
743 1361 860 1413 cometa
885 1354 1032 1432 quispiam
1055 1355 1209 1427 effulserit,
1235 1355 1408 1433 parallaxes
1433 1356 1498 1434 ejus

137 1443 188 1514 (ut
222 1450 254 1503 et
286 1443 405 1515 Lunae)
440 1443 478 1503 ad
517 1442 655 1503 stellulas
688 1442 755 1502 illas
794 1443 1011 1504 minutissimas
1042 1451 1073 1502 et
1105 1443 1316 1515 creberrimas,
1351 1444 1416 1506 solo
1447 1453 1499 1506 tuo

136 1531 339 1592 instrumento
363 1532 551 1610 conspicuas,
577 1531 715 1603 collatae,
737 1532 889 1592 observari
909 1532 1077 1593 rectissime
1093 1540 1252 1610 poterunt:
1273 1533 1436 1611 exquibus
1461 1535 1498 1594 de

137 1620 302 1683 altitudine
317 1638 473 1699 corporum
489 1620 605 1680 illorum
617 1620 737 1693 certius,
754 1639 841 1698 quam
853 1621 998 1681 haetenus
1015 1641 1151 1700 unquam,
1170 1620 1274 1682 licebit
1287 1622 1499 1700 argumentari.

233 1710 337 1789 Atque
362 1711 436 1771 haec
460 1721 559 1770 tecum
576 1707 715 1769 Galilaea
737 1711 775 1769 ad
799 1710 927 1787 primum
952 1710 1045 1771 libelli
1067 1710 1109 1770 tui
1130 1719 1221 1789 eaput
1245 1712 1378 1771 conferre
1404 1711 1499 1773 libuit.

232 1798 358 1859 Transis
391 1800 523 1860 secundo
557 1798 595 1858 ad
635 1799 883 1877 phaenomena
917 1799 1080 1859 Lunaria
1119 1798 1401 1877 praestantissima:
1443 1820 1501 1880 qua

140 1886 296 1950 mentione
320 1887 445 1949 reiricas
469 1888 541 1949 mibi
565 1887 737 1948 memoriam
763 1908 873 1962 eorum,
899 1907 975 1967 quae
1000 1888 1028 1948 in
1049 1887 1261 1949 Astronomiae
1285 1896 1372 1965 parte
1388 1887 1501 1967 Optica

142 1974 221 2056 Gap.
236 1976 294 2037 Vl.
312 1978 349 2037 de
366 1978 430 2038 luce
446 1977 586 2049 siderum,
606 1973 711 2039 Nroil
726 1996 816 2056 super
829 1977 953 2038 maculis
970 1978 1072 2037 Lunae
1093 1997 1130 2036 ex
1149 1976 1321 2047 Plutarcho,
1336 1977 1500 2038 Maestlino

140 2065 276 2145 meisque
301 2066 513 2144 experimentis
537 2066 658 2127 adduxi.

231 2155 280 2216 Ao
311 2155 394 2215 initio
427 2174 570 2234 perquam
596 2154 761 2233 jucundum
794 2161 860 2228 est,
896 2162 927 2214 et
957 2173 1003 2214 me
1037 2154 1133 2233 ipsum
1165 2153 1195 2213 in
1226 2153 1362 2231 ejusdem
1395 2154 1500 2215 Lunae

140 2243 282 2318 maculis,
307 2263 365 2328 non
390 2252 424 2305 ut
446 2251 476 2304 tu
502 2263 646 2305 converso
675 2245 729 2304 sed
762 2262 869 2303 averso
902 2244 987 2304 vultu
1015 2242 1211 2304 observandis
1236 2261 1303 2302 esse
1334 2250 1498 2305 versatum.

140 2331 275 2394 Schema
299 2332 384 2411 hujus
409 2334 451 2394 rei
475 2333 570 2394 habes
594 2351 622 2411 p.
648 2330 713 2395 284
736 2331 794 2393 mei
819 2332 899 2406 libri,
930 2352 967 2392 ex
992 2351 1048 2411 quo
1074 2332 1146 2393 illud
1170 2339 1265 2411 patet,
1290 2331 1362 2391 mihi
1386 2350 1500 2411 quoque

141 2420 266 2483 limbum
282 2420 386 2482 Lunae
402 2423 577 2501 apparuisse
600 2422 813 2483 lucidissimum
833 2413 974 2502 undique,
996 2423 1091 2481 solum
1107 2441 1214 2499 corpus
1234 2421 1358 2481 interius
1375 2420 1500 2481 maculis

141 2511 236 2572 luisse
262 2510 445 2572 distinctum.
463 2507 487 2583 ⁷)
529 2511 576 2571 Ex
597 2529 631 2570 eo
652 2511 732 2572 subit
748 2511 886 2583 animum,
913 2519 1029 2571 certare
1054 2518 1153 2571 tecum
1174 2510 1201 2570 in
1226 2510 1416 2589 pervidendis
1441 2509 1501 2570 illis

140 2599 264 2662 minutis
296 2599 421 2661 maculis
446 2621 465 2659 a
489 2608 518 2660 te
551 2601 677 2678 primum
706 2601 735 2660 in
765 2608 850 2678 parte
884 2599 1025 2659 lucidiore
1061 2599 1287 2661 animadversis,
1335 2599 1369 2658 ld
1401 2607 1501 2659 autem

140 2688 197 2750 hoc
228 2696 321 2768 pacto
354 2708 400 2749 me
434 2708 521 2767 spero
552 2690 753 2769 perfecturum
786 2708 853 2748 mea
883 2689 1063 2749 observandi
1094 2688 1229 2762 ratione,
1263 2687 1347 2748 vultu
1372 2709 1391 2747 a
1415 2688 1502 2748 Luna

141 2796 261 2851 averso,
286 2778 312 2838 si
327 2778 431 2839 Lunae
457 2780 554 2840 lumen
575 2798 626 2857 per
651 2780 783 2839 foramen
808 2778 837 2837 in
863 2779 1009 2838 tabellam
1033 2778 1150 2856 pertica
1173 2777 1378 2837 circumlatam
1402 2777 1499 2837 intro·
1576 2813 1581 2824 .

142 2866 268 2940 misero,
299 2867 342 2927 sic
367 2874 465 2928 tamen
491 2879 523 2929 ut
554 2871 685 2928 foramen
719 2868 854 2928 obvallet
881 2867 947 2927 lens
972 2866 1164 2947 crystallina,
1189 2865 1345 2945 sphaerico
1380 2864 1502 2926 maximi

142 2955 247 3017 circuli
271 2955 371 3034 gibbo,
397 2964 429 3016 et
453 2957 567 3018 tabella
591 2957 629 3016 ad
654 2958 749 3016 locum
774 2956 959 3016 collectionis
984 2957 1134 3016 radiorum
1163 2956 1414 3015 accommodetur.
1449 2953 1502 3015 Sic

142 3043 171 3104 in
195 3045 315 3123 pertica
342 3042 380 3106 12
400 3046 492 3124 pedes
518 3048 606 3125 longa
626 3045 728 3105 Lunae
754 3062 860 3121 corpus
884 3046 1103 3123 perfectissime
1129 3044 1306 3122 depingetur
1330 3042 1501 3119 quantitate

140 3141 284 3194 monetae
309 3143 471 3211 argenteae
496 3135 628 3212 majoris.
668 3133 836 3195 Artificium
860 3135 1026 3194 monstravi
1050 3153 1134 3213 prop.
1156 3130 1207 3194 23.
1229 3134 1279 3193 fol.
1295 3128 1368 3205 252,
1390 3138 1420 3191 et
1436 3129 1500 3194 262

142 3222 210 3284 libri
235 3222 313 3295 mei;
342 3223 507 3302 simplicius
540 3234 637 3284 tamen
664 3223 720 3283 fuit
747 3222 932 3301 propositum
957 3245 975 3283 a
999 3224 1092 3282 Porta
1114 3223 1209 3301 primo
1238 3221 1327 3301 titulo
1352 3239 1417 3299 cap.
1443 3221 1499 3281 Vl.

141 3311 178 3372 de
203 3312 296 3384 lente,
322 3331 388 3372 curn
412 3332 466 3387 epo
492 3314 528 3373 de
553 3313 669 3389 integro
694 3312 783 3390 globo
808 3312 1086 3372 demonstraverim.

232 3400 399 3479 Pergamus
425 3399 563 3462 Galilaea
587 3412 639 3462 tua
663 3409 802 3461 excutere
826 3400 1042 3479 phaenomena.
1080 3400 1159 3461 h'am
1184 3418 1249 3458 cum
1275 3404 1375 3457 aetate
1397 3397 1501 3457 Lunae

142 3489 312 3568 auspicaris
340 3490 503 3551 observata
531 3500 596 3564 tua,
627 3490 810 3570 primumque
840 3489 989 3561 ostendis,
1023 3489 1092 3568 quid
1120 3486 1323 3548 corniculatae
1354 3485 1435 3546 desit
1464 3485 1512 3545 ad'

142 3579 241 3640 ovalis
285 3578 381 3639 lineae
417 3580 641 3660 perlectionem.
702 3578 830 3640 Ovalem
869 3597 936 3637 esse
976 3578 1106 3656 speciem
1145 3576 1247 3636 circuli
1289 3574 1504 3642 illuminatorii,

143 3668 349 3729 demonstravi
372 3668 425 3730 Nr.
450 3665 480 3730 8.
507 3670 556 3730 lbl.
583 3665 646 3729 283
677 3668 742 3729 libri
774 3667 851 3728 mei:
887 3675 968 3727 terse
999 3667 1091 3746 igitur
1115 3673 1146 3725 et
1169 3665 1258 3743 plane
1291 3663 1503 3724 mathematice

143 3757 288 3837 loqueris.

234 3846 270 3907 In
300 3845 541 3907 consideratione
574 3846 756 3906 macularum
781 3867 799 3905 a
827 3853 856 3906 te
892 3844 1018 3924 primum
1054 3842 1328 3905 animadversurum
1360 3840 1388 3900 in
1417 3848 1504 3918 parte

141 3935 251 3997 Lunae
275 3934 373 3996 lucida
397 3935 515 3996 omnino
540 3936 639 4013 optice
665 3935 854 3994 demonstras
879 3955 916 3994 ex
940 3933 1165 3993 illuminationis
1190 3930 1316 4002 ratione,
1342 3929 1411 3990 illas
1436 3948 1502 3989 esse

144 4023 297 4086 cavitates
331 4025 447 4105 aliquas
477 4045 529 4084 seu
562 4025 722 4101 depressas
756 4024 879 4083 lacunas
909 4024 937 4082 in
967 4022 1079 4082 Lunari
1112 4040 1246 4100 corpore.
1294 4019 1354 4080 Sed
1388 4019 1505 4079 excitas

144 4113 397 4191 disputationem,
429 4114 568 4193 quidnam
593 4113 654 4174 sint
679 4113 747 4174 illae
771 4121 833 4172 tam
862 4112 984 4172 crebrae
1011 4112 1114 4172 Lunae
1139 4109 1273 4170 maculae
1302 4108 1398 4187 partis
1423 4107 1504 4167 anti-

144 4201 247 4282 quitus
271 4202 388 4263 lucidae
412 4211 547 4282 putatae.
587 4204 631 4262 Tu
656 4222 707 4262 eas
732 4221 796 4261 cum
820 4201 950 4261 vallibus
974 4221 1131 4279 comparas
1156 4206 1277 4258 nostrae
1303 4196 1449 4268 Telluris;
1474 4204 1506 4256 et

145 4291 259 4365 fateor,
294 4310 361 4352 esse
395 4291 553 4352 nonnullas
589 4290 757 4369 hujusmodi
792 4292 904 4356 valles,
939 4289 1117 4367 praesertim
1148 4287 1177 4347 in
1208 4285 1312 4364 Styria
1342 4283 1503 4362 provincia,

144 4378 248 4460 specie
279 4380 363 4458 quasi
398 4380 561 4452 rotundas,
598 4380 732 4439 trucibus
764 4377 987 4457 augeretissimis
1025 4377 1146 4437 lluvinm
1177 4376 1295 4435 Moram
1325 4373 1505 4452 recipientes

144 4487 248 4548 supra,
273 4469 446 4530 emittentes
471 4469 563 4541 inira,
591 4480 622 4528 ut
647 4475 716 4527 suut
744 4468 840 4546 campi
862 4467 937 4527 dicti
964 4465 1157 4535 Graeceusis,
1181 4460 1386 4535 Libnicensis,
1412 4469 1443 4522 et
1466 4462 1504 4521 ad

144 4557 281 4618 Dravum
305 4558 542 4637 Marpurqensis,
568 4557 677 4635 aliique
692 4576 745 4635 per
767 4557 842 4618 alias
860 4556 1008 4635 regiones,
1036 4576 1110 4635 quos
1132 4555 1243 4613 circum
1267 4569 1389 4629 campos
1415 4550 1502 4610 altis-

145 4647 223 4708 sima
257 4656 441 4725 consurgunt
471 4647 614 4707 montium
646 4646 738 4723 juga,
773 4646 902 4724 speciem
937 4646 1024 4706 aheni
1059 4641 1273 4723 exprimentia3
1306 4639 1415 4719 quippe
1446 4657 1505 4699 nou

144 4735 270 4798 minima
293 4754 363 4814 pars
393 4736 560 4797 latitudiuis
589 4753 761 4812 camporum
787 4745 835 4795 est
863 4735 992 4795 altitudo
1022 4732 1279 4810 circumjectarum
1309 4728 1504 4807 crepidinunr.

144 4824 295 4904 Equidem
330 4825 446 4898 fateor,
481 4833 513 4886 et
546 4825 624 4885 tales
652 4823 681 4884 in
707 4824 793 4884 Luna
826 4825 922 4884 valles
956 4843 1024 4883 esse
1058 4841 1166 4901 posse,
1200 4818 1329 4879 sinuosis
1362 4817 1506 4877 montium

146 4912 316 4974 recessibus
340 4923 463 4993 proptor
482 4900 593 4976 'liuvios
619 4921 794 4973 excavatas.
842 4912 886 4974 At
909 4913 979 4991 quia
1003 4914 1099 4985 addis,
1125 4918 1186 4970 tam
1212 4907 1333 4969 crebras
1357 4926 1424 4968 esse
1450 4906 1505 4966 has

145 5001 291 5071 maculas,
316 5010 349 5063 ut
372 5003 541 5064 assimilent
566 5001 692 5064 lucidam
716 5010 832 5080 partem
858 5001 990 5080 corporis
1015 5000 1144 5062 Lunaris
1173 4997 1286 5059 candae
1315 4994 1451 5075 pavonis,
1476 4996 1505 5055 iu
