<?xml version="1.0" encoding="UTF-8"?>
<!DOCTYPE html PUBLIC "-//W3C//DTD XHTML 1.0 Transitional//EN"
    "http://www.w3.org/TR/xhtml1/DTD/xhtml1-transitional.dtd">
<html xmlns="http://www.w3.org/1999/xhtml" xml:lang="en" lang="en">
 <head>
  <title>
</title>
<meta http-equiv="Content-Type" content="text/html;charset=utf-8" />
  <meta name='ocr-system' content='tesseract 3.04.00' />
  <meta name='ocr-capabilities' content='ocr_page ocr_carea ocr_par ocr_line ocrx_word'/>
</head>
<body>
  <div class='ocr_page' id='page_1' title='image "./joanniskepleria01frisgoog/joanniskepleria01frisgoog_0036.png"; bbox 0 0 3692 5842; ppageno 0'>
   <div class='ocr_carea' id='block_1_1' title="bbox 246 453 1175 524">
    <p class='ocr_par' dir='ltr' id='par_1_1' title="bbox 246 453 1175 524">
     <span class='ocr_line' id='line_1_1' title="bbox 246 453 1175 524; baseline -0.006 -15"><span class='ocrx_word' id='word_1_1' title='bbox 246 454 291 524; x_wconf 69' lang='lat'>2⁴</span> <span class='ocrx_word' id='word_1_2' title='bbox 666 454 767 506; x_wconf 82' lang='lat' dir='ltr'>Literae</span> <span class='ocrx_word' id='word_1_3' title='bbox 784 453 887 521; x_wconf 81' lang='lat' dir='ltr'>Keplerr‘</span> <span class='ocrx_word' id='word_1_4' title='bbox 905 454 1057 520; x_wconf 83' lang='lat' dir='ltr'>aliorumque</span> <span class='ocrx_word' id='word_1_5' title='bbox 1073 458 1175 504; x_wconf 83' lang='lat' dir='ltr'>mutuae</span> 
     </span>
    </p>
   </div>
   <div class='ocr_carea' id='block_1_2' title="bbox 246 630 1613 894">
    <p class='ocr_par' dir='ltr' id='par_1_2' title="bbox 246 630 1613 894">
     <span class='ocr_line' id='line_1_2' title="bbox 246 630 1613 719; baseline -0.006 -20"><span class='ocrx_word' id='word_1_6' title='bbox 246 638 338 719; x_wconf 89' lang='lat' dir='ltr'>igitur</span> <span class='ocrx_word' id='word_1_7' title='bbox 361 635 483 700; x_wconf 89' lang='lat' dir='ltr'>dimidio</span> <span class='ocrx_word' id='word_1_8' title='bbox 507 636 657 699; x_wconf 90' lang='lat' dir='ltr'>minuetur</span> <span class='ocrx_word' id='word_1_9' title='bbox 679 634 971 717; x_wconf 86' lang='lat' dir='ltr'>prosthnphaeresis.</span> <span class='ocrx_word' id='word_1_10' title='bbox 1010 633 1098 697; x_wconf 83' lang='lat' dir='ltr'><strong>Enim</strong></span> <span class='ocrx_word' id='word_1_11' title='bbox 1122 651 1192 696; x_wconf 88' lang='lat' dir='ltr'>vero</span> <span class='ocrx_word' id='word_1_12' title='bbox 1208 630 1433 717; x_wconf 67' lang='lat' dir='ltr'>agedincum),</span> <span class='ocrx_word' id='word_1_13' title='bbox 1455 632 1543 693; x_wconf 80' lang='lat' dir='ltr'>tuum</span> <span class='ocrx_word' id='word_1_14' title='bbox 1565 634 1613 691; x_wconf 84' lang='lat' dir='ltr'>est</span> 
     </span>
     <span class='ocr_line' id='line_1_3' title="bbox 247 725 891 805; baseline -0.006 -13"><span class='ocrx_word' id='word_1_15' title='bbox 247 734 399 792; x_wconf 73' lang='lat' dir='ltr'><strong>statuere:</strong></span> <span class='ocrx_word' id='word_1_16' title='bbox 424 726 522 789; x_wconf 88' lang='lat' dir='ltr'>scribo</span> <span class='ocrx_word' id='word_1_17' title='bbox 547 747 586 790; x_wconf 87' lang='lat' dir='ltr'>n..</span> <span class='ocrx_word' id='word_1_18' title='bbox 603 725 891 805; x_wconf 77' lang='lat' dir='ltr'>impraemeditatus,</span> 
     </span>
     <span class='ocr_line' id='line_1_4' title="bbox 334 823 1612 894; baseline -0.005 -12"><span class='ocrx_word' id='word_1_19' title='bbox 334 832 541 883; x_wconf 83' lang='lat' dir='ltr'>Maestlinus</span> <span class='ocrx_word' id='word_1_20' title='bbox 558 830 684 894; x_wconf 87' lang='lat' dir='ltr'>respondit</span> <span class='ocrx_word' id='word_1_21' title='bbox 705 832 729 880; x_wconf 93' lang='lat' dir='ltr'>d.</span> <span class='ocrx_word' id='word_1_22' title='bbox 744 829 768 879; x_wconf 81' lang='lat' dir='ltr'>l.</span> <span class='ocrx_word' id='word_1_23' title='bbox 783 823 851 892; x_wconf 80' lang='lat' dir='ltr'>(rt.)</span> <span class='ocrx_word' id='word_1_24' title='bbox 863 832 938 882; x_wconf 89' lang='lat' dir='ltr'>Jubi:</span> <span class='ocrx_word' id='word_1_25' title='bbox 959 830 999 881; x_wconf 92' lang='lat' dir='ltr'>De</span> <span class='ocrx_word' id='word_1_26' title='bbox 1021 828 1117 890; x_wconf 66' lang='lat' dir='ltr'>cuculo</span> <span class='ocrx_word' id='word_1_27' title='bbox 1132 829 1229 893; x_wconf 85' lang='lat' dir='ltr'>eclipsis</span> <span class='ocrx_word' id='word_1_28' title='bbox 1248 828 1306 894; x_wconf 88' lang='lat' dir='ltr'>qaid</span> <span class='ocrx_word' id='word_1_29' title='bbox 1325 825 1501 893; x_wconf 83' lang='lat' dir='ltr'>corrigendum</span> <span class='ocrx_word' id='word_1_30' title='bbox 1519 830 1612 891; x_wconf 76' lang='lat' dir='ltr'>patera</span> 
     </span>
    </p>
   </div>
   <div class='ocr_carea' id='block_1_3' title="bbox 247 899 1613 1393">
    <p class='ocr_par' dir='ltr' id='par_1_3' title="bbox 247 899 1613 1393">
     <span class='ocr_line' id='line_1_5' title="bbox 248 899 1612 966; baseline -0.009 -8"><span class='ocrx_word' id='word_1_31' title='bbox 248 912 331 958; x_wconf 66' lang='lat' dir='ltr'>ustus</span> <span class='ocrx_word' id='word_1_32' title='bbox 350 919 405 954; x_wconf 84' lang='lat' dir='ltr'>esse</span> <span class='ocrx_word' id='word_1_33' title='bbox 424 918 475 952; x_wconf 88' lang='lat' dir='ltr'>non</span> <span class='ocrx_word' id='word_1_34' title='bbox 493 918 603 966; x_wconf 84' lang='lat' dir='ltr'>possum.</span> <span class='ocrx_word' id='word_1_35' title='bbox 642 901 787 966; x_wconf 80' lang='lat' dir='ltr'>computari</span> <span class='ocrx_word' id='word_1_36' title='bbox 816 918 872 952; x_wconf 91' lang='lat' dir='ltr'>eam</span> <span class='ocrx_word' id='word_1_37' title='bbox 899 917 929 952; x_wconf 90' lang='lat' dir='ltr'>ex</span> <span class='ocrx_word' id='word_1_38' title='bbox 947 902 1118 951; x_wconf 81' lang='lat' dir='ltr'>observatione</span> <span class='ocrx_word' id='word_1_39' title='bbox 1145 915 1221 966; x_wconf 85' lang='lat' dir='ltr'>quam</span> <span class='ocrx_word' id='word_1_40' title='bbox 1243 907 1314 950; x_wconf 83' lang='lat' dir='ltr'>certa</span> <span class='ocrx_word' id='word_1_41' title='bbox 1340 899 1441 964; x_wconf 84' lang='lat' dir='ltr'>quidem</span> <span class='ocrx_word' id='word_1_42' title='bbox 1461 909 1495 947; x_wconf 80' lang='lat' dir='ltr'>aa</span> <span class='ocrx_word' id='word_1_43' title='bbox 1515 904 1612 961; x_wconf 79' lang='lat' dir='ltr'>propter</span> 
     </span>
     <span class='ocr_line' id='line_1_6' title="bbox 247 964 1611 1037; baseline -0.008 -9"><span class='ocrx_word' id='word_1_44' title='bbox 247 974 358 1028; x_wconf 85' lang='lat' dir='ltr'>nubilum</span> <span class='ocrx_word' id='word_1_45' title='bbox 373 974 469 1023; x_wconf 87' lang='lat' dir='ltr'>coelum</span> <span class='ocrx_word' id='word_1_46' title='bbox 487 973 573 1023; x_wconf 89' lang='lat' dir='ltr'>haberi</span> <span class='ocrx_word' id='word_1_47' title='bbox 593 975 680 1035; x_wconf 84' lang='lat' dir='ltr'>potuit</span> <span class='ocrx_word' id='word_1_48' title='bbox 707 974 766 1022; x_wconf 86' lang='lat' dir='ltr'>ldeo</span> <span class='ocrx_word' id='word_1_49' title='bbox 785 975 872 1022; x_wconf 90' lang='lat' dir='ltr'>mirum</span> <span class='ocrx_word' id='word_1_50' title='bbox 887 975 963 1023; x_wconf 84' lang='lat' dir='ltr'>etiam</span> <span class='ocrx_word' id='word_1_51' title='bbox 982 987 1031 1021; x_wconf 90' lang='lat' dir='ltr'>nou</span> <span class='ocrx_word' id='word_1_52' title='bbox 1048 978 1095 1028; x_wconf 88' lang='lat' dir='ltr'>est.</span> <span class='ocrx_word' id='word_1_53' title='bbox 1114 972 1233 1037; x_wconf 75' lang='lat' dir='ltr'>siquidem</span> <span class='ocrx_word' id='word_1_54' title='bbox 1252 969 1364 1021; x_wconf 78' lang='lat' dir='ltr'>calciatus</span> <span class='ocrx_word' id='word_1_55' title='bbox 1377 964 1490 1018; x_wconf 70' lang='lat' dir='ltr'>nonnisi!</span> <span class='ocrx_word' id='word_1_56' title='bbox 1502 966 1611 1018; x_wconf 61' lang='lat' dir='ltr'>deficit</span> 
     </span>
     <span class='ocr_line' id='line_1_7' title="bbox 247 1037 1610 1108; baseline -0.006 -11"><span class='ocrx_word' id='word_1_57' title='bbox 247 1045 326 1097; x_wconf 83' lang='lat' dir='ltr'>Plura</span> <span class='ocrx_word' id='word_1_58' title='bbox 352 1045 383 1096; x_wconf 91' lang='lat' dir='ltr'>de</span> <span class='ocrx_word' id='word_1_59' title='bbox 410 1044 449 1093; x_wconf 88' lang='lat' dir='ltr'>bis</span> <span class='ocrx_word' id='word_1_60' title='bbox 470 1046 523 1106; x_wconf 74' lang='lat' dir='ltr'>jam</span> <span class='ocrx_word' id='word_1_61' title='bbox 542 1045 669 1108; x_wconf 84' lang='lat' dir='ltr'>cogitandi</span> <span class='ocrx_word' id='word_1_62' title='bbox 690 1051 716 1093; x_wconf 90' lang='lat' dir='ltr'>et</span> <span class='ocrx_word' id='word_1_63' title='bbox 733 1044 856 1094; x_wconf 84' lang='lat' dir='ltr'>scribendi</span> <span class='ocrx_word' id='word_1_64' title='bbox 881 1059 921 1094; x_wconf 88' lang='lat' dir='ltr'>me</span> <span class='ocrx_word' id='word_1_65' title='bbox 946 1044 1053 1093; x_wconf 72' lang='lat' dir='ltr'>brevitas</span> <span class='ocrx_word' id='word_1_66' title='bbox 1072 1044 1188 1107; x_wconf 85' lang='lat' dir='ltr'>temporis</span> <span class='ocrx_word' id='word_1_67' title='bbox 1214 1048 1241 1091; x_wconf 91' lang='lat' dir='ltr'>et</span> <span class='ocrx_word' id='word_1_68' title='bbox 1264 1041 1443 1105; x_wconf 70' lang='lat' dir='ltr'>occupassem</span> <span class='ocrx_word' id='word_1_69' title='bbox 1462 1037 1610 1104; x_wconf 64' lang='lat' dir='ltr'>inpediant,</span> 
     </span>
     <span class='ocr_line' id='line_1_8' title="bbox 248 1113 799 1183; baseline -0.009 -15"><span class='ocrx_word' id='word_1_70' title='bbox 248 1117 397 1183; x_wconf 85' lang='lat' dir='ltr'>praesertim</span> <span class='ocrx_word' id='word_1_71' title='bbox 421 1129 526 1165; x_wconf 87' lang='lat' dir='ltr'>examen</span> <span class='ocrx_word' id='word_1_72' title='bbox 547 1114 737 1165; x_wconf 88' lang='lat' dir='ltr'>candidatorum</span> <span class='ocrx_word' id='word_1_73' title='bbox 755 1113 799 1164; x_wconf 85' lang='lat' dir='ltr'>dte.</span> 
     </span>
     <span class='ocr_line' id='line_1_9' title="bbox 334 1180 1612 1249; baseline -0.004 -14"><span class='ocrx_word' id='word_1_74' title='bbox 334 1185 375 1237; x_wconf 89' lang='lat' dir='ltr'>De</span> <span class='ocrx_word' id='word_1_75' title='bbox 391 1185 440 1235; x_wconf 83' lang='lat' dir='ltr'>alio</span> <span class='ocrx_word' id='word_1_76' title='bbox 461 1187 657 1236; x_wconf 85' lang='lat' dir='ltr'>eccentricitatir</span> <span class='ocrx_word' id='word_1_77' title='bbox 675 1185 839 1235; x_wconf 75' lang='lat' dir='ltr'>inveniendae</span> <span class='ocrx_word' id='word_1_78' title='bbox 856 1184 929 1234; x_wconf 90' lang='lat' dir='ltr'>modo</span> <span class='ocrx_word' id='word_1_79' title='bbox 949 1199 995 1249; x_wconf 90' lang='lat' dir='ltr'>ego</span> <span class='ocrx_word' id='word_1_80' title='bbox 1020 1184 1129 1247; x_wconf 88' lang='lat' dir='ltr'>proiecto</span> <span class='ocrx_word' id='word_1_81' title='bbox 1149 1184 1255 1234; x_wconf 89' lang='lat' dir='ltr'>scribere</span> <span class='ocrx_word' id='word_1_82' title='bbox 1275 1184 1374 1243; x_wconf 69' lang='lat' dir='ltr'>umoio,</span> <span class='ocrx_word' id='word_1_83' title='bbox 1396 1180 1474 1233; x_wconf 77' lang='lat' dir='ltr'>alim</span> <span class='ocrx_word' id='word_1_84' title='bbox 1494 1194 1543 1248; x_wconf 83' lang='lat' dir='ltr'>ogo</span> <span class='ocrx_word' id='word_1_85' title='bbox 1566 1195 1612 1230; x_wconf 80' lang='lat' dir='ltr'>soa</span> 
     </span>
     <span class='ocr_line' id='line_1_10' title="bbox 247 1252 1613 1322; baseline -0.006 -13"><span class='ocrx_word' id='word_1_86' title='bbox 247 1256 343 1314; x_wconf 74' lang='lat' dir='ltr'>habeor</span> <span class='ocrx_word' id='word_1_87' title='bbox 369 1271 429 1307; x_wconf 89' lang='lat' dir='ltr'>nam</span> <span class='ocrx_word' id='word_1_88' title='bbox 458 1258 499 1320; x_wconf 89' lang='lat' dir='ltr'>qui</span> <span class='ocrx_word' id='word_1_89' title='bbox 527 1272 558 1306; x_wconf 90' lang='lat' dir='ltr'>ex</span> <span class='ocrx_word' id='word_1_90' title='bbox 577 1258 749 1322; x_wconf 73' lang='lat' dir='ltr'>magnitudine</span> <span class='ocrx_word' id='word_1_91' title='bbox 772 1256 836 1307; x_wconf 88' lang='lat' dir='ltr'>Solis</span> <span class='ocrx_word' id='word_1_92' title='bbox 855 1257 985 1319; x_wconf 85' lang='lat' dir='ltr'>apparenti</span> <span class='ocrx_word' id='word_1_93' title='bbox 1007 1255 1103 1305; x_wconf 86' lang='lat' dir='ltr'>desumi</span> <span class='ocrx_word' id='word_1_94' title='bbox 1125 1261 1224 1317; x_wconf 75' lang='lat' dir='ltr'>posset.</span> <span class='ocrx_word' id='word_1_95' title='bbox 1252 1254 1325 1305; x_wconf 83' lang='lat' dir='ltr'>nimis</span> <span class='ocrx_word' id='word_1_96' title='bbox 1346 1252 1457 1304; x_wconf 83' lang='lat' dir='ltr'>lubricas</span> <span class='ocrx_word' id='word_1_97' title='bbox 1477 1260 1535 1310; x_wconf 80' lang='lat' dir='ltr'>est,</span> <span class='ocrx_word' id='word_1_98' title='bbox 1556 1252 1613 1317; x_wconf 83' lang='lat' dir='ltr'>quis</span> 
     </span>
     <span class='ocr_line' id='line_1_11' title="bbox 250 1322 1610 1393; baseline -0.004 -14"><span class='ocrx_word' id='word_1_99' title='bbox 250 1330 305 1391; x_wconf 74' lang='lat' dir='ltr'>eius</span> <span class='ocrx_word' id='word_1_100' title='bbox 333 1328 479 1393; x_wconf 84' lang='lat' dir='ltr'>magnitudo</span> <span class='ocrx_word' id='word_1_101' title='bbox 508 1343 558 1377; x_wconf 91' lang='lat' dir='ltr'>uon</span> <span class='ocrx_word' id='word_1_102' title='bbox 579 1328 606 1377; x_wconf 91' lang='lat' dir='ltr'>in</span> <span class='ocrx_word' id='word_1_103' title='bbox 628 1329 729 1377; x_wconf 86' lang='lat' dir='ltr'>minutis</span> <span class='ocrx_word' id='word_1_104' title='bbox 747 1335 844 1377; x_wconf 89' lang='lat' dir='ltr'>tantum</span> <span class='ocrx_word' id='word_1_105' title='bbox 863 1327 963 1391; x_wconf 87' lang='lat' dir='ltr'>primis,</span> <span class='ocrx_word' id='word_1_106' title='bbox 988 1327 1033 1377; x_wconf 85' lang='lat' dir='ltr'>red</span> <span class='ocrx_word' id='word_1_107' title='bbox 1053 1326 1209 1376; x_wconf 79' lang='lat' dir='ltr'>exactissime</span> <span class='ocrx_word' id='word_1_108' title='bbox 1233 1326 1311 1375; x_wconf 91' lang='lat' dir='ltr'>etiam</span> <span class='ocrx_word' id='word_1_109' title='bbox 1335 1325 1361 1373; x_wconf 88' lang='lat' dir='ltr'>in</span> <span class='ocrx_word' id='word_1_110' title='bbox 1386 1322 1506 1373; x_wconf 69' lang='lat' dir='ltr'>monadis</span> <span class='ocrx_word' id='word_1_111' title='bbox 1531 1322 1610 1388; x_wconf 84' lang='lat' dir='ltr'>expio·</span> 
     </span>
    </p>
   </div>
   <div class='ocr_carea' id='block_1_4' title="bbox 246 1399 1613 1534">
    <p class='ocr_par' dir='ltr' id='par_1_4' title="bbox 246 1399 1613 1534">
     <span class='ocr_line' id='line_1_12' title="bbox 246 1399 1613 1534; baseline -0.006 -13"><span class='ocrx_word' id='word_1_112' title='bbox 246 1399 496 1534; x_wconf 43' lang='lat' dir='ltr'>muaKeqsqqms</span> <span class='ocrx_word' id='word_1_113' title='bbox 520 1469 546 1517; x_wconf 88' lang='lat' dir='ltr'>in</span> <span class='ocrx_word' id='word_1_114' title='bbox 566 1467 671 1534; x_wconf 88' lang='lat' dir='ltr'>Optieae</span> <span class='ocrx_word' id='word_1_115' title='bbox 694 1467 747 1531; x_wconf 83' lang='lat' dir='ltr'>Cup</span> <span class='ocrx_word' id='word_1_116' title='bbox 767 1467 810 1517; x_wconf 86' lang='lat' dir='ltr'>lll.</span> <span class='ocrx_word' id='word_1_117' title='bbox 834 1468 910 1532; x_wconf 87' lang='lat' dir='ltr'>probi.</span> <span class='ocrx_word' id='word_1_118' title='bbox 932 1463 1008 1516; x_wconf 81' lang='lat' dir='ltr'>23rs.</span> <span class='ocrx_word' id='word_1_119' title='bbox 1032 1466 1097 1517; x_wconf 88' lang='lat' dir='ltr'>banc</span> <span class='ocrx_word' id='word_1_120' title='bbox 1118 1465 1218 1529; x_wconf 86' lang='lat' dir='ltr'>eclipsin</span> <span class='ocrx_word' id='word_1_121' title='bbox 1242 1466 1293 1517; x_wconf 86' lang='lat' dir='ltr'>alia</span> <span class='ocrx_word' id='word_1_122' title='bbox 1317 1479 1392 1531; x_wconf 88' lang='lat' dir='ltr'>quam</span> <span class='ocrx_word' id='word_1_123' title='bbox 1415 1476 1496 1529; x_wconf 84' lang='lat' dir='ltr'>supra</span> <span class='ocrx_word' id='word_1_124' title='bbox 1517 1464 1613 1514; x_wconf 81' lang='lat' dir='ltr'>rstiooe</span> 
     </span>
    </p>
   </div>
   <div class='ocr_carea' id='block_1_5' title="bbox 245 1537 1612 2383">
    <p class='ocr_par' dir='ltr' id='par_1_5' title="bbox 248 1537 1612 1674">
     <span class='ocr_line' id='line_1_13' title="bbox 248 1537 1612 1605; baseline -0.001 -16"><span class='ocrx_word' id='word_1_125' title='bbox 248 1540 408 1605; x_wconf 80' lang='lat' dir='ltr'>aggreditur.</span> <span class='ocrx_word' id='word_1_126' title='bbox 433 1539 559 1603; x_wconf 87' lang='lat' dir='ltr'>ellipribux</span> <span class='ocrx_word' id='word_1_127' title='bbox 575 1539 630 1589; x_wconf 90' lang='lat' dir='ltr'>loco</span> <span class='ocrx_word' id='word_1_128' title='bbox 650 1540 795 1589; x_wconf 85' lang='lat' dir='ltr'>circulorum</span> <span class='ocrx_word' id='word_1_129' title='bbox 813 1553 888 1595; x_wconf 85' lang='lat' dir='ltr'>usur,</span> <span class='ocrx_word' id='word_1_130' title='bbox 907 1539 982 1601; x_wconf 88' lang='lat' dir='ltr'>plane</span> <span class='ocrx_word' id='word_1_131' title='bbox 1001 1537 1206 1588; x_wconf 82' lang='lat' dir='ltr'>mathematicum</span> <span class='ocrx_word' id='word_1_132' title='bbox 1229 1550 1307 1602; x_wconf 57' lang='lat' dir='ltr'>qens</span> <span class='ocrx_word' id='word_1_133' title='bbox 1328 1547 1434 1602; x_wconf 87' lang='lat' dir='ltr'>eumque</span> <span class='ocrx_word' id='word_1_134' title='bbox 1452 1537 1612 1587; x_wconf 74' lang='lat' dir='ltr'>versatim</span> 
     </span>
     <span class='ocr_line' id='line_1_14' title="bbox 248 1609 1059 1674; baseline -0.005 -13"><span class='ocrx_word' id='word_1_135' title='bbox 248 1612 274 1661; x_wconf 88' lang='lat' dir='ltr'>iu</span> <span class='ocrx_word' id='word_1_136' title='bbox 289 1611 338 1661; x_wconf 80' lang='lat' dir='ltr'>bac</span> <span class='ocrx_word' id='word_1_137' title='bbox 359 1609 502 1674; x_wconf 83' lang='lat' dir='ltr'>disciplina,</span> <span class='ocrx_word' id='word_1_138' title='bbox 524 1624 599 1673; x_wconf 87' lang='lat' dir='ltr'>quam</span> <span class='ocrx_word' id='word_1_139' title='bbox 620 1617 679 1659; x_wconf 89' lang='lat' dir='ltr'>unte</span> <span class='ocrx_word' id='word_1_140' title='bbox 695 1611 839 1659; x_wconf 79' lang='lat' dir='ltr'>sexennium</span> <span class='ocrx_word' id='word_1_141' title='bbox 860 1625 887 1659; x_wconf 90' lang='lat' dir='ltr'>se</span> <span class='ocrx_word' id='word_1_142' title='bbox 904 1610 1059 1672; x_wconf 71' lang='lat' dir='ltr'>praebuerat.</span> 
     </span>
    </p>

    <p class='ocr_par' dir='ltr' id='par_1_6' title="bbox 247 1676 1612 2098">
     <span class='ocr_line' id='line_1_15' title="bbox 339 1676 1611 1744; baseline -0.005 -13"><span class='ocrx_word' id='word_1_143' title='bbox 339 1681 480 1744; x_wconf 69' lang='lat' dir='ltr'>Descriptio</span> <span class='ocrx_word' id='word_1_144' title='bbox 502 1680 640 1743; x_wconf 85' lang='lat' dir='ltr'>eclipsis</span> <span class='ocrx_word' id='word_1_145' title='bbox 658 1681 799 1731; x_wconf 83' lang='lat' dir='ltr'>Lunaris</span> <span class='ocrx_word' id='word_1_146' title='bbox 818 1681 840 1730; x_wconf 91' lang='lat' dir='ltr'>d.</span> <span class='ocrx_word' id='word_1_147' title='bbox 856 1678 896 1729; x_wconf 77' lang='lat' dir='ltr'>lt.</span> <span class='ocrx_word' id='word_1_148' title='bbox 911 1682 976 1744; x_wconf 83' lang='lat' dir='ltr'>Aug.</span> <span class='ocrx_word' id='word_1_149' title='bbox 998 1677 1066 1729; x_wconf 83' lang='grc'>1598</span> <span class='ocrx_word' id='word_1_150' title='bbox 1079 1694 1134 1728; x_wconf 92' lang='lat' dir='ltr'>cum</span> <span class='ocrx_word' id='word_1_151' title='bbox 1152 1678 1250 1728; x_wconf 86' lang='lat' dir='ltr'>modum</span> <span class='ocrx_word' id='word_1_152' title='bbox 1272 1678 1375 1741; x_wconf 89' lang='lat' dir='ltr'>Kepleri</span> <span class='ocrx_word' id='word_1_153' title='bbox 1396 1676 1550 1729; x_wconf 73' lang='lat' dir='ltr'>ebretrudi</span> <span class='ocrx_word' id='word_1_154' title='bbox 1569 1676 1611 1725; x_wconf 86' lang='lat' dir='ltr'>de·</span> 
     </span>
     <span class='ocr_line' id='line_1_16' title="bbox 248 1748 1612 1815; baseline -0.004 -13"><span class='ocrx_word' id='word_1_155' title='bbox 248 1751 389 1802; x_wconf 67' lang='lat' dir='ltr'>beientibus</span> <span class='ocrx_word' id='word_1_156' title='bbox 407 1753 591 1810; x_wconf 84' lang='lat' dir='ltr'>instrumentis,</span> <span class='ocrx_word' id='word_1_157' title='bbox 614 1758 667 1801; x_wconf 92' lang='lat' dir='ltr'>tum</span> <span class='ocrx_word' id='word_1_158' title='bbox 683 1752 790 1800; x_wconf 86' lang='lat' dir='ltr'>studium</span> <span class='ocrx_word' id='word_1_159' title='bbox 810 1758 928 1807; x_wconf 83' lang='lat' dir='ltr'>testatur,</span> <span class='ocrx_word' id='word_1_160' title='bbox 950 1766 1031 1799; x_wconf 89' lang='lat' dir='ltr'>rerum</span> <span class='ocrx_word' id='word_1_161' title='bbox 1047 1763 1137 1800; x_wconf 88' lang='lat' dir='ltr'>causas</span> <span class='ocrx_word' id='word_1_162' title='bbox 1155 1749 1319 1815; x_wconf 86' lang='lat' dir='ltr'>cognoscendi</span> <span class='ocrx_word' id='word_1_163' title='bbox 1330 1756 1356 1799; x_wconf 90' lang='lat' dir='ltr'>et</span> <span class='ocrx_word' id='word_1_164' title='bbox 1371 1762 1436 1814; x_wconf 89' lang='lat' dir='ltr'>quae</span> <span class='ocrx_word' id='word_1_165' title='bbox 1455 1748 1552 1812; x_wconf 84' lang='lat' dir='ltr'>priores</span> <span class='ocrx_word' id='word_1_166' title='bbox 1570 1754 1612 1796; x_wconf 85' lang='lat' dir='ltr'>aut</span> 
     </span>
     <span class='ocr_line' id='line_1_17' title="bbox 248 1817 1610 1886; baseline -0.004 -13"><span class='ocrx_word' id='word_1_167' title='bbox 248 1823 383 1873; x_wconf 86' lang='lat' dir='ltr'>omiserant</span> <span class='ocrx_word' id='word_1_168' title='bbox 403 1828 449 1872; x_wconf 90' lang='lat' dir='ltr'>aut</span> <span class='ocrx_word' id='word_1_169' title='bbox 469 1837 581 1886; x_wconf 77' lang='lat' dir='ltr'>perverse</span> <span class='ocrx_word' id='word_1_170' title='bbox 600 1823 805 1877; x_wconf 78' lang='lat' dir='ltr'>declararersnt.</span> <span class='ocrx_word' id='word_1_171' title='bbox 822 1821 972 1872; x_wconf 89' lang='lat' dir='ltr'>emendandi</span> <span class='ocrx_word' id='word_1_172' title='bbox 985 1828 1020 1871; x_wconf 85' lang='lat' dir='ltr'>et</span> <span class='ocrx_word' id='word_1_173' title='bbox 1036 1819 1173 1885; x_wconf 87' lang='lat' dir='ltr'>supplendi.</span> <span class='ocrx_word' id='word_1_174' title='bbox 1210 1819 1300 1886; x_wconf 85' lang='lat' dir='ltr'>Paucis</span> <span class='ocrx_word' id='word_1_175' title='bbox 1319 1820 1421 1885; x_wconf 81' lang='lat' dir='ltr'>attingit</span> <span class='ocrx_word' id='word_1_176' title='bbox 1442 1817 1511 1868; x_wconf 85' lang='lat' dir='ltr'>banc</span> <span class='ocrx_word' id='word_1_177' title='bbox 1530 1818 1610 1868; x_wconf 81' lang='lat' dir='ltr'>obser·</span> 
     </span>
     <span class='ocr_line' id='line_1_18' title="bbox 248 1890 1612 1957; baseline -0.004 -14"><span class='ocrx_word' id='word_1_178' title='bbox 248 1893 374 1943; x_wconf 83' lang='lat' dir='ltr'>rationem</span> <span class='ocrx_word' id='word_1_179' title='bbox 398 1894 424 1942; x_wconf 93' lang='lat' dir='ltr'>in</span> <span class='ocrx_word' id='word_1_180' title='bbox 442 1893 503 1942; x_wconf 93' lang='lat' dir='ltr'>libro</span> <span class='ocrx_word' id='word_1_181' title='bbox 523 1908 566 1942; x_wconf 89' lang='lat' dir='ltr'>suo</span> <span class='ocrx_word' id='word_1_182' title='bbox 589 1892 649 1956; x_wconf 85' lang='lat' dir='ltr'>Cap.</span> <span class='ocrx_word' id='word_1_183' title='bbox 665 1893 725 1947; x_wconf 79' lang='lat' dir='ltr'>Vll.</span> <span class='ocrx_word' id='word_1_184' title='bbox 747 1890 771 1941; x_wconf 79' lang='grc'>3.</span> <span class='ocrx_word' id='word_1_185' title='bbox 786 1892 818 1950; x_wconf 78' lang='lat' dir='ltr'>t,</span> <span class='ocrx_word' id='word_1_186' title='bbox 841 1895 882 1942; x_wconf 90' lang='lat' dir='ltr'>ubi</span> <span class='ocrx_word' id='word_1_187' title='bbox 901 1893 932 1942; x_wconf 93' lang='lat' dir='ltr'>de</span> <span class='ocrx_word' id='word_1_188' title='bbox 950 1894 1037 1942; x_wconf 87' lang='lat' dir='ltr'>eadem</span> <span class='ocrx_word' id='word_1_189' title='bbox 1054 1894 1106 1957; x_wconf 88' lang='lat' dir='ltr'>egit</span> <span class='ocrx_word' id='word_1_190' title='bbox 1125 1893 1293 1953; x_wconf 73' lang='lat' dir='ltr'>apparitione,</span> <span class='ocrx_word' id='word_1_191' title='bbox 1316 1904 1379 1954; x_wconf 86' lang='lat' dir='ltr'>qnae</span> <span class='ocrx_word' id='word_1_192' title='bbox 1398 1890 1612 1953; x_wconf 85' lang='lat' dir='ltr'>praecipuumest</span> 
     </span>
     <span class='ocr_line' id='line_1_19' title="bbox 247 1958 1610 2028; baseline -0.003 -15"><span class='ocrx_word' id='word_1_193' title='bbox 247 1965 373 2028; x_wconf 79' lang='lat' dir='ltr'>sequeutia</span> <span class='ocrx_word' id='word_1_194' title='bbox 393 1963 567 2028; x_wconf 85' lang='lat' dir='ltr'>disputationis</span> <span class='ocrx_word' id='word_1_195' title='bbox 587 1972 775 2028; x_wconf 71' lang='lat' dir='ltr'>argumentum</span> <span class='ocrx_word' id='word_1_196' title='bbox 792 1964 900 2028; x_wconf 82' lang='lat' dir='ltr'>pluribus</span> <span class='ocrx_word' id='word_1_197' title='bbox 918 1963 978 2027; x_wconf 87' lang='lat' dir='ltr'>Cap.</span> <span class='ocrx_word' id='word_1_198' title='bbox 993 1963 1035 2012; x_wconf 86' lang='lat' dir='ltr'>XI.</span> <span class='ocrx_word' id='word_1_199' title='bbox 1056 1978 1123 2026; x_wconf 90' lang='lat' dir='ltr'>prop.</span> <span class='ocrx_word' id='word_1_200' title='bbox 1140 1958 1182 2010; x_wconf 78' lang='lat'>32.</span> <span class='ocrx_word' id='word_1_201' title='bbox 1218 1962 1249 2011; x_wconf 92' lang='lat' dir='ltr'>In</span> <span class='ocrx_word' id='word_1_202' title='bbox 1267 1960 1391 2023; x_wconf 82' lang='lat' dir='ltr'>Tychonis</span> <span class='ocrx_word' id='word_1_203' title='bbox 1412 1960 1529 2010; x_wconf 82' lang='lat' dir='ltr'>Historia</span> <span class='ocrx_word' id='word_1_204' title='bbox 1550 1959 1610 2009; x_wconf 84' lang='lat' dir='ltr'>Coe·</span> 
     </span>
     <span class='ocr_line' id='line_1_20' title="bbox 247 2029 1294 2098; baseline -0.003 -16"><span class='ocrx_word' id='word_1_205' title='bbox 247 2032 303 2085; x_wconf 83' lang='lat' dir='ltr'>letti</span> <span class='ocrx_word' id='word_1_206' title='bbox 325 2042 395 2084; x_wconf 88' lang='lat' dir='ltr'>extat</span> <span class='ocrx_word' id='word_1_207' title='bbox 414 2034 544 2097; x_wconf 80' lang='lat' dir='ltr'>descriptio</span> <span class='ocrx_word' id='word_1_208' title='bbox 562 2034 635 2097; x_wconf 79' lang='lat' dir='ltr'>hujus</span> <span class='ocrx_word' id='word_1_209' title='bbox 658 2036 755 2098; x_wconf 85' lang='lat' dir='ltr'>eclipsis</span> <span class='ocrx_word' id='word_1_210' title='bbox 777 2037 922 2084; x_wconf 82' lang='lat' dir='ltr'>observatae</span> <span class='ocrx_word' id='word_1_211' title='bbox 941 2034 1138 2098; x_wconf 83' lang='lat' dir='ltr'>Wandesburgi,</span> <span class='ocrx_word' id='word_1_212' title='bbox 1157 2032 1213 2081; x_wconf 81' lang='lat' dir='ltr'>lolio</span> <span class='ocrx_word' id='word_1_213' title='bbox 1233 2029 1294 2081; x_wconf 81' lang='grc'>823.</span> 
     </span>
    </p>

    <p class='ocr_par' dir='ltr' id='par_1_7' title="bbox 245 2100 1611 2383">
     <span class='ocr_line' id='line_1_21' title="bbox 336 2100 1611 2169; baseline -0.005 -15"><span class='ocrx_word' id='word_1_214' title='bbox 336 2102 406 2155; x_wconf 83' lang='lat' dir='ltr'>inest</span> <span class='ocrx_word' id='word_1_215' title='bbox 430 2105 473 2155; x_wconf 90' lang='lat' dir='ltr'>illa</span> <span class='ocrx_word' id='word_1_216' title='bbox 500 2106 632 2169; x_wconf 87' lang='lat' dir='ltr'>descriptio</span> <span class='ocrx_word' id='word_1_217' title='bbox 657 2106 735 2155; x_wconf 87' lang='lat' dir='ltr'>literis</span> <span class='ocrx_word' id='word_1_218' title='bbox 757 2105 789 2155; x_wconf 92' lang='lat' dir='ltr'>ad</span> <span class='ocrx_word' id='word_1_219' title='bbox 805 2106 964 2156; x_wconf 88' lang='lat' dir='ltr'>Maestlinum</span> <span class='ocrx_word' id='word_1_220' title='bbox 983 2105 1048 2154; x_wconf 86' lang='lat' dir='ltr'>datis</span> <span class='ocrx_word' id='word_1_221' title='bbox 1076 2105 1116 2152; x_wconf 92' lang='lat' dir='ltr'>die</span> <span class='ocrx_word' id='word_1_222' title='bbox 1141 2101 1183 2151; x_wconf 81' lang='lat'>21.</span> <span class='ocrx_word' id='word_1_223' title='bbox 1205 2105 1283 2166; x_wconf 80' lang='lat' dir='ltr'>Aug..</span> <span class='ocrx_word' id='word_1_224' title='bbox 1303 2115 1406 2166; x_wconf 87' lang='lat' dir='ltr'>quarum</span> <span class='ocrx_word' id='word_1_225' title='bbox 1428 2106 1529 2166; x_wconf 86' lang='lat' dir='ltr'>partem</span> <span class='ocrx_word' id='word_1_226' title='bbox 1548 2100 1611 2164; x_wconf 86' lang='lat' dir='ltr'>prio·</span> 
     </span>
     <span class='ocr_line' id='line_1_22' title="bbox 245 2171 1610 2240; baseline -0.004 -15"><span class='ocrx_word' id='word_1_227' title='bbox 245 2189 299 2227; x_wconf 84' lang='lat' dir='ltr'>rem</span> <span class='ocrx_word' id='word_1_228' title='bbox 320 2174 501 2240; x_wconf 71' lang='lat' dir='ltr'>Velinae</span> <span class='ocrx_word' id='word_1_229' title='bbox 520 2177 700 2238; x_wconf 87' lang='lat' dir='ltr'>praemisimus.</span> <span class='ocrx_word' id='word_1_230' title='bbox 738 2176 799 2225; x_wconf 83' lang='lat' dir='ltr'>Cum</span> <span class='ocrx_word' id='word_1_231' title='bbox 823 2178 928 2239; x_wconf 86' lang='lat' dir='ltr'>incipiat</span> <span class='ocrx_word' id='word_1_232' title='bbox 950 2175 1029 2225; x_wconf 84' lang='lat' dir='ltr'>verbis</span> <span class='ocrx_word' id='word_1_233' title='bbox 1055 2173 1189 2232; x_wconf 84' lang='lat' dir='ltr'>„hesterno</span> <span class='ocrx_word' id='word_1_234' title='bbox 1206 2174 1279 2230; x_wconf 82' lang='lat' dir='ltr'>die·‘,</span> <span class='ocrx_word' id='word_1_235' title='bbox 1308 2173 1405 2237; x_wconf 85' lang='lat' dir='ltr'>eclipsis</span> <span class='ocrx_word' id='word_1_236' title='bbox 1424 2179 1513 2221; x_wconf 86' lang='lat' dir='ltr'>autem</span> <span class='ocrx_word' id='word_1_237' title='bbox 1532 2171 1610 2221; x_wconf 68' lang='lat' dir='ltr'>sond-</span> 
     </span>
     <span class='ocr_line' id='line_1_23' title="bbox 246 2243 1609 2312; baseline -0.003 -16"><span class='ocrx_word' id='word_1_238' title='bbox 246 2248 311 2312; x_wconf 85' lang='lat' dir='ltr'>gerit</span> <span class='ocrx_word' id='word_1_239' title='bbox 330 2247 370 2298; x_wconf 89' lang='lat' dir='ltr'>die</span> <span class='ocrx_word' id='word_1_240' title='bbox 392 2243 448 2305; x_wconf 88' lang='grc'><strong>16.,</strong></span> <span class='ocrx_word' id='word_1_241' title='bbox 473 2247 647 2296; x_wconf 82' lang='lat' dir='ltr'>assumendum</span> <span class='ocrx_word' id='word_1_242' title='bbox 674 2253 724 2302; x_wconf 86' lang='lat' dir='ltr'>est,</span> <span class='ocrx_word' id='word_1_243' title='bbox 751 2247 887 2310; x_wconf 81' lang='lat' dir='ltr'>complures</span> <span class='ocrx_word' id='word_1_244' title='bbox 906 2246 958 2295; x_wconf 88' lang='lat' dir='ltr'>dies</span> <span class='ocrx_word' id='word_1_245' title='bbox 980 2245 1115 2310; x_wconf 88' lang='lat' dir='ltr'>Keplerum</span> <span class='ocrx_word' id='word_1_246' title='bbox 1136 2247 1161 2293; x_wconf 92' lang='lat' dir='ltr'>in</span> <span class='ocrx_word' id='word_1_247' title='bbox 1189 2243 1317 2294; x_wconf 87' lang='lat' dir='ltr'>scribendo</span> <span class='ocrx_word' id='word_1_248' title='bbox 1335 2244 1518 2294; x_wconf 60' lang='lat' dir='ltr'>consumsisset</span> <span class='ocrx_word' id='word_1_249' title='bbox 1540 2257 1609 2306; x_wconf 83' lang='lat' dir='ltr'>prae·</span> 
     </span>
     <span class='ocr_line' id='line_1_24' title="bbox 246 2312 1537 2383; baseline -0.005 -16"><span class='ocrx_word' id='word_1_250' title='bbox 246 2319 332 2368; x_wconf 83' lang='lat' dir='ltr'>sertim</span> <span class='ocrx_word' id='word_1_251' title='bbox 355 2319 415 2383; x_wconf 88' lang='lat' dir='ltr'>quia</span> <span class='ocrx_word' id='word_1_252' title='bbox 433 2318 580 2381; x_wconf 85' lang='lat' dir='ltr'>copiosiores</span> <span class='ocrx_word' id='word_1_253' title='bbox 602 2319 652 2366; x_wconf 88' lang='lat' dir='ltr'>sint</span> <span class='ocrx_word' id='word_1_254' title='bbox 671 2315 829 2381; x_wconf 87' lang='lat' dir='ltr'>(paginarum</span> <span class='ocrx_word' id='word_1_255' title='bbox 851 2315 882 2366; x_wconf 83' lang='lat'>1³</span> <span class='ocrx_word' id='word_1_256' title='bbox 901 2320 927 2366; x_wconf 91' lang='lat' dir='ltr'>in</span> <span class='ocrx_word' id='word_1_257' title='bbox 946 2319 1024 2367; x_wconf 83' lang='lat' dir='ltr'>forma</span> <span class='ocrx_word' id='word_1_258' title='bbox 1042 2312 1169 2375; x_wconf 87' lang='lat' dir='ltr'>maxima).</span> <span class='ocrx_word' id='word_1_259' title='bbox 1196 2316 1268 2365; x_wconf 86' lang='lat' dir='ltr'>Haec</span> <span class='ocrx_word' id='word_1_260' title='bbox 1287 2329 1345 2380; x_wconf 88' lang='lat' dir='ltr'>ergo</span> <span class='ocrx_word' id='word_1_261' title='bbox 1364 2314 1537 2378; x_wconf 84' lang='lat' dir='ltr'>Keplorus:</span> 
     </span>
    </p>
   </div>
   <div class='ocr_carea' id='block_1_6' title="bbox 239 2402 1611 5052">
    <p class='ocr_par' dir='ltr' id='par_1_8' title="bbox 243 2402 1610 3812">
     <span class='ocr_line' id='line_1_25' title="bbox 337 2402 1609 2485; baseline -0.004 -19"><span class='ocrx_word' id='word_1_262' title='bbox 337 2406 488 2467; x_wconf 88' lang='lat' dir='ltr'>Hesterno</span> <span class='ocrx_word' id='word_1_263' title='bbox 517 2406 565 2466; x_wconf 92' lang='lat' dir='ltr'>die</span> <span class='ocrx_word' id='word_1_264' title='bbox 600 2406 655 2467; x_wconf 85' lang='lat' dir='ltr'>fuit</span> <span class='ocrx_word' id='word_1_265' title='bbox 688 2406 809 2485; x_wconf 83' lang='lat' dir='ltr'>eclipsis</span> <span class='ocrx_word' id='word_1_266' title='bbox 840 2407 956 2466; x_wconf 90' lang='lat' dir='ltr'>Lunae.</span> <span class='ocrx_word' id='word_1_267' title='bbox 1005 2404 1102 2468; x_wconf 89' lang='lat' dir='ltr'>Careo</span> <span class='ocrx_word' id='word_1_268' title='bbox 1132 2410 1232 2466; x_wconf 88' lang='lat' dir='ltr'>autem</span> <span class='ocrx_word' id='word_1_269' title='bbox 1261 2402 1288 2464; x_wconf 93' lang='lat' dir='ltr'>iu</span> <span class='ocrx_word' id='word_1_270' title='bbox 1322 2402 1500 2482; x_wconf 90' lang='lat' dir='ltr'>praeseutia</span> <span class='ocrx_word' id='word_1_271' title='bbox 1539 2402 1609 2464; x_wconf 93' lang='lat' dir='ltr'>urbe</span> 
     </span>
     <span class='ocr_line' id='line_1_26' title="bbox 246 2490 1609 2577; baseline -0.004 -20"><span class='ocrx_word' id='word_1_272' title='bbox 246 2501 369 2577; x_wconf 89' lang='lat' dir='ltr'>propter</span> <span class='ocrx_word' id='word_1_273' title='bbox 394 2492 601 2573; x_wconf 78' lang='lat' dir='ltr'>,suspicionem</span> <span class='ocrx_word' id='word_1_274' title='bbox 629 2494 867 2556; x_wconf 76' lang='lat' dir='ltr'>conversationis</span> <span class='ocrx_word' id='word_1_275' title='bbox 894 2493 1090 2573; x_wconf 79' lang='lat' dir='ltr'>periculosae.</span> <span class='ocrx_word' id='word_1_276' title='bbox 1138 2490 1306 2554; x_wconf 87' lang='lat' dir='ltr'>Grassatur</span> <span class='ocrx_word' id='word_1_277' title='bbox 1333 2508 1440 2570; x_wconf 89' lang='lat' dir='ltr'>nempe</span> <span class='ocrx_word' id='word_1_278' title='bbox 1465 2490 1516 2552; x_wconf 89' lang='lat' dir='ltr'>hic</span> <span class='ocrx_word' id='word_1_279' title='bbox 1546 2491 1609 2553; x_wconf 86' lang='lat' dir='ltr'>lues</span> 
     </span>
     <span class='ocr_line' id='line_1_27' title="bbox 246 2578 1609 2662; baseline -0.004 -17"><span class='ocrx_word' id='word_1_280' title='bbox 246 2582 375 2662; x_wconf 85' lang='lat' dir='ltr'>passim,</span> <span class='ocrx_word' id='word_1_281' title='bbox 414 2589 444 2644; x_wconf 88' lang='lat' dir='ltr'>et</span> <span class='ocrx_word' id='word_1_282' title='bbox 476 2583 554 2644; x_wconf 82' lang='lat' dir='ltr'>forte</span> <span class='ocrx_word' id='word_1_283' title='bbox 582 2601 669 2644; x_wconf 88' lang='lat' dir='ltr'>socer</span> <span class='ocrx_word' id='word_1_284' title='bbox 692 2601 775 2644; x_wconf 88' lang='lat' dir='ltr'>meus</span> <span class='ocrx_word' id='word_1_285' title='bbox 808 2582 836 2643; x_wconf 93' lang='lat' dir='ltr'>iu</span> <span class='ocrx_word' id='word_1_286' title='bbox 862 2591 994 2644; x_wconf 89' lang='lat' dir='ltr'>atrocem</span> <span class='ocrx_word' id='word_1_287' title='bbox 1018 2581 1151 2643; x_wconf 85' lang='lat' dir='ltr'>morbum</span> <span class='ocrx_word' id='word_1_288' title='bbox 1175 2580 1295 2649; x_wconf 87' lang='lat' dir='ltr'>incidit,</span> <span class='ocrx_word' id='word_1_289' title='bbox 1330 2598 1387 2659; x_wconf 92' lang='lat' dir='ltr'>quo</span> <span class='ocrx_word' id='word_1_290' title='bbox 1411 2578 1512 2640; x_wconf 89' lang='lat' dir='ltr'>inviso</span> <span class='ocrx_word' id='word_1_291' title='bbox 1538 2578 1609 2641; x_wconf 82' lang='lat' dir='ltr'>urbe</span> 
     </span>
     <span class='ocr_line' id='line_1_28' title="bbox 247 2667 1609 2751; baseline -0.003 -19"><span class='ocrx_word' id='word_1_292' title='bbox 247 2670 318 2732; x_wconf 88' lang='lat' dir='ltr'>mibi</span> <span class='ocrx_word' id='word_1_293' title='bbox 342 2670 546 2733; x_wconf 89' lang='lat' dir='ltr'>interdictum.</span> <span class='ocrx_word' id='word_1_294' title='bbox 580 2672 686 2751; x_wconf 87' lang='lat' dir='ltr'>ltaque</span> <span class='ocrx_word' id='word_1_295' title='bbox 711 2679 743 2732; x_wconf 92' lang='lat' dir='ltr'>et</span> <span class='ocrx_word' id='word_1_296' title='bbox 766 2670 972 2732; x_wconf 87' lang='lat' dir='ltr'>instrumentis</span> <span class='ocrx_word' id='word_1_297' title='bbox 995 2689 1099 2744; x_wconf 88' lang='lat' dir='ltr'>careo,</span> <span class='ocrx_word' id='word_1_298' title='bbox 1125 2689 1221 2749; x_wconf 90' lang='lat' dir='ltr'>neque</span> <span class='ocrx_word' id='word_1_299' title='bbox 1245 2668 1308 2730; x_wconf 90' lang='lat' dir='ltr'>heri</span> <span class='ocrx_word' id='word_1_300' title='bbox 1323 2686 1394 2747; x_wconf 86' lang='lat' dir='ltr'>spes</span> <span class='ocrx_word' id='word_1_301' title='bbox 1419 2676 1489 2729; x_wconf 87' lang='lat' dir='ltr'>erat</span> <span class='ocrx_word' id='word_1_302' title='bbox 1501 2667 1609 2730; x_wconf 84' lang='lat' dir='ltr'>Lunae</span> 
     </span>
     <span class='ocr_line' id='line_1_29' title="bbox 247 2756 1610 2839; baseline -0.002 -19"><span class='ocrx_word' id='word_1_303' title='bbox 247 2777 417 2821; x_wconf 89' lang='lat' dir='ltr'>emersurae</span> <span class='ocrx_word' id='word_1_304' title='bbox 440 2768 564 2838; x_wconf 90' lang='lat' dir='ltr'>propter</span> <span class='ocrx_word' id='word_1_305' title='bbox 596 2759 753 2821; x_wconf 86' lang='lat' dir='ltr'>continuas</span> <span class='ocrx_word' id='word_1_306' title='bbox 786 2759 904 2839; x_wconf 86' lang='lat' dir='ltr'>pluvias</span> <span class='ocrx_word' id='word_1_307' title='bbox 937 2758 1026 2837; x_wconf 79' lang='lat' dir='ltr'>liujus</span> <span class='ocrx_word' id='word_1_308' title='bbox 1055 2758 1155 2821; x_wconf 91' lang='lat' dir='ltr'>tridui.</span> <span class='ocrx_word' id='word_1_309' title='bbox 1203 2756 1489 2819; x_wconf 85' lang='lat' dir='ltr'>Circumscribenda</span> <span class='ocrx_word' id='word_1_310' title='bbox 1516 2756 1610 2836; x_wconf 86' lang='lat' dir='ltr'>igitur</span> 
     </span>
     <span class='ocr_line' id='line_1_30' title="bbox 247 2845 1609 2927; baseline -0.001 -18"><span class='ocrx_word' id='word_1_311' title='bbox 247 2854 400 2909; x_wconf 88' lang='lat' dir='ltr'>momenta</span> <span class='ocrx_word' id='word_1_312' title='bbox 423 2853 588 2927; x_wconf 89' lang='lat' dir='ltr'>temporum</span> <span class='ocrx_word' id='word_1_313' title='bbox 613 2848 771 2908; x_wconf 83' lang='lat' dir='ltr'>fallacibus</span> <span class='ocrx_word' id='word_1_314' title='bbox 795 2846 1040 2909; x_wconf 83' lang='lat' dir='ltr'>circumstantiis.</span> <span class='ocrx_word' id='word_1_315' title='bbox 1074 2848 1117 2909; x_wconf 88' lang='lat' dir='ltr'>Ut</span> <span class='ocrx_word' id='word_1_316' title='bbox 1139 2846 1266 2925; x_wconf 89' lang='lat' dir='ltr'>primum</span> <span class='ocrx_word' id='word_1_317' title='bbox 1280 2845 1342 2907; x_wconf 88' lang='lat' dir='ltr'>vidi</span> <span class='ocrx_word' id='word_1_318' title='bbox 1365 2845 1495 2915; x_wconf 82' lang='lat' dir='ltr'>Lunam,</span> <span class='ocrx_word' id='word_1_319' title='bbox 1521 2845 1609 2908; x_wconf 83' lang='lat' dir='ltr'>suili-</span> 
     </span>
     <span class='ocr_line' id='line_1_31' title="bbox 247 2934 1609 3014; baseline 0 -18"><span class='ocrx_word' id='word_1_320' title='bbox 247 2935 348 2997; x_wconf 87' lang='lat' dir='ltr'>ciebat</span> <span class='ocrx_word' id='word_1_321' title='bbox 372 2934 469 2995; x_wconf 86' lang='lat' dir='ltr'>adhuc</span> <span class='ocrx_word' id='word_1_322' title='bbox 493 2936 543 2996; x_wconf 81' lang='lat' dir='ltr'>iux</span> <span class='ocrx_word' id='word_1_323' title='bbox 558 2935 724 3014; x_wconf 88' lang='lat' dir='ltr'>crepusculi</span> <span class='ocrx_word' id='word_1_324' title='bbox 749 2935 870 2997; x_wconf 89' lang='lat' dir='ltr'>lectioni</span> <span class='ocrx_word' id='word_1_325' title='bbox 894 2936 923 2998; x_wconf 92' lang='lat' dir='ltr'>iu</span> <span class='ocrx_word' id='word_1_326' title='bbox 949 2935 1041 3011; x_wconf 88' lang='lat' dir='ltr'>libris,</span> <span class='ocrx_word' id='word_1_327' title='bbox 1067 2936 1120 2998; x_wconf 90' lang='lat' dir='ltr'>sed</span> <span class='ocrx_word' id='word_1_328' title='bbox 1130 2935 1258 3014; x_wconf 88' lang='lat' dir='ltr'>jamjam</span> <span class='ocrx_word' id='word_1_329' title='bbox 1273 2952 1473 3009; x_wconf 86' lang='lat' dir='ltr'>evanescens,</span> <span class='ocrx_word' id='word_1_330' title='bbox 1499 2952 1609 3014; x_wconf 85' lang='lat' dir='ltr'>quam·</span> 
     </span>
     <span class='ocr_line' id='line_1_32' title="bbox 246 3022 1608 3101; baseline 0.001 -21"><span class='ocrx_word' id='word_1_331' title='bbox 246 3022 295 3085; x_wconf 82' lang='lat' dir='ltr'>ris</span> <span class='ocrx_word' id='word_1_332' title='bbox 328 3040 414 3083; x_wconf 90' lang='lat' dir='ltr'>mons</span> <span class='ocrx_word' id='word_1_333' title='bbox 447 3023 571 3084; x_wconf 85' lang='lat' dir='ltr'>occiduo</span> <span class='ocrx_word' id='word_1_334' title='bbox 599 3022 663 3085; x_wconf 90' lang='lat' dir='ltr'>Soli</span> <span class='ocrx_word' id='word_1_335' title='bbox 694 3023 831 3101; x_wconf 87' lang='lat' dir='ltr'>objectus</span> <span class='ocrx_word' id='word_1_336' title='bbox 867 3032 998 3086; x_wconf 88' lang='lat' dir='ltr'>maturet</span> <span class='ocrx_word' id='word_1_337' title='bbox 1029 3025 1077 3086; x_wconf 88' lang='lat' dir='ltr'>bic</span> <span class='ocrx_word' id='word_1_338' title='bbox 1110 3023 1261 3085; x_wconf 85' lang='lat' dir='ltr'>tenebras.</span> <span class='ocrx_word' id='word_1_339' title='bbox 1308 3022 1377 3083; x_wconf 85' lang='lat' dir='ltr'>Jam</span> <span class='ocrx_word' id='word_1_340' title='bbox 1410 3031 1517 3084; x_wconf 89' lang='lat' dir='ltr'>autem</span> <span class='ocrx_word' id='word_1_341' title='bbox 1549 3041 1608 3083; x_wconf 90' lang='lat' dir='ltr'>nnn</span> 
     </span>
     <span class='ocr_line' id='line_1_33' title="bbox 247 3110 1610 3194; baseline -0.001 -21"><span class='ocrx_word' id='word_1_342' title='bbox 247 3110 396 3173; x_wconf 80' lang='lat' dir='ltr'>Arcturus</span> <span class='ocrx_word' id='word_1_343' title='bbox 425 3118 541 3172; x_wconf 89' lang='lat' dir='ltr'>tantum</span> <span class='ocrx_word' id='word_1_344' title='bbox 565 3120 598 3173; x_wconf 91' lang='lat' dir='ltr'>et</span> <span class='ocrx_word' id='word_1_345' title='bbox 621 3112 751 3186; x_wconf 80' lang='lat' dir='ltr'>fidicula,</span> <span class='ocrx_word' id='word_1_346' title='bbox 786 3113 840 3173; x_wconf 88' lang='lat' dir='ltr'>sed</span> <span class='ocrx_word' id='word_1_347' title='bbox 873 3114 1034 3194; x_wconf 86' lang='lat' dir='ltr'>pleraeque</span> <span class='ocrx_word' id='word_1_348' title='bbox 1066 3112 1173 3173; x_wconf 89' lang='lat' dir='ltr'>stellae</span> <span class='ocrx_word' id='word_1_349' title='bbox 1205 3129 1295 3189; x_wconf 90' lang='lat' dir='ltr'>super</span> <span class='ocrx_word' id='word_1_350' title='bbox 1318 3110 1464 3172; x_wconf 84' lang='lat' dir='ltr'>verticem</span> <span class='ocrx_word' id='word_1_351' title='bbox 1488 3111 1610 3191; x_wconf 88' lang='lat' dir='ltr'>quoties</span> 
     </span>
     <span class='ocr_line' id='line_1_34' title="bbox 246 3197 1609 3280; baseline 0 -19"><span class='ocrx_word' id='word_1_352' title='bbox 246 3198 343 3261; x_wconf 89' lang='lat' dir='ltr'>nubes</span> <span class='ocrx_word' id='word_1_353' title='bbox 368 3198 579 3261; x_wconf 86' lang='lat' dir='ltr'>dilabebantur</span> <span class='ocrx_word' id='word_1_354' title='bbox 602 3201 798 3280; x_wconf 86' lang='lat' dir='ltr'>apparebant.</span> <span class='ocrx_word' id='word_1_355' title='bbox 844 3203 879 3263; x_wconf 91' lang='lat' dir='ltr'>ln</span> <span class='ocrx_word' id='word_1_356' title='bbox 904 3201 976 3262; x_wconf 91' lang='lat' dir='ltr'>urbe</span> <span class='ocrx_word' id='word_1_357' title='bbox 1000 3200 1101 3262; x_wconf 87' lang='lat' dir='ltr'>senuit</span> <span class='ocrx_word' id='word_1_358' title='bbox 1124 3200 1274 3261; x_wconf 88' lang='lat' dir='ltr'>dimidiam</span> <span class='ocrx_word' id='word_1_359' title='bbox 1298 3207 1449 3261; x_wconf 82' lang='lat' dir='ltr'>octavam.</span> <span class='ocrx_word' id='word_1_360' title='bbox 1488 3197 1535 3261; x_wconf 81' lang='lat' dir='ltr'>Et</span> <span class='ocrx_word' id='word_1_361' title='bbox 1557 3209 1609 3261; x_wconf 88' lang='lat' dir='ltr'>ta·</span> 
     </span>
     <span class='ocr_line' id='line_1_35' title="bbox 246 3286 1610 3366; baseline 0.001 -17"><span class='ocrx_word' id='word_1_362' title='bbox 246 3307 313 3349; x_wconf 91' lang='lat' dir='ltr'>men</span> <span class='ocrx_word' id='word_1_363' title='bbox 337 3286 470 3366; x_wconf 89' lang='lat' dir='ltr'>suspicio</span> <span class='ocrx_word' id='word_1_364' title='bbox 494 3297 551 3362; x_wconf 87' lang='lat' dir='ltr'>est,</span> <span class='ocrx_word' id='word_1_365' title='bbox 577 3289 663 3350; x_wconf 86' lang='lat' dir='ltr'>nimis</span> <span class='ocrx_word' id='word_1_366' title='bbox 687 3290 773 3350; x_wconf 90' lang='lat' dir='ltr'>tarde</span> <span class='ocrx_word' id='word_1_367' title='bbox 803 3290 949 3352; x_wconf 89' lang='lat' dir='ltr'>sonuisse.</span> <span class='ocrx_word' id='word_1_368' title='bbox 995 3289 1072 3350; x_wconf 85' lang='lat' dir='ltr'>Erat</span> <span class='ocrx_word' id='word_1_369' title='bbox 1099 3289 1175 3351; x_wconf 89' lang='lat' dir='ltr'>mira</span> <span class='ocrx_word' id='word_1_370' title='bbox 1197 3290 1301 3350; x_wconf 91' lang='lat' dir='ltr'>Lunae</span> <span class='ocrx_word' id='word_1_371' title='bbox 1330 3288 1441 3364; x_wconf 86' lang='lat' dir='ltr'>iacies,</span> <span class='ocrx_word' id='word_1_372' title='bbox 1467 3287 1549 3349; x_wconf 87' lang='lat' dir='ltr'>adeo</span> <span class='ocrx_word' id='word_1_373' title='bbox 1577 3297 1610 3351; x_wconf 91' lang='lat' dir='ltr'>ut</span> 
     </span>
     <span class='ocr_line' id='line_1_36' title="bbox 245 3375 1609 3458; baseline -0.001 -20"><span class='ocrx_word' id='word_1_374' title='bbox 245 3376 413 3448; x_wconf 80' lang='lat' dir='ltr'>crederem,</span> <span class='ocrx_word' id='word_1_375' title='bbox 449 3375 532 3438; x_wconf 89' lang='lat' dir='ltr'>illam</span> <span class='ocrx_word' id='word_1_376' title='bbox 555 3377 618 3456; x_wconf 88' lang='lat' dir='ltr'>jam</span> <span class='ocrx_word' id='word_1_377' title='bbox 642 3378 764 3439; x_wconf 88' lang='lat' dir='ltr'>dimidio</span> <span class='ocrx_word' id='word_1_378' title='bbox 787 3398 911 3458; x_wconf 88' lang='lat' dir='ltr'>corpore</span> <span class='ocrx_word' id='word_1_379' title='bbox 937 3377 1097 3439; x_wconf 85' lang='lat' dir='ltr'>emersisse</span> <span class='ocrx_word' id='word_1_380' title='bbox 1125 3396 1239 3440; x_wconf 88' lang='lat' dir='ltr'>rursum</span> <span class='ocrx_word' id='word_1_381' title='bbox 1263 3396 1279 3436; x_wconf 91' lang='lat' dir='ltr'>e</span> <span class='ocrx_word' id='word_1_382' title='bbox 1304 3376 1447 3439; x_wconf 88' lang='lat' dir='ltr'>tenebris.</span> <span class='ocrx_word' id='word_1_383' title='bbox 1496 3377 1609 3457; x_wconf 83' lang='lat' dir='ltr'>Appa-</span> 
     </span>
     <span class='ocr_line' id='line_1_37' title="bbox 245 3464 1609 3545; baseline -0.001 -19"><span class='ocrx_word' id='word_1_384' title='bbox 245 3464 305 3526; x_wconf 90' lang='lat' dir='ltr'>ruit</span> <span class='ocrx_word' id='word_1_385' title='bbox 328 3464 406 3526; x_wconf 87' lang='lat' dir='ltr'>enim</span> <span class='ocrx_word' id='word_1_386' title='bbox 430 3465 555 3527; x_wconf 89' lang='lat' dir='ltr'>dimidia</span> <span class='ocrx_word' id='word_1_387' title='bbox 580 3468 643 3528; x_wconf 83' lang='lat' dir='ltr'>iere</span> <span class='ocrx_word' id='word_1_388' title='bbox 663 3485 734 3545; x_wconf 86' lang='lat' dir='ltr'>pars</span> <span class='ocrx_word' id='word_1_389' title='bbox 758 3468 824 3545; x_wconf 83' lang='lat' dir='ltr'>ejus</span> <span class='ocrx_word' id='word_1_390' title='bbox 848 3467 1026 3540; x_wconf 88' lang='lat' dir='ltr'>rubicunda,</span> <span class='ocrx_word' id='word_1_391' title='bbox 1061 3484 1118 3545; x_wconf 84' lang='lat' dir='ltr'>qun</span> <span class='ocrx_word' id='word_1_392' title='bbox 1146 3464 1253 3527; x_wconf 89' lang='lat' dir='ltr'>rubore</span> <span class='ocrx_word' id='word_1_393' title='bbox 1287 3464 1376 3526; x_wconf 84' lang='lat' dir='ltr'>facile</span> <span class='ocrx_word' id='word_1_394' title='bbox 1405 3465 1487 3526; x_wconf 88' lang='lat' dir='ltr'>inter</span> <span class='ocrx_word' id='word_1_395' title='bbox 1511 3466 1609 3527; x_wconf 86' lang='lat' dir='ltr'>nubes</span> 
     </span>
     <span class='ocr_line' id='line_1_38' title="bbox 244 3552 1608 3632; baseline 0.001 -19"><span class='ocrx_word' id='word_1_396' title='bbox 244 3552 476 3632; x_wconf 81' lang='lat' dir='ltr'>agnoscebatur.</span> <span class='ocrx_word' id='word_1_397' title='bbox 512 3555 716 3617; x_wconf 85' lang='lat' dir='ltr'>Veruntamen</span> <span class='ocrx_word' id='word_1_398' title='bbox 741 3554 819 3616; x_wconf 90' lang='lat' dir='ltr'>inter</span> <span class='ocrx_word' id='word_1_399' title='bbox 842 3555 979 3616; x_wconf 91' lang='lat' dir='ltr'>ruborem</span> <span class='ocrx_word' id='word_1_400' title='bbox 999 3562 1030 3614; x_wconf 90' lang='lat' dir='ltr'>et</span> <span class='ocrx_word' id='word_1_401' title='bbox 1045 3554 1187 3616; x_wconf 88' lang='lat' dir='ltr'>tenebras</span> <span class='ocrx_word' id='word_1_402' title='bbox 1201 3554 1300 3616; x_wconf 91' lang='lat' dir='ltr'>nullus</span> <span class='ocrx_word' id='word_1_403' title='bbox 1315 3554 1482 3615; x_wconf 90' lang='lat' dir='ltr'>communis</span> <span class='ocrx_word' id='word_1_404' title='bbox 1508 3554 1608 3626; x_wconf 87' lang='lat' dir='ltr'>limes,</span> 
     </span>
     <span class='ocr_line' id='line_1_39' title="bbox 243 3641 1610 3723; baseline 0.002 -21"><span class='ocrx_word' id='word_1_405' title='bbox 243 3642 297 3703; x_wconf 89' lang='lat' dir='ltr'>sed</span> <span class='ocrx_word' id='word_1_406' title='bbox 326 3642 484 3704; x_wconf 91' lang='lat' dir='ltr'>continuus</span> <span class='ocrx_word' id='word_1_407' title='bbox 509 3643 547 3705; x_wconf 94' lang='lat' dir='ltr'>ab</span> <span class='ocrx_word' id='word_1_408' title='bbox 576 3663 630 3706; x_wconf 88' lang='lat' dir='ltr'>ora</span> <span class='ocrx_word' id='word_1_409' title='bbox 657 3645 818 3704; x_wconf 87' lang='lat' dir='ltr'>tenebrosa</span> <span class='ocrx_word' id='word_1_410' title='bbox 846 3645 938 3723; x_wconf 90' lang='lat' dir='ltr'>(quae</span> <span class='ocrx_word' id='word_1_411' title='bbox 967 3642 1087 3721; x_wconf 89' lang='lat' dir='ltr'>penitus</span> <span class='ocrx_word' id='word_1_412' title='bbox 1111 3643 1315 3722; x_wconf 84' lang='lat' dir='ltr'>disparuerat)</span> <span class='ocrx_word' id='word_1_413' title='bbox 1349 3642 1378 3702; x_wconf 91' lang='lat' dir='ltr'>iu</span> <span class='ocrx_word' id='word_1_414' title='bbox 1408 3641 1610 3705; x_wconf 85' lang='lat' dir='ltr'>rubicundam</span> 
     </span>
     <span class='ocr_line' id='line_1_40' title="bbox 243 3730 1609 3812; baseline 0.004 -25"><span class='ocrx_word' id='word_1_415' title='bbox 243 3730 291 3791; x_wconf 83' lang='lat' dir='ltr'>rel</span> <span class='ocrx_word' id='word_1_416' title='bbox 315 3735 366 3802; x_wconf 87' lang='lat' dir='ltr'>(ut</span> <span class='ocrx_word' id='word_1_417' title='bbox 389 3731 548 3812; x_wconf 88' lang='lat' dir='ltr'>opinabar)</span> <span class='ocrx_word' id='word_1_418' title='bbox 573 3732 702 3793; x_wconf 88' lang='lat' dir='ltr'>lucidam</span> <span class='ocrx_word' id='word_1_419' title='bbox 726 3752 808 3793; x_wconf 89' lang='lat' dir='ltr'>eram</span> <span class='ocrx_word' id='word_1_420' title='bbox 834 3731 1004 3810; x_wconf 87' lang='lat' dir='ltr'>oppositam</span> <span class='ocrx_word' id='word_1_421' title='bbox 1028 3731 1185 3808; x_wconf 88' lang='lat' dir='ltr'>trajectus.</span> <span class='ocrx_word' id='word_1_422' title='bbox 1232 3730 1297 3791; x_wconf 88' lang='lat' dir='ltr'>Iloc</span> <span class='ocrx_word' id='word_1_423' title='bbox 1322 3731 1398 3790; x_wconf 88' lang='lat' dir='ltr'>adeo</span> <span class='ocrx_word' id='word_1_424' title='bbox 1422 3731 1532 3793; x_wconf 88' lang='lat' dir='ltr'>mirum</span> <span class='ocrx_word' id='word_1_425' title='bbox 1561 3750 1609 3792; x_wconf 88' lang='lat' dir='ltr'>me</span> 
     </span>
    </p>

    <p class='ocr_par' dir='ltr' id='par_1_9' title="bbox 645 3818 1609 3900">
     <span class='ocr_line' id='line_1_41' title="bbox 645 3818 1609 3900; baseline 0.002 -20"><span class='ocrx_word' id='word_1_426' title='bbox 645 3820 766 3894; x_wconf 89' lang='lat' dir='ltr'>babuit,</span> <span class='ocrx_word' id='word_1_427' title='bbox 792 3838 889 3900; x_wconf 89' lang='lat' dir='ltr'>quum,</span> <span class='ocrx_word' id='word_1_428' title='bbox 915 3820 1000 3881; x_wconf 84' lang='lat' dir='ltr'>ecce!</span> <span class='ocrx_word' id='word_1_429' title='bbox 1026 3819 1192 3898; x_wconf 89' lang='lat' dir='ltr'>quadrante</span> <span class='ocrx_word' id='word_1_430' title='bbox 1217 3828 1286 3880; x_wconf 92' lang='lat' dir='ltr'>aute</span> <span class='ocrx_word' id='word_1_431' title='bbox 1306 3827 1447 3880; x_wconf 84' lang='lat' dir='ltr'>octavam</span> <span class='ocrx_word' id='word_1_432' title='bbox 1463 3818 1609 3891; x_wconf 85' lang='lat' dir='ltr'>(horolo-</span> 
     </span>
    </p>

    <p class='ocr_par' dir='ltr' id='par_1_10' title="bbox 368 3903 1611 3996">
     <span class='ocr_line' id='line_1_42' title="bbox 368 3903 1611 3996; baseline 0.002 -28"><span class='ocrx_word' id='word_1_433' title='bbox 368 3932 421 3996; x_wconf 75' lang='lat' dir='ltr'>rig.</span> <span class='ocrx_word' id='word_1_434' title='bbox 443 3927 484 3979; x_wconf 74' lang='lat'>13,</span> <span class='ocrx_word' id='word_1_435' title='bbox 646 3908 687 3987; x_wconf 84' lang='lat' dir='ltr'>gii</span> <span class='ocrx_word' id='word_1_436' title='bbox 702 3908 811 3981; x_wconf 92' lang='lat' dir='ltr'>urbici)</span> <span class='ocrx_word' id='word_1_437' title='bbox 827 3907 913 3969; x_wconf 90' lang='lat' dir='ltr'>Luna</span> <span class='ocrx_word' id='word_1_438' title='bbox 927 3907 1057 3969; x_wconf 90' lang='lat' dir='ltr'>habente</span> <span class='ocrx_word' id='word_1_439' title='bbox 1081 3907 1268 3969; x_wconf 89' lang='lat' dir='ltr'>altitudinem</span> <span class='ocrx_word' id='word_1_440' title='bbox 1293 3907 1413 3968; x_wconf 90' lang='lat' dir='ltr'>circiter</span> <span class='ocrx_word' id='word_1_441' title='bbox 1440 3903 1510 3981; x_wconf 78' lang='lat'><strong>¹0⁰,</strong></span> <span class='ocrx_word' id='word_1_442' title='bbox 1535 3908 1611 3970; x_wconf 87' lang='lat' dir='ltr'>talis</span> 
     </span>
    </p>

    <p class='ocr_par' dir='ltr' id='par_1_11' title="bbox 643 3995 1611 4253">
     <span class='ocr_line' id='line_1_43' title="bbox 645 3995 1610 4077; baseline 0.005 -22"><span class='ocrx_word' id='word_1_443' title='bbox 645 3997 711 4074; x_wconf 86' lang='lat' dir='ltr'>ejus</span> <span class='ocrx_word' id='word_1_444' title='bbox 734 3996 811 4058; x_wconf 89' lang='lat' dir='ltr'>situs</span> <span class='ocrx_word' id='word_1_445' title='bbox 835 3996 988 4076; x_wconf 84' lang='lat' dir='ltr'>faciesque</span> <span class='ocrx_word' id='word_1_446' title='bbox 1012 3996 1159 4077; x_wconf 87' lang='lat' dir='ltr'>apparuit.</span> <span class='ocrx_word' id='word_1_447' title='bbox 1197 3995 1253 4056; x_wconf 87' lang='lat' dir='ltr'>DE</span> <span class='ocrx_word' id='word_1_448' title='bbox 1276 3995 1398 4058; x_wconf 87' lang='lat' dir='ltr'>horizon</span> <span class='ocrx_word' id='word_1_449' title='bbox 1422 3996 1552 4071; x_wconf 86' lang='lat' dir='ltr'>ortivus,</span> <span class='ocrx_word' id='word_1_450' title='bbox 1579 3999 1610 4060; x_wconf 78' lang='lat' dir='ltr'>A</span> 
     </span>
     <span class='ocr_line' id='line_1_44' title="bbox 644 4084 1609 4164; baseline 0.002 -19"><span class='ocrx_word' id='word_1_451' title='bbox 644 4103 733 4146; x_wconf 91' lang='lat' dir='ltr'>cornu</span> <span class='ocrx_word' id='word_1_452' title='bbox 754 4086 858 4145; x_wconf 91' lang='lat' dir='ltr'>Lunae</span> <span class='ocrx_word' id='word_1_453' title='bbox 883 4086 1020 4159; x_wconf 88' lang='lat' dir='ltr'>lucidum,</span> <span class='ocrx_word' id='word_1_454' title='bbox 1045 4085 1121 4145; x_wconf 88' lang='lat' dir='ltr'>adeo</span> <span class='ocrx_word' id='word_1_455' title='bbox 1146 4094 1179 4145; x_wconf 93' lang='lat' dir='ltr'>ut</span> <span class='ocrx_word' id='word_1_456' title='bbox 1201 4104 1271 4164; x_wconf 90' lang='lat' dir='ltr'>pars</span> <span class='ocrx_word' id='word_1_457' title='bbox 1295 4084 1462 4146; x_wconf 88' lang='lat' dir='ltr'>rubicunda</span> <span class='ocrx_word' id='word_1_458' title='bbox 1484 4084 1609 4147; x_wconf 87' lang='lat' dir='ltr'>Bera-</span> 
     </span>
     <span class='ocr_line' id='line_1_45' title="bbox 643 4170 1611 4253; baseline 0.004 -20"><span class='ocrx_word' id='word_1_459' title='bbox 643 4183 794 4246; x_wconf 85' lang='lat' dir='ltr'>uesceret,</span> <span class='ocrx_word' id='word_1_460' title='bbox 828 4170 853 4234; x_wconf 86' lang='lat' dir='ltr'>C</span> <span class='ocrx_word' id='word_1_461' title='bbox 877 4191 948 4252; x_wconf 87' lang='lat' dir='ltr'>pars</span> <span class='ocrx_word' id='word_1_462' title='bbox 971 4173 1099 4234; x_wconf 87' lang='lat' dir='ltr'>obscura</span> <span class='ocrx_word' id='word_1_463' title='bbox 1123 4181 1155 4233; x_wconf 90' lang='lat' dir='ltr'>et</span> <span class='ocrx_word' id='word_1_464' title='bbox 1177 4173 1294 4234; x_wconf 87' lang='lat' dir='ltr'>minime</span> <span class='ocrx_word' id='word_1_465' title='bbox 1319 4190 1481 4253; x_wconf 88' lang='lat' dir='ltr'>apparens.</span> <span class='ocrx_word' id='word_1_466' title='bbox 1528 4173 1611 4237; x_wconf 77' lang='lat' dir='ltr'>Erat</span> 
     </span>
    </p>

    <p class='ocr_par' dir='ltr' id='par_1_12' title="bbox 269 4260 1611 4609">
     <span class='ocr_line' id='line_1_46' title="bbox 642 4260 1610 4343; baseline 0.004 -21"><span class='ocrx_word' id='word_1_467' title='bbox 642 4263 672 4322; x_wconf 85' lang='grc' dir='ltr'>Α</span> <span class='ocrx_word' id='word_1_468' title='bbox 697 4263 758 4322; x_wconf 87' lang='lat' dir='ltr'>iere</span> <span class='ocrx_word' id='word_1_469' title='bbox 781 4261 927 4323; x_wconf 85' lang='lat' dir='ltr'>horizonti</span> <span class='ocrx_word' id='word_1_470' title='bbox 961 4260 1133 4334; x_wconf 87' lang='lat' dir='ltr'>obversum,</span> <span class='ocrx_word' id='word_1_471' title='bbox 1168 4262 1193 4322; x_wconf 92' lang='lat' dir='ltr'><strong>B</strong></span> <span class='ocrx_word' id='word_1_472' title='bbox 1221 4280 1291 4323; x_wconf 85' lang='lat' dir='ltr'>vero</span> <span class='ocrx_word' id='word_1_473' title='bbox 1316 4272 1347 4324; x_wconf 89' lang='lat' dir='ltr'>et</span> <span class='ocrx_word' id='word_1_474' title='bbox 1371 4269 1464 4323; x_wconf 88' lang='lat' dir='ltr'>autea</span> <span class='ocrx_word' id='word_1_475' title='bbox 1487 4264 1610 4343; x_wconf 89' lang='lat' dir='ltr'>etjam</span> 
     </span>
     <span class='ocr_line' id='line_1_47' title="bbox 642 4349 1611 4432; baseline 0.006 -23"><span class='ocrx_word' id='word_1_476' title='bbox 642 4350 785 4412; x_wconf 89' lang='lat' dir='ltr'>flectebat</span> <span class='ocrx_word' id='word_1_477' title='bbox 808 4369 841 4412; x_wconf 90' lang='lat' dir='ltr'>se</span> <span class='ocrx_word' id='word_1_478' title='bbox 865 4349 1027 4410; x_wconf 88' lang='lat' dir='ltr'>secuudum</span> <span class='ocrx_word' id='word_1_479' title='bbox 1050 4350 1130 4411; x_wconf 56' lang='lat' dir='ltr'>rviam</span> <span class='ocrx_word' id='word_1_480' title='bbox 1153 4351 1279 4412; x_wconf 86' lang='lat' dir='ltr'>zodiaci.</span> <span class='ocrx_word' id='word_1_481' title='bbox 1325 4349 1374 4411; x_wconf 84' lang='lat' dir='ltr'>Ex</span> <span class='ocrx_word' id='word_1_482' title='bbox 1397 4368 1434 4412; x_wconf 92' lang='lat' dir='ltr'>eo</span> <span class='ocrx_word' id='word_1_483' title='bbox 1453 4351 1611 4432; x_wconf 87' lang='lat' dir='ltr'>disparuit</span> 
     </span>
     <span class='ocr_line' id='line_1_48' title="bbox 269 4438 1610 4529; baseline 0.007 -34"><span class='ocrx_word' id='word_1_484' title='bbox 269 4469 598 4529; x_wconf 62' lang='lat'>.....-.....„³</span> <span class='ocrx_word' id='word_1_485' title='bbox 641 4438 696 4500; x_wconf 90' lang='lat' dir='ltr'>sub</span> <span class='ocrx_word' id='word_1_486' title='bbox 721 4438 814 4500; x_wconf 89' lang='lat' dir='ltr'>nubes</span> <span class='ocrx_word' id='word_1_487' title='bbox 839 4438 919 4511; x_wconf 89' lang='lat' dir='ltr'>iens,</span> <span class='ocrx_word' id='word_1_488' title='bbox 946 4438 1020 4499; x_wconf 88' lang='lat' dir='ltr'>hora</span> <span class='ocrx_word' id='word_1_489' title='bbox 1043 4458 1121 4499; x_wconf 91' lang='lat' dir='ltr'>nona</span> <span class='ocrx_word' id='word_1_490' title='bbox 1140 4439 1205 4516; x_wconf 89' lang='lat' dir='ltr'>jam</span> <span class='ocrx_word' id='word_1_491' title='bbox 1220 4449 1346 4502; x_wconf 88' lang='lat' dir='ltr'>sonante</span> <span class='ocrx_word' id='word_1_492' title='bbox 1365 4440 1493 4502; x_wconf 89' lang='lat' dir='ltr'>emersit</span> <span class='ocrx_word' id='word_1_493' title='bbox 1515 4440 1610 4504; x_wconf 89' lang='lat' dir='ltr'>simul</span> 
     </span>
     <span class='ocr_line' id='line_1_49' title="bbox 641 4526 1608 4609; baseline 0.007 -24"><span class='ocrx_word' id='word_1_494' title='bbox 641 4545 678 4586; x_wconf 83' lang='lat' dir='ltr'>ex</span> <span class='ocrx_word' id='word_1_495' title='bbox 707 4527 834 4589; x_wconf 89' lang='lat' dir='ltr'>nubibus</span> <span class='ocrx_word' id='word_1_496' title='bbox 858 4535 890 4587; x_wconf 91' lang='lat' dir='ltr'>et</span> <span class='ocrx_word' id='word_1_497' title='bbox 919 4526 1025 4588; x_wconf 90' lang='lat' dir='ltr'>umbra</span> <span class='ocrx_word' id='word_1_498' title='bbox 1058 4527 1274 4609; x_wconf 83' lang='lat' dir='ltr'>videbaturque</span> <span class='ocrx_word' id='word_1_499' title='bbox 1297 4535 1380 4602; x_wconf 86' lang='lat' dir='ltr'>tote,</span> <span class='ocrx_word' id='word_1_500' title='bbox 1415 4529 1471 4590; x_wconf 91' lang='lat' dir='ltr'>sed</span> <span class='ocrx_word' id='word_1_501' title='bbox 1501 4538 1608 4592; x_wconf 87' lang='lat' dir='ltr'>tamen</span> 
     </span>
    </p>

    <p class='ocr_par' dir='ltr' id='par_1_13' title="bbox 644 4614 1609 4697">
     <span class='ocr_line' id='line_1_50' title="bbox 644 4614 1609 4697; baseline 0.005 -22"><span class='ocrx_word' id='word_1_502' title='bbox 644 4616 741 4676; x_wconf 88' lang='lat' dir='ltr'>medio</span> <span class='ocrx_word' id='word_1_503' title='bbox 779 4616 845 4678; x_wconf 90' lang='lat' dir='ltr'>loco</span> <span class='ocrx_word' id='word_1_504' title='bbox 882 4614 961 4677; x_wconf 87' lang='lat' dir='ltr'>iuter</span> <span class='ocrx_word' id='word_1_505' title='bbox 998 4616 1135 4678; x_wconf 77' lang='lat' dir='ltr'>dextram</span> <span class='ocrx_word' id='word_1_506' title='bbox 1173 4626 1204 4677; x_wconf 89' lang='lat' dir='ltr'>et</span> <span class='ocrx_word' id='word_1_507' title='bbox 1245 4617 1403 4691; x_wconf 74' lang='lat' dir='ltr'>verticem,</span> <span class='ocrx_word' id='word_1_508' title='bbox 1448 4618 1539 4697; x_wconf 87' lang='lat' dir='ltr'>quasi</span> <span class='ocrx_word' id='word_1_509' title='bbox 1577 4620 1609 4682; x_wconf 89' lang='lat' dir='ltr'>irr</span> 
     </span>
    </p>

    <p class='ocr_par' dir='ltr' id='par_1_14' title="bbox 239 4695 1608 5052">
     <span class='ocr_line' id='line_1_51' title="bbox 240 4695 1608 4784; baseline 0.005 -20"><span class='ocrx_word' id='word_1_510' title='bbox 240 4695 316 4773; x_wconf 74' lang='lat'>45⁰,</span> <span class='ocrx_word' id='word_1_511' title='bbox 351 4700 401 4762; x_wconf 93' lang='lat' dir='ltr'>ubi</span> <span class='ocrx_word' id='word_1_512' title='bbox 435 4703 534 4766; x_wconf 82' lang='lat' dir='ltr'>desiit.</span> <span class='ocrx_word' id='word_1_513' title='bbox 582 4705 711 4783; x_wconf 88' lang='lat' dir='ltr'>Propter</span> <span class='ocrx_word' id='word_1_514' title='bbox 733 4704 878 4783; x_wconf 87' lang='lat' dir='ltr'>pallorem</span> <span class='ocrx_word' id='word_1_515' title='bbox 902 4705 1031 4766; x_wconf 89' lang='lat' dir='ltr'>nondum</span> <span class='ocrx_word' id='word_1_516' title='bbox 1055 4704 1219 4784; x_wconf 81' lang='lat' dir='ltr'>spargebat</span> <span class='ocrx_word' id='word_1_517' title='bbox 1245 4704 1275 4767; x_wconf 93' lang='lat' dir='ltr'>iu</span> <span class='ocrx_word' id='word_1_518' title='bbox 1303 4706 1397 4768; x_wconf 91' lang='lat' dir='ltr'>oculis</span> <span class='ocrx_word' id='word_1_519' title='bbox 1426 4706 1504 4769; x_wconf 90' lang='lat' dir='ltr'>meis</span> <span class='ocrx_word' id='word_1_520' title='bbox 1536 4708 1608 4771; x_wconf 87' lang='lat' dir='ltr'>lac·</span> 
     </span>
     <span class='ocr_line' id='line_1_52' title="bbox 239 4790 1608 4873; baseline 0.005 -22"><span class='ocrx_word' id='word_1_521' title='bbox 239 4799 322 4851; x_wconf 91' lang='lat' dir='ltr'>teum</span> <span class='ocrx_word' id='word_1_522' title='bbox 357 4790 438 4854; x_wconf 92' lang='lat' dir='ltr'>illum</span> <span class='ocrx_word' id='word_1_523' title='bbox 467 4792 599 4855; x_wconf 87' lang='lat' dir='ltr'>alborem</span> <span class='ocrx_word' id='word_1_524' title='bbox 634 4801 665 4854; x_wconf 90' lang='lat' dir='ltr'>et</span> <span class='ocrx_word' id='word_1_525' title='bbox 697 4792 931 4872; x_wconf 87' lang='lat' dir='ltr'>geminationem</span> <span class='ocrx_word' id='word_1_526' title='bbox 967 4794 1185 4873; x_wconf 89' lang='lat' dir='ltr'>quodammodo</span> <span class='ocrx_word' id='word_1_527' title='bbox 1217 4794 1279 4869; x_wconf 90' lang='lat' dir='ltr'>sui,</span> <span class='ocrx_word' id='word_1_528' title='bbox 1313 4803 1347 4856; x_wconf 91' lang='lat' dir='ltr'>ut</span> <span class='ocrx_word' id='word_1_529' title='bbox 1378 4794 1456 4858; x_wconf 85' lang='lat' dir='ltr'>alias</span> <span class='ocrx_word' id='word_1_530' title='bbox 1488 4797 1608 4860; x_wconf 80' lang='lat' dir='ltr'>evenit.</span> 
     </span>
     <span class='ocr_line' id='line_1_53' title="bbox 241 4878 1608 4963; baseline 0.006 -22"><span class='ocrx_word' id='word_1_531' title='bbox 241 4878 406 4943; x_wconf 76' lang='lat' dir='ltr'>Praeterit</span> <span class='ocrx_word' id='word_1_532' title='bbox 429 4882 530 4963; x_wconf 89' lang='lat' dir='ltr'>itaque</span> <span class='ocrx_word' id='word_1_533' title='bbox 558 4883 706 4943; x_wconf 84' lang='lat' dir='ltr'>calculum</span> <span class='ocrx_word' id='word_1_534' title='bbox 735 4881 773 4941; x_wconf 92' lang='lat' dir='ltr'>ad</span> <span class='ocrx_word' id='word_1_535' title='bbox 808 4881 959 4943; x_wconf 88' lang='lat' dir='ltr'>minimum</span> <span class='ocrx_word' id='word_1_536' title='bbox 982 4883 1149 4945; x_wconf 87' lang='lat' dir='ltr'>semihora:</span> <span class='ocrx_word' id='word_1_537' title='bbox 1183 4881 1237 4943; x_wconf 89' lang='lat' dir='ltr'>sed</span> <span class='ocrx_word' id='word_1_538' title='bbox 1269 4884 1432 4946; x_wconf 86' lang='lat' dir='ltr'>secundum</span> <span class='ocrx_word' id='word_1_539' title='bbox 1465 4884 1608 4950; x_wconf 88' lang='lat' dir='ltr'>urbicum</span> 
     </span>
     <span class='ocr_line' id='line_1_54' title="bbox 240 4965 1606 5052; baseline 0.007 -22"><span class='ocrx_word' id='word_1_540' title='bbox 240 4965 425 5050; x_wconf 84' lang='lat' dir='ltr'>horologium</span> <span class='ocrx_word' id='word_1_541' title='bbox 455 4971 524 5052; x_wconf 90' lang='lat' dir='ltr'>plns</span> <span class='ocrx_word' id='word_1_542' title='bbox 549 4972 669 5052; x_wconf 79' lang='lat' dir='ltr'>integra</span> <span class='ocrx_word' id='word_1_543' title='bbox 700 4970 782 5033; x_wconf 84' lang='lat' dir='ltr'>bora.</span> <span class='ocrx_word' id='word_1_544' title='bbox 830 4969 964 5052; x_wconf 87' lang='lat' dir='ltr'>Cumque</span> <span class='ocrx_word' id='word_1_545' title='bbox 988 4971 1017 5035; x_wconf 92' lang='lat' dir='ltr'>in</span> <span class='ocrx_word' id='word_1_546' title='bbox 1041 4977 1223 5039; x_wconf 85' lang='lat' dir='ltr'>ascendente</span> <span class='ocrx_word' id='word_1_547' title='bbox 1246 4973 1410 5037; x_wconf 85' lang='lat' dir='ltr'>medietate</span> <span class='ocrx_word' id='word_1_548' title='bbox 1434 4972 1509 5039; x_wconf 87' lang='lat' dir='ltr'>Sole</span> <span class='ocrx_word' id='word_1_549' title='bbox 1533 4975 1606 5040; x_wconf 79' lang='lat' dir='ltr'>exi-</span> 
     </span>
    </p>
   </div>
   <div class='ocr_carea' id='block_1_7' title="bbox 0 0 1850 5842">
    <p class='ocr_par' dir='ltr' id='par_1_15' title="bbox 0 0 1850 5842">
     <span class='ocr_line' id='line_1_55' title="bbox 0 0 1850 5842; baseline 0 1"><span class='ocrx_word' id='word_1_550' title='bbox 0 0 1850 5842; x_wconf 95' lang='lat' dir='ltr'> </span> 
     </span>
    </p>
   </div>
  </div>
 </body>
</html>
