3692 5842
748 494 912 561 ⁰⁸l¹¹¹¹s

715 781 835 882 Caput
865 781 915 857 X.

389 1013 391 1018 .
440 961 498 1024 Dc
517 960 653 1024 motibus
673 960 815 1023 sidem
836 961 1052 1044 fundamento
1080 963 1192 1044 opticc.

227 1119 306 1184 cun
328 1120 392 1184 siut
413 1120 500 1184 uobis
528 1121 560 1183 iu
587 1119 785 1183 astronomia
803 1122 950 1201 propositi
978 1123 1018 1182 ad
1050 1124 1312 1203 contemplandum
1346 1125 1495 1188 coelorum

141 1219 248 1283 motus,
271 1209 374 1272 omnia
394 1228 477 1285 sero,
502 1229 579 1291 quae
597 1209 749 1284 discimus,
773 1211 857 1288 priua
883 1210 1009 1272 veniant
1031 1211 1060 1272 in
1091 1231 1207 1287 seusus,
1233 1214 1496 1293 operaepretium

141 1308 189 1362 eat
216 1300 419 1380 perpendere,
452 1319 491 1361 su
514 1299 665 1362 coelorum
688 1307 788 1360 motus
810 1299 985 1361 immediate
1014 1300 1169 1362 incurrant
1191 1321 1311 1365 sensum
1334 1304 1496 1374 oculorum,

141 1397 173 1452 et
206 1407 358 1469 quaenam
392 1388 571 1468 contingant
608 1389 802 1467 deceptiones
838 1389 922 1452 visus
959 1388 991 1451 iu
1030 1390 1162 1452 motibus
1200 1392 1389 1455 coelestibus.
1445 1389 1498 1454 Sic

141 1477 342 1540 exordiamur.
471 1483 474 1536 ζ

229 1563 433 1648 Omns-quod
446 1573 606 1641 moretur,
638 1566 667 1628 in
695 1566 761 1628 loco
793 1574 949 1639 movetur,
982 1574 1081 1629 motus
1104 1568 1183 1630 onim
1207 1576 1256 1630 est
1278 1569 1336 1631 loci
1359 1570 1497 1631 mutatio.

140 1655 295 1720 ult-loeus
318 1654 460 1720 tribuitur
491 1656 673 1734 superficiei,
707 1674 784 1735 quae
808 1654 944 1717 continet
967 1656 1086 1718 mobile.
1134 1655 1399 1736 Comprehendeus
1427 1675 1498 1719 vero

141 1745 238 1825 majus
263 1753 312 1806 est
334 1744 561 1823 comprehenso,
585 1753 617 1806 et
641 1745 708 1805 loca
730 1745 841 1805 cedens
864 1763 900 1805 eo
925 1746 1003 1823 quod
1027 1745 1095 1807 loca
1117 1757 1255 1826 occupat.
1287 1748 1395 1809 Totum
1419 1748 1497 1809 euim

140 1843 226 1913 parte
248 1833 349 1912 majus
372 1841 438 1907 est,
465 1832 496 1895 id
526 1851 608 1909 nero,
633 1835 710 1915 quod
743 1832 971 1914 comprehendit
994 1843 1026 1895 et
1048 1834 1139 1915 capit,
1163 1854 1231 1897 curu
1254 1854 1289 1897 eo
1314 1837 1391 1917 quod
1416 1836 1499 1917 capit

140 1933 238 1986 mtum
263 1922 416 2003 quippiam
439 1931 497 1984 est.

227 2010 375 2093 Sequitur
398 2031 471 2092 ergo
493 2031 511 2072 e
533 2030 689 2084 converso,
713 2020 746 2071 ut
769 2012 847 2072 inter
870 2012 947 2071 duas
970 2030 1029 2085 res,
1053 2030 1131 2092 quae
1154 2021 1236 2074 motu
1256 2020 1438 2094 separantur
1460 2011 1498 2073 ab

139 2100 288 2175 invicem,
310 2102 362 2178 id,
387 2103 464 2181 quod
493 2102 592 2181 majus
620 2118 687 2161 esre
716 2100 850 2173 videtur,
880 2100 938 2161 loci
965 2102 1114 2163 rationem
1144 2102 1283 2164 obtineat
1310 2103 1341 2163 in
1372 2100 1497 2175 visione,

140 2191 288 2271 reliquum
322 2189 423 2253 locati.
470 2191 549 2252 Nam
578 2197 612 2250 ut
643 2198 743 2251 motus
774 2190 806 2251 iu
838 2190 921 2262 ioco,
956 2190 1000 2252 sic
1024 2189 1152 2253 visibilis
1183 2200 1284 2253 motus
1307 2198 1356 2253 est
1378 2191 1408 2252 iu
1432 2190 1499 2251 loco
1521 2230 1538 2247 .

142 2279 264 2342 risibili.
299 2275 402 2349 Quare
426 2299 493 2341 cum
516 2279 602 2360 quiea
625 2279 691 2340 loco
715 2287 879 2357 competat,
903 2280 1068 2358 srgoquod
1084 2280 1182 2359 majus
1201 2280 1316 2354 visitur,
1339 2280 1370 2344 id
1395 2280 1498 2360 quies-

139 2387 224 2443 oore‚.
243 2368 323 2449 quod
347 2387 418 2430 varo
442 2369 549 2443 minus,
572 2368 686 2429 moveri
709 2368 873 2448 putabitur.
898 2368 1018 2430 etiamsi
1041 2369 1224 2431 eontrarium
1248 2370 1276 2431 iu
1302 2369 1344 2431 rei
1368 2368 1500 2430 veritate

139 2457 270 2520 accidat
316 2457 409 2520 Nulla
432 2458 580 2538 siquidem
602 2457 708 2520 existit
730 2456 959 2536 comprehensio
982 2467 1082 2519 motus
1110 2476 1164 2538 per
1190 2458 1302 2535 visum,
1331 2457 1389 2520 uisi
1413 2475 1499 2519 com-

140 2547 302 2627 paratione
327 2549 411 2610 lacta
433 2549 470 2609 ad
495 2548 597 2630 aliqua
619 2546 814 2626 quiescentia

229 2635 294 2699 Sed
318 2636 487 2699 evidentius
510 2637 596 2717 hujus
619 2635 663 2699 rei
687 2654 780 2698 causa
802 2635 916 2715 petitur
948 2655 985 2698 ex
1012 2636 1136 2698 visionis
1165 2638 1270 2700 forma.
1317 2636 1396 2699 Nam
1428 2653 1495 2697 curu

139 2726 245 2790 oculus
268 2726 445 2806 sphaericus
468 2727 509 2788 sit
532 2734 563 2789 at
586 2728 706 2806 iusuper
731 2726 833 2787 multis
861 2725 1091 2787 retractionibus
1119 2735 1237 2795 utatur,
1270 2728 1304 2788 lit
1327 2734 1361 2788 ut
1383 2744 1440 2785 uno
1464 2733 1498 2785 et

140 2816 249 2877 ιοᾱσιιι
271 2816 378 2888 obtutu
401 2817 469 2896 plus
494 2833 581 2895 quam
605 2814 817 2896 hemisphaerii
841 2815 958 2895 species
982 2814 1070 2875 simul
1099 2814 1128 2877 in
1161 2816 1279 2878 oculum
1310 2816 1434 2877 influat:
1464 2822 1498 2874 et

139 2914 244 2968 umen
269 2923 306 2967 ex
329 2912 401 2966 toto·
424 2906 480 2966 buc
513 2904 736 2985 hemisphaerio
770 2904 820 2963 vix
852 2905 962 2982 exigua
989 2904 1139 2983 particula
1168 2905 1282 2966 directe
1314 2904 1447 2965 cernitur
1469 2911 1501 2964 et

140 2994 303 3067 distincte,
331 3014 369 3055 ea
392 2994 523 3066 scilicet,
556 3013 633 3073 quse
657 2994 687 3056 iu
712 2993 810 3055 medio
833 2993 1043 3072 hemisphaerii
1069 3002 1130 3067 cst,
1164 2995 1373 3075 circumjectae
1395 3000 1500 3071 partes

142 3102 248 3146 omues
272 3084 371 3164 magis
395 3083 551 3163 magisque
575 3084 693 3163 oblique
717 3091 749 3144 et
772 3084 905 3144 confuse.
939 3083 1020 3143 Vide
1044 3084 1081 3143 ds
1106 3083 1152 3143 his
1176 3092 1268 3163 caput
1291 3084 1330 3146 V.
1365 3082 1444 3143 Hinc
1466 3080 1502 3142 fit

140 3179 175 3234 ut
197 3172 240 3250 id,
266 3173 345 3253 quod
369 3172 466 3252 majus
490 3172 630 3247 cernitur,
656 3174 773 3234 oculum
796 3171 893 3251 magis
917 3180 1053 3250 occupet,
1077 3174 1155 3252 quod
1179 3192 1250 3234 vero
1269 3171 1376 3245 minus,
1401 3170 1499 3232 miuo-

139 3280 204 3324 rem
227 3261 360 3323 ocularis
382 3261 552 3342 superficiei
570 3272 698 3343 partem.
736 3259 813 3324 Cum
837 3279 908 3340 ergo
932 3260 1086 3340 separatio
1109 3263 1152 3335 lit,
1177 3272 1219 3336 ut,
1244 3261 1373 3340 exernpli
1397 3278 1500 3330 causa,

141 3350 230 3413 uubis
254 3350 383 3430 alicujus
407 3370 427 3411 a
449 3351 540 3412 stella
561 3351 780 3416 interlucente:
800 3361 876 3412 tuuc
900 3368 948 3411 res
972 3350 1068 3411 minor
1086 3351 1124 3412 sd
1145 3350 1250 3425 visum,
1275 3367 1382 3429 nempe
1398 3348 1501 3418 stella,

140 3440 207 3520 ipso
240 3439 444 3520 separationis
477 3439 587 3502 affectu
623 3440 720 3519 magis
750 3439 928 3519 conspicua,
961 3439 1038 3500 oculi
1077 3441 1172 3501 aciem
1204 3440 1243 3500 ad
1275 3458 1308 3499 se
1341 3437 1500 3499 convertit.

141 3527 273 3591 Stellam
303 3527 411 3607 igitur,
446 3538 479 3590 ut
511 3548 589 3609 quae
618 3549 713 3610 parvo
744 3529 876 3591 cernitur
909 3527 1034 3606 angulo,
1068 3528 1183 3589 directe
1215 3528 1319 3589 oculus
1352 3527 1501 3598 intuetur3

141 3618 261 3693 nubem,
286 3637 361 3698 quas
384 3618 492 3697 majori
516 3619 634 3680 videtur
658 3620 769 3698 angulo
793 3617 899 3698 etqui
923 3623 1020 3679 totum
1039 3617 1101 3679 lere
1122 3626 1251 3696 occupat
1270 3617 1396 3687 oculum,
1420 3614 1501 3675 idem

141 3708 245 3769 oculus
269 3708 403 3770 intuetur
425 3707 555 3787 oblique.
604 3707 815 3788 Separationis
843 3706 936 3786 igitur
964 3713 1065 3767 actum
1094 3706 1220 3768 ascribit
1250 3704 1294 3766 illi
1325 3705 1381 3777 rei,
1412 3720 1501 3784 quam

141 3796 257 3858 directe
286 3796 434 3870 intuetur,
463 3815 568 3875 nempe
602 3798 721 3860 stellae.
768 3797 834 3858 Hoc
868 3808 958 3876 pacto
990 3795 1073 3857 visus
1108 3795 1189 3858 cirea
1221 3794 1328 3857 mobile
1367 3793 1500 3854 aberrat

142 3886 221 3948 Nam
245 3885 273 3947 si
295 3883 391 3947 nubea
414 3885 453 3946 ab
476 3894 544 3948 ortu
567 3887 674 3948 tendat
701 3887 731 3949 in
755 3904 894 3948 occasum
918 3885 1008 3947 celeri
1041 3893 1138 3959 motu,
1170 3886 1276 3958 stella,
1310 3882 1447 3964 quamvis
1469 3888 1502 3943 et

142 3976 219 4055 ipsa,
235 3974 355 4036 tardius
374 3983 485 4050 tanen,
505 3975 544 4035 ed
563 3994 703 4037 occasum
721 3976 837 4047 tendat,
861 3974 890 4035 iu
906 3984 1004 4036 ortum
1019 3975 1089 4036 ferri
1106 3974 1256 4035 videbitur
1278 3973 1349 4035 nubi
1372 3971 1501 4034 obviam.

233 4061 377 4126 Omnium
398 4082 471 4125 vere
494 4064 721 4126 evidentissima
744 4066 833 4145 hujus
856 4064 1057 4125 aberratiouis
1080 4083 1175 4126 causa
1204 4063 1305 4125 estin
1334 4081 1388 4137 eo,
1422 4060 1501 4141 quod

142 4153 245 4216 oculu
268 4151 431 4233 posteriori
452 4163 541 4231 parte
564 4154 657 4233 capiti
680 4156 788 4216 affixus
812 4152 884 4215 nihil
909 4154 1008 4214 ceruit
1030 4152 1136 4232 maj0ri
1151 4153 1270 4232 angulo,
1296 4171 1384 4232 quam
1398 4160 1502 4230 partes

143 4242 231 4304 laoiei
256 4246 415 4304 muntem
447 4243 518 4304 illae
543 4261 613 4305 vero
637 4245 727 4306 situm
751 4244 790 4305 ad
813 4243 932 4304 oculum
956 4242 1094 4305 obtinent
1115 4242 1256 4314 eundem3
1286 4259 1377 4321 quare
1401 4246 1504 4301 cetera

143 4331 245 4404 omnia
267 4330 448 4394 videbuntur
470 4332 594 4407 moveri,
619 4332 645 4394 si
668 4333 735 4413 quis
759 4333 860 4413 aliqua
882 4332 1023 4394 machina
1045 4333 1182 4411 ignarum
1205 4337 1378 4404 convertat,
1401 4328 1504 4390 itaut

143 4429 254 4495 motus,
280 4437 368 4500 quem
392 4420 458 4501 ipse
481 4421 566 4490 lacit,
590 4424 768 4485 aestimator
790 4441 848 4484 nou
872 4422 923 4483 sit.
964 4421 1005 4484 Et
1028 4420 1276 4501 quemadmodum
1300 4418 1377 4480 oculi
1398 4414 1502 4497 capiti,

147 4509 191 4572 sic
213 4527 271 4589 per
286 4517 386 4589 ¹caput
414 4510 548 4589 corpori,
582 4530 636 4591 per
658 4531 768 4591 corpus
789 4510 860 4572 navi
884 4519 938 4572 eut
960 4511 1060 4573 domui
1083 4520 1136 4570 aut
1158 4509 1216 4570 toti
1239 4508 1355 4586 regioni
1379 4508 1503 4586 ejusque

145 4598 295 4660 horizonti
319 4598 500 4678 aspectabili
524 4611 595 4662 suut
617 4602 719 4663 affixi:
752 4619 829 4681 quae
852 4618 918 4662 curu
942 4600 1004 4661 siut
1024 4600 1193 4680 propinqua
1215 4605 1247 4660 et
1270 4616 1382 4676 magua
1405 4611 1503 4673 appa-

146 4696 231 4751 reant
259 4705 430 4768 magnoque
459 4688 571 4767 angulo
599 4689 772 4764 videantur,
805 4698 989 4770 teneantque
1019 4689 1108 4750 situm
1142 4705 1207 4748 cum
1241 4686 1328 4747 oculo
1365 4684 1500 4756 eundem,

147 4795 269 4840 neom
292 4784 343 4838 est
365 4784 470 4839 cetera
487 4776 597 4852 omnia,
623 4797 745 4858 quorum
768 4779 845 4841 situs
869 4779 971 4848 adid,
996 4778 1076 4859 quod
1098 4776 1234 4839 continet
1255 4775 1409 4837 videntem
1433 4774 1503 4844 (seu

147 4864 231 4928 uavl's
254 4865 297 4930 sit
319 4884 373 4928 asu
386 4865 499 4930 Terrae
517 4868 686 4946 planities),
706 4876 848 4941 mutatur,
872 4868 968 4930 videri
985 4867 1053 4948 ipsa
1071 4884 1125 4945 per
1143 4885 1212 4927 sese
1231 4862 1355 4926 moveri.
1379 4862 1504 4924 Habent

149 4955 224 5018 enirn
246 4954 339 5018 locati
356 4956 526 5034 rationem,
559 4976 596 5017 ea
617 4975 705 5032 vero,
731 4975 807 5038 quae
830 4956 965 5036 proxime
989 4957 1075 5018 oculo
1099 4954 1296 5035 circumjecta
1318 4961 1403 5028 suut,
1435 4950 1503 5013 loco

151 5053 179 5105 et
199 5044 366 5109 continenti
389 5043 605 5108 annitebantur.
1060 5055 1063 5061 '
