<?xml version="1.0" encoding="UTF-8"?>
<!DOCTYPE html PUBLIC "-//W3C//DTD XHTML 1.0 Transitional//EN"
    "http://www.w3.org/TR/xhtml1/DTD/xhtml1-transitional.dtd">
<html xmlns="http://www.w3.org/1999/xhtml" xml:lang="en" lang="en">
 <head>
  <title>
</title>
<meta http-equiv="Content-Type" content="text/html;charset=utf-8" />
  <meta name='ocr-system' content='tesseract 3.04.00' />
  <meta name='ocr-capabilities' content='ocr_page ocr_carea ocr_par ocr_line ocrx_word'/>
</head>
<body>
  <div class='ocr_page' id='page_1' title='image "./joanniskepleria01frisgoog_0050.png"; bbox 0 0 3692 5842; ppageno 0'>
   <div class='ocr_carea' id='block_1_1' title="bbox 240 454 1168 526">
    <p class='ocr_par' dir='ltr' id='par_1_1' title="bbox 240 454 1168 526">
     <span class='ocr_line' id='line_1_1' title="bbox 240 454 1168 526; baseline -0.004 -19"><span class='ocrx_word' id='word_1_1' title='bbox 240 456 285 526; x_wconf 70' lang='lat'>38</span> <span class='ocrx_word' id='word_1_2' title='bbox 658 457 757 507; x_wconf 87' lang='lat' dir='ltr'>Literae</span> <span class='ocrx_word' id='word_1_3' title='bbox 776 456 878 520; x_wconf 85' lang='lat' dir='ltr'>Kepleri</span> <span class='ocrx_word' id='word_1_4' title='bbox 897 454 1048 518; x_wconf 82' lang='lat' dir='ltr'>aliorumque</span> <span class='ocrx_word' id='word_1_5' title='bbox 1066 461 1168 504; x_wconf 88' lang='lat' dir='ltr'>mutuae</span> 
     </span>
    </p>
   </div>
   <div class='ocr_carea' id='block_1_2' title="bbox 240 626 1601 5014">
    <p class='ocr_par' dir='ltr' id='par_1_2' title="bbox 240 626 1596 1403">
     <span class='ocr_line' id='line_1_2' title="bbox 240 626 1596 697; baseline -0.007 -10"><span class='ocrx_word' id='word_1_6' title='bbox 240 638 302 688; x_wconf 84' lang='lat' dir='ltr'>colis</span> <span class='ocrx_word' id='word_1_7' title='bbox 327 638 364 686; x_wconf 88' lang='lat' dir='ltr'>ita</span> <span class='ocrx_word' id='word_1_8' title='bbox 390 650 417 685; x_wconf 89' lang='lat' dir='ltr'>se</span> <span class='ocrx_word' id='word_1_9' title='bbox 446 635 552 691; x_wconf 84' lang='lat' dir='ltr'>habero,</span> <span class='ocrx_word' id='word_1_10' title='bbox 580 649 652 683; x_wconf 87' lang='lat' dir='ltr'>nemo</span> <span class='ocrx_word' id='word_1_11' title='bbox 679 640 719 682; x_wconf 87' lang='lat' dir='ltr'>est</span> <span class='ocrx_word' id='word_1_12' title='bbox 744 635 784 697; x_wconf 90' lang='lat' dir='ltr'>qui</span> <span class='ocrx_word' id='word_1_13' title='bbox 810 637 894 696; x_wconf 80' lang='lat' dir='ltr'>neget,</span> <span class='ocrx_word' id='word_1_14' title='bbox 914 631 1012 680; x_wconf 66' lang='lat' dir='ltr'>etiarm</span> <span class='ocrx_word' id='word_1_15' title='bbox 1031 631 1062 679; x_wconf 91' lang='lat' dir='ltr'>ab</span> <span class='ocrx_word' id='word_1_16' title='bbox 1089 631 1177 694; x_wconf 90' lang='lat' dir='ltr'>opticis</span> <span class='ocrx_word' id='word_1_17' title='bbox 1199 630 1225 680; x_wconf 87' lang='lat' dir='ltr'>id</span> <span class='ocrx_word' id='word_1_18' title='bbox 1247 644 1299 680; x_wconf 85' lang='lat' dir='ltr'>non</span> <span class='ocrx_word' id='word_1_19' title='bbox 1322 628 1478 678; x_wconf 72' lang='lat' dir='ltr'>sufficienter</span> <span class='ocrx_word' id='word_1_20' title='bbox 1503 626 1539 676; x_wconf 65' lang='grc' dir='ltr'>ἀι</span> <span class='ocrx_word' id='word_1_21' title='bbox 1555 626 1596 678; x_wconf 81' lang='lat' dir='ltr'>ds·</span> 
     </span>
     <span class='ocr_line' id='line_1_3' title="bbox 240 699 1596 767; baseline -0.008 -8"><span class='ocrx_word' id='word_1_22' title='bbox 240 715 412 762; x_wconf 80' lang='lat' dir='ltr'>monstratum.</span> <span class='ocrx_word' id='word_1_23' title='bbox 433 720 480 755; x_wconf 89' lang='lat' dir='ltr'>uec</span> <span class='ocrx_word' id='word_1_24' title='bbox 499 709 552 767; x_wconf 78' lang='lat' dir='ltr'>ejas</span> <span class='ocrx_word' id='word_1_25' title='bbox 566 718 644 755; x_wconf 88' lang='lat' dir='ltr'>cansa</span> <span class='ocrx_word' id='word_1_26' title='bbox 662 706 723 753; x_wconf 88' lang='lat' dir='ltr'>satis</span> <span class='ocrx_word' id='word_1_27' title='bbox 742 707 773 752; x_wconf 90' lang='lat' dir='ltr'>sit</span> <span class='ocrx_word' id='word_1_28' title='bbox 791 704 930 766; x_wconf 88' lang='lat' dir='ltr'>perspicua.</span> <span class='ocrx_word' id='word_1_29' title='bbox 968 701 1082 751; x_wconf 82' lang='lat' dir='ltr'>Euclides</span> <span class='ocrx_word' id='word_1_30' title='bbox 1100 703 1125 750; x_wconf 91' lang='lat' dir='ltr'>iu</span> <span class='ocrx_word' id='word_1_31' title='bbox 1146 700 1307 764; x_wconf 77' lang='lat' dir='ltr'>catoptricis‚</span> <span class='ocrx_word' id='word_1_32' title='bbox 1327 699 1366 750; x_wconf 84' lang='lat' dir='ltr'>rel</span> <span class='ocrx_word' id='word_1_33' title='bbox 1384 699 1494 764; x_wconf 75' lang='lat' dir='ltr'>qusquis</span> <span class='ocrx_word' id='word_1_34' title='bbox 1513 705 1596 748; x_wconf 71' lang='lat' dir='ltr'>sustu</span> 
     </span>
     <span class='ocr_line' id='line_1_4' title="bbox 241 769 1594 844; baseline -0.007 -14"><span class='ocrx_word' id='word_1_35' title='bbox 241 787 281 830; x_wconf 87' lang='lat' dir='ltr'>est</span> <span class='ocrx_word' id='word_1_36' title='bbox 297 779 363 829; x_wconf 88' lang='lat' dir='ltr'>illius</span> <span class='ocrx_word' id='word_1_37' title='bbox 381 777 457 828; x_wconf 80' lang='lat' dir='ltr'>libelli</span> <span class='ocrx_word' id='word_1_38' title='bbox 476 775 617 838; x_wconf 83' lang='lat' dir='ltr'>(Euclidem</span> <span class='ocrx_word' id='word_1_39' title='bbox 636 778 701 825; x_wconf 87' lang='lat' dir='ltr'>enim</span> <span class='ocrx_word' id='word_1_40' title='bbox 720 782 772 825; x_wconf 87' lang='lat' dir='ltr'>tarn</span> <span class='ocrx_word' id='word_1_41' title='bbox 791 775 894 837; x_wconf 74' lang='lat' dir='ltr'>turpiter</span> <span class='ocrx_word' id='word_1_42' title='bbox 911 773 1009 844; x_wconf 76' lang='lat' dir='ltr'>lapsum</span> <span class='ocrx_word' id='word_1_43' title='bbox 1027 786 1077 821; x_wconf 91' lang='lat' dir='ltr'>nou</span> <span class='ocrx_word' id='word_1_44' title='bbox 1096 770 1181 833; x_wconf 85' lang='lat' dir='ltr'>credo)</span> <span class='ocrx_word' id='word_1_45' title='bbox 1201 786 1303 822; x_wconf 87' lang='lat' dir='ltr'>oausam</span> <span class='ocrx_word' id='word_1_46' title='bbox 1321 770 1442 820; x_wconf 74' lang='lat' dir='ltr'>retentu</span> <span class='ocrx_word' id='word_1_47' title='bbox 1459 769 1594 833; x_wconf 60' lang='lat' dir='ltr'>mans·</span> 
     </span>
     <span class='ocr_line' id='line_1_5' title="bbox 242 840 1595 913; baseline -0.007 -13"><span class='ocrx_word' id='word_1_48' title='bbox 242 849 335 913; x_wconf 81' lang='lat' dir='ltr'>speech</span> <span class='ocrx_word' id='word_1_49' title='bbox 355 848 387 902; x_wconf 83' lang='lat' dir='ltr'>C.</span> <span class='ocrx_word' id='word_1_50' title='bbox 406 850 440 898; x_wconf 90' lang='lat' dir='ltr'>rei</span> <span class='ocrx_word' id='word_1_51' title='bbox 460 850 528 897; x_wconf 81' lang='lat' dir='ltr'>sisae</span> <span class='ocrx_word' id='word_1_52' title='bbox 548 848 688 896; x_wconf 73' lang='lat' dir='ltr'>normaliter</span> <span class='ocrx_word' id='word_1_53' title='bbox 707 848 856 909; x_wconf 77' lang='lat' dir='ltr'>subiectam:</span> <span class='ocrx_word' id='word_1_54' title='bbox 876 843 919 893; x_wconf 88' lang='lat' dir='ltr'>sed</span> <span class='ocrx_word' id='word_1_55' title='bbox 938 844 1044 899; x_wconf 82' lang='lat' dir='ltr'>fallitur,</span> <span class='ocrx_word' id='word_1_56' title='bbox 1063 850 1092 893; x_wconf 90' lang='lat' dir='ltr'>ut</span> <span class='ocrx_word' id='word_1_57' title='bbox 1109 851 1177 893; x_wconf 86' lang='lat' dir='ltr'>recte</span> <span class='ocrx_word' id='word_1_58' title='bbox 1190 857 1276 893; x_wconf 88' lang='lat' dir='ltr'>mones</span> <span class='ocrx_word' id='word_1_59' title='bbox 1293 843 1319 891; x_wconf 86' lang='lat' dir='ltr'>iu</span> <span class='ocrx_word' id='word_1_60' title='bbox 1331 840 1533 904; x_wconf 61' lang='lat' dir='ltr'>rumpens-is</span> <span class='ocrx_word' id='word_1_61' title='bbox 1549 841 1595 890; x_wconf 64' lang='lat' dir='ltr'>fl</span> 
     </span>
     <span class='ocr_line' id='line_1_6' title="bbox 241 909 1593 986; baseline -0.007 -14"><span class='ocrx_word' id='word_1_62' title='bbox 241 921 315 986; x_wconf 82' lang='lat' dir='ltr'>(Cap.</span> <span class='ocrx_word' id='word_1_63' title='bbox 336 920 381 971; x_wconf 91' lang='lat' dir='ltr'>lli.</span> <span class='ocrx_word' id='word_1_64' title='bbox 403 916 439 979; x_wconf 79' lang='lat' dir='ltr'>l).</span> <span class='ocrx_word' id='word_1_65' title='bbox 477 920 530 967; x_wconf 81' lang='lat' dir='ltr'>Etsi</span> <span class='ocrx_word' id='word_1_66' title='bbox 550 920 615 968; x_wconf 92' lang='lat' dir='ltr'>euim</span> <span class='ocrx_word' id='word_1_67' title='bbox 633 919 769 982; x_wconf 89' lang='lat' dir='ltr'>portionem</span> <span class='ocrx_word' id='word_1_68' title='bbox 786 915 879 979; x_wconf 90' lang='lat' dir='ltr'>speculi</span> <span class='ocrx_word' id='word_1_69' title='bbox 898 914 943 963; x_wconf 89' lang='lat' dir='ltr'>CD</span> <span class='ocrx_word' id='word_1_70' title='bbox 962 921 1041 963; x_wconf 88' lang='lat' dir='ltr'>totam</span> <span class='ocrx_word' id='word_1_71' title='bbox 1058 928 1139 978; x_wconf 84' lang='lat' dir='ltr'>usque</span> <span class='ocrx_word' id='word_1_72' title='bbox 1158 915 1191 963; x_wconf 90' lang='lat' dir='ltr'>ad</span> <span class='ocrx_word' id='word_1_73' title='bbox 1210 913 1233 963; x_wconf 88' lang='lat' dir='ltr'>D</span> <span class='ocrx_word' id='word_1_74' title='bbox 1253 914 1369 966; x_wconf 72' lang='lat' dir='ltr'>auum.</span> <span class='ocrx_word' id='word_1_75' title='bbox 1391 913 1491 961; x_wconf 78' lang='lat' dir='ltr'>intacto</span> <span class='ocrx_word' id='word_1_76' title='bbox 1508 909 1593 962; x_wconf 68' lang='lat' dir='ltr'>saltu</span> 
     </span>
     <span class='ocr_line' id='line_1_7' title="bbox 242 979 1592 1054; baseline -0.007 -13"><span class='ocrx_word' id='word_1_77' title='bbox 242 992 328 1042; x_wconf 85' lang='lat' dir='ltr'>relicto</span> <span class='ocrx_word' id='word_1_78' title='bbox 341 997 433 1054; x_wconf 86' lang='lat' dir='ltr'>puncto</span> <span class='ocrx_word' id='word_1_79' title='bbox 447 991 585 1039; x_wconf 85' lang='lat' dir='ltr'>reflexionis</span> <span class='ocrx_word' id='word_1_80' title='bbox 597 988 635 1047; x_wconf 86' lang='lat' dir='ltr'>D,</span> <span class='ocrx_word' id='word_1_81' title='bbox 655 989 811 1038; x_wconf 87' lang='lat' dir='ltr'>nihilominus</span> <span class='ocrx_word' id='word_1_82' title='bbox 830 988 912 1034; x_wconf 81' lang='lat' dir='ltr'>firmus</span> <span class='ocrx_word' id='word_1_83' title='bbox 932 991 1018 1034; x_wconf 88' lang='lat' dir='ltr'>manet</span> <span class='ocrx_word' id='word_1_84' title='bbox 1036 984 1103 1034; x_wconf 89' lang='lat' dir='ltr'>locus</span> <span class='ocrx_word' id='word_1_85' title='bbox 1122 987 1284 1048; x_wconf 71' lang='lat' dir='ltr'><strong>apparentiae</strong></span> <span class='ocrx_word' id='word_1_86' title='bbox 1295 984 1325 1032; x_wconf 83' lang='lat' dir='ltr'>E.</span> <span class='ocrx_word' id='word_1_87' title='bbox 1351 983 1430 1032; x_wconf 81' lang='lat' dir='ltr'>Patet</span> <span class='ocrx_word' id='word_1_88' title='bbox 1447 996 1516 1046; x_wconf 65' lang='lat' dir='ltr'>ergo,</span> <span class='ocrx_word' id='word_1_89' title='bbox 1533 979 1592 1045; x_wconf 67' lang='lat' dir='ltr'>qd</span> 
     </span>
     <span class='ocr_line' id='line_1_8' title="bbox 243 1053 1591 1126; baseline -0.008 -14"><span class='ocrx_word' id='word_1_90' title='bbox 243 1069 342 1126; x_wconf 83' lang='lat' dir='ltr'>praetor</span> <span class='ocrx_word' id='word_1_91' title='bbox 369 1069 487 1125; x_wconf 84' lang='lat' dir='ltr'>punctum</span> <span class='ocrx_word' id='word_1_92' title='bbox 514 1061 536 1109; x_wconf 87' lang='lat' dir='ltr'>D</span> <span class='ocrx_word' id='word_1_93' title='bbox 565 1060 659 1125; x_wconf 85' lang='lat' dir='ltr'>reliqna</span> <span class='ocrx_word' id='word_1_94' title='bbox 687 1060 778 1124; x_wconf 79' lang='lat' dir='ltr'>speculi</span> <span class='ocrx_word' id='word_1_95' title='bbox 808 1056 949 1120; x_wconf 86' lang='lat' dir='ltr'>superficies</span> <span class='ocrx_word' id='word_1_96' title='bbox 975 1056 1034 1104; x_wconf 86' lang='lat' dir='ltr'>nihil</span> <span class='ocrx_word' id='word_1_97' title='bbox 1060 1056 1093 1104; x_wconf 88' lang='lat' dir='ltr'>ad</span> <span class='ocrx_word' id='word_1_98' title='bbox 1111 1057 1176 1105; x_wconf 89' lang='lat' dir='ltr'>hanc</span> <span class='ocrx_word' id='word_1_99' title='bbox 1201 1071 1254 1106; x_wconf 83' lang='lat' dir='ltr'>rem</span> <span class='ocrx_word' id='word_1_100' title='bbox 1272 1055 1393 1106; x_wconf 80' lang='lat' dir='ltr'>conferat.</span> <span class='ocrx_word' id='word_1_101' title='bbox 1429 1053 1497 1102; x_wconf 79' lang='lat' dir='ltr'>Tota</span> <span class='ocrx_word' id='word_1_102' title='bbox 1515 1059 1591 1102; x_wconf 66' lang='lat' dir='ltr'>satu</span> 
     </span>
     <span class='ocr_line' id='line_1_9' title="bbox 243 1125 1591 1195; baseline -0.008 -12"><span class='ocrx_word' id='word_1_103' title='bbox 243 1134 381 1184; x_wconf 70' lang='lat' dir='ltr'>scissionis</span> <span class='ocrx_word' id='word_1_104' title='bbox 399 1134 435 1180; x_wconf 87' lang='lat' dir='ltr'>ris</span> <span class='ocrx_word' id='word_1_105' title='bbox 454 1132 579 1195; x_wconf 78' lang='lat' dir='ltr'>dependet</span> <span class='ocrx_word' id='word_1_106' title='bbox 597 1145 613 1180; x_wconf 86' lang='lat' dir='ltr'>a</span> <span class='ocrx_word' id='word_1_107' title='bbox 632 1139 723 1195; x_wconf 85' lang='lat' dir='ltr'>puncto</span> <span class='ocrx_word' id='word_1_108' title='bbox 741 1129 881 1179; x_wconf 82' lang='lat' dir='ltr'>reflexiouis</span> <span class='ocrx_word' id='word_1_109' title='bbox 898 1127 922 1175; x_wconf 92' lang='lat' dir='ltr'>D</span> <span class='ocrx_word' id='word_1_110' title='bbox 942 1134 969 1176; x_wconf 88' lang='lat' dir='ltr'>et</span> <span class='ocrx_word' id='word_1_111' title='bbox 986 1126 1159 1190; x_wconf 87' lang='lat' dir='ltr'>perpendiculo</span> <span class='ocrx_word' id='word_1_112' title='bbox 1179 1126 1243 1186; x_wconf 86' lang='lat' dir='ltr'>DK,</span> <span class='ocrx_word' id='word_1_113' title='bbox 1270 1127 1395 1176; x_wconf 78' lang='lat' dir='ltr'>stantibus</span> <span class='ocrx_word' id='word_1_114' title='bbox 1412 1125 1513 1187; x_wconf 84' lang='lat' dir='ltr'>punctis</span> <span class='ocrx_word' id='word_1_115' title='bbox 1532 1125 1554 1172; x_wconf 83' lang='grc' dir='ltr'><strong>Δ</strong></span> <span class='ocrx_word' id='word_1_116' title='bbox 1569 1131 1591 1172; x_wconf 63' lang='lat' dir='ltr'>a</span> 
     </span>
     <span class='ocr_line' id='line_1_10' title="bbox 243 1195 1590 1270; baseline -0.007 -17"><span class='ocrx_word' id='word_1_117' title='bbox 243 1205 265 1253; x_wconf 85' lang='lat' dir='ltr'>D</span> <span class='ocrx_word' id='word_1_118' title='bbox 284 1205 393 1270; x_wconf 76' lang='lat' dir='ltr'>legitime</span> <span class='ocrx_word' id='word_1_119' title='bbox 411 1204 542 1266; x_wconf 75' lang='lat' dir='ltr'>dispositis.</span> <span class='ocrx_word' id='word_1_120' title='bbox 569 1206 649 1267; x_wconf 82' lang='lat' dir='ltr'>Atque</span> <span class='ocrx_word' id='word_1_121' title='bbox 668 1202 706 1251; x_wconf 92' lang='lat' dir='ltr'>his</span> <span class='ocrx_word' id='word_1_122' title='bbox 725 1201 835 1250; x_wconf 86' lang='lat' dir='ltr'>omnihus</span> <span class='ocrx_word' id='word_1_123' title='bbox 855 1199 942 1247; x_wconf 87' lang='lat' dir='ltr'>eodem</span> <span class='ocrx_word' id='word_1_124' title='bbox 960 1198 1074 1248; x_wconf 82' lang='lat' dir='ltr'>modost</span> <span class='ocrx_word' id='word_1_125' title='bbox 1091 1197 1255 1254; x_wconf 82' lang='lat' dir='ltr'>habentibus,</span> <span class='ocrx_word' id='word_1_126' title='bbox 1274 1211 1319 1247; x_wconf 86' lang='lat' dir='ltr'>seu</span> <span class='ocrx_word' id='word_1_127' title='bbox 1337 1198 1362 1245; x_wconf 91' lang='lat' dir='ltr'>in</span> <span class='ocrx_word' id='word_1_128' title='bbox 1376 1196 1466 1246; x_wconf 86' lang='lat' dir='ltr'>eodem</span> <span class='ocrx_word' id='word_1_129' title='bbox 1482 1195 1590 1258; x_wconf 79' lang='lat' dir='ltr'>sitspss·</span> 
     </span>
     <span class='ocr_line' id='line_1_11' title="bbox 243 1270 1588 1334; baseline -0.007 -10"><span class='ocrx_word' id='word_1_130' title='bbox 243 1275 412 1330; x_wconf 82' lang='lat' dir='ltr'>manentibus.</span> <span class='ocrx_word' id='word_1_131' title='bbox 432 1289 534 1324; x_wconf 87' lang='lat' dir='ltr'>necesse</span> <span class='ocrx_word' id='word_1_132' title='bbox 554 1283 606 1330; x_wconf 86' lang='lat' dir='ltr'>est,</span> <span class='ocrx_word' id='word_1_133' title='bbox 635 1275 791 1323; x_wconf 85' lang='lat' dir='ltr'>reflexionem</span> <span class='ocrx_word' id='word_1_134' title='bbox 810 1271 862 1320; x_wconf 87' lang='lat' dir='ltr'>fieri</span> <span class='ocrx_word' id='word_1_135' title='bbox 879 1270 1026 1320; x_wconf 79' lang='lat' dir='ltr'>uniformem</span> <span class='ocrx_word' id='word_1_136' title='bbox 1050 1277 1074 1319; x_wconf 90' lang='lat' dir='ltr'>et</span> <span class='ocrx_word' id='word_1_137' title='bbox 1087 1270 1167 1319; x_wconf 89' lang='lat' dir='ltr'>locum</span> <span class='ocrx_word' id='word_1_138' title='bbox 1184 1270 1300 1334; x_wconf 78' lang='lat' dir='ltr'>imaginis</span> <span class='ocrx_word' id='word_1_139' title='bbox 1312 1282 1410 1331; x_wconf 83' lang='lat' dir='ltr'>semper</span> <span class='ocrx_word' id='word_1_140' title='bbox 1420 1279 1525 1316; x_wconf 71' lang='lat' dir='ltr'>manus</span> <span class='ocrx_word' id='word_1_141' title='bbox 1535 1279 1588 1315; x_wconf 83' lang='lat' dir='ltr'>sss·</span> 
     </span>
     <span class='ocr_line' id='line_1_12' title="bbox 1091 1336 1587 1403; baseline -0.01 -12"><span class='ocrx_word' id='word_1_142' title='bbox 1091 1342 1154 1391; x_wconf 88' lang='lat' dir='ltr'>dom.</span> <span class='ocrx_word' id='word_1_143' title='bbox 1197 1341 1258 1389; x_wconf 83' lang='lat' dir='ltr'>Esto</span> <span class='ocrx_word' id='word_1_144' title='bbox 1285 1340 1362 1403; x_wconf 71' lang='lat' dir='ltr'>igitur</span> <span class='ocrx_word' id='word_1_145' title='bbox 1388 1341 1444 1400; x_wconf 73' lang='lat' dir='ltr'>ism</span> <span class='ocrx_word' id='word_1_146' title='bbox 1470 1336 1587 1399; x_wconf 75' lang='lat' dir='ltr'>spssain</span> 
     </span>
    </p>

    <p class='ocr_par' dir='ltr' id='par_1_3' title="bbox 1090 1407 1586 1473">
     <span class='ocr_line' id='line_1_13' title="bbox 1090 1407 1586 1473; baseline -0.012 -11"><span class='ocrx_word' id='word_1_147' title='bbox 1090 1427 1224 1462; x_wconf 80' lang='lat' dir='ltr'>convexum</span> <span class='ocrx_word' id='word_1_148' title='bbox 1250 1409 1334 1468; x_wconf 60' lang='grc' dir='ltr'>(ἰθὺ,</span> <span class='ocrx_word' id='word_1_149' title='bbox 1363 1417 1472 1473; x_wconf 76' lang='lat' dir='ltr'>tangens</span> <span class='ocrx_word' id='word_1_150' title='bbox 1496 1407 1586 1471; x_wconf 77' lang='lat' dir='ltr'>planu</span> 
     </span>
    </p>

    <p class='ocr_par' dir='ltr' id='par_1_4' title="bbox 1092 1479 1586 1544">
     <span class='ocr_line' id='line_1_14' title="bbox 1092 1479 1586 1544; baseline -0.012 -12"><span class='ocrx_word' id='word_1_151' title='bbox 1092 1483 1157 1532; x_wconf 83' lang='lat' dir='ltr'>CDF</span> <span class='ocrx_word' id='word_1_152' title='bbox 1180 1484 1205 1531; x_wconf 91' lang='lat' dir='ltr'>in</span> <span class='ocrx_word' id='word_1_153' title='bbox 1232 1488 1324 1544; x_wconf 88' lang='lat' dir='ltr'>puncto</span> <span class='ocrx_word' id='word_1_154' title='bbox 1343 1480 1380 1534; x_wconf 87' lang='lat' dir='ltr'>D.</span> <span class='ocrx_word' id='word_1_155' title='bbox 1411 1479 1505 1542; x_wconf 84' lang='lat' dir='ltr'>reliqna</span> <span class='ocrx_word' id='word_1_156' title='bbox 1522 1492 1586 1540; x_wconf 36' lang='lat' dir='ltr'>&#39;resa</span> 
     </span>
    </p>

    <p class='ocr_par' dir='ltr' id='par_1_5' title="bbox 1090 1549 1587 1617">
     <span class='ocr_line' id='line_1_15' title="bbox 1090 1549 1587 1617; baseline -0.012 -15"><span class='ocrx_word' id='word_1_157' title='bbox 1090 1562 1153 1617; x_wconf 84' lang='lat' dir='ltr'>puta</span> <span class='ocrx_word' id='word_1_158' title='bbox 1171 1554 1208 1608; x_wconf 85' lang='grc' dir='ltr'>Δ,</span> <span class='ocrx_word' id='word_1_159' title='bbox 1228 1552 1266 1608; x_wconf 87' lang='grc' dir='ltr'>Ι),</span> <span class='ocrx_word' id='word_1_160' title='bbox 1286 1553 1322 1608; x_wconf 85' lang='grc' dir='ltr'>Β,</span> <span class='ocrx_word' id='word_1_161' title='bbox 1350 1551 1391 1598; x_wconf 81' lang='lat' dir='ltr'>CF</span> <span class='ocrx_word' id='word_1_162' title='bbox 1409 1555 1438 1598; x_wconf 86' lang='grc' dir='ltr'>ιιι</span> <span class='ocrx_word' id='word_1_163' title='bbox 1455 1550 1522 1612; x_wconf 88' lang='lat' dir='ltr'>prius</span> <span class='ocrx_word' id='word_1_164' title='bbox 1545 1549 1587 1597; x_wconf 83' lang='lat' dir='ltr'>sint</span> 
     </span>
    </p>

    <p class='ocr_par' dir='ltr' id='par_1_6' title="bbox 1091 1619 1585 1687">
     <span class='ocr_line' id='line_1_16' title="bbox 1091 1619 1585 1687; baseline -0.014 -14"><span class='ocrx_word' id='word_1_165' title='bbox 1091 1626 1216 1687; x_wconf 85' lang='lat' dir='ltr'>disposita.</span> <span class='ocrx_word' id='word_1_166' title='bbox 1248 1623 1297 1672; x_wconf 83' lang='lat' dir='ltr'>Dio</span> <span class='ocrx_word' id='word_1_167' title='bbox 1314 1623 1379 1671; x_wconf 82' lang='lat' dir='ltr'>ratio</span> <span class='ocrx_word' id='word_1_168' title='bbox 1392 1621 1489 1676; x_wconf 82' lang='lat' dir='ltr'>dictat,</span> <span class='ocrx_word' id='word_1_169' title='bbox 1506 1619 1585 1682; x_wconf 69' lang='lat' dir='ltr'>imagi-</span> 
     </span>
    </p>

    <p class='ocr_par' dir='ltr' id='par_1_7' title="bbox 1091 1688 1588 1758">
     <span class='ocr_line' id='line_1_17' title="bbox 1091 1688 1588 1758; baseline 0 -14"><span class='ocrx_word' id='word_1_170' title='bbox 1091 1709 1148 1745; x_wconf 88' lang='lat' dir='ltr'>nem</span> <span class='ocrx_word' id='word_1_171' title='bbox 1176 1701 1204 1743; x_wconf 86' lang='lat' dir='ltr'>ut</span> <span class='ocrx_word' id='word_1_172' title='bbox 1231 1695 1298 1758; x_wconf 87' lang='lat' dir='ltr'>prins</span> <span class='ocrx_word' id='word_1_173' title='bbox 1326 1692 1497 1755; x_wconf 77' lang='lat' dir='ltr'>apparituram</span> <span class='ocrx_word' id='word_1_174' title='bbox 1522 1688 1588 1744; x_wconf 62' lang='lat' dir='ltr'>infla</span> 
     </span>
    </p>

    <p class='ocr_par' dir='ltr' id='par_1_8' title="bbox 1091 1761 1588 1830">
     <span class='ocr_line' id='line_1_18' title="bbox 1091 1761 1588 1830; baseline -0.012 -16"><span class='ocrx_word' id='word_1_175' title='bbox 1091 1768 1150 1830; x_wconf 87' lang='lat' dir='ltr'>quia</span> <span class='ocrx_word' id='word_1_176' title='bbox 1177 1766 1261 1814; x_wconf 83' lang='lat' dir='ltr'>omnis</span> <span class='ocrx_word' id='word_1_177' title='bbox 1288 1764 1321 1814; x_wconf 92' lang='lat' dir='ltr'>sd</span> <span class='ocrx_word' id='word_1_178' title='bbox 1338 1763 1500 1811; x_wconf 79' lang='lat' dir='ltr'>reflexionem</span> <span class='ocrx_word' id='word_1_179' title='bbox 1517 1761 1588 1823; x_wconf 70' lang='lat' dir='ltr'>nesi·</span> 
     </span>
    </p>

    <p class='ocr_par' dir='ltr' id='par_1_9' title="bbox 1092 1832 1588 1897">
     <span class='ocr_line' id='line_1_19' title="bbox 1092 1832 1588 1897; baseline -0.014 -11"><span class='ocrx_word' id='word_1_180' title='bbox 1092 1838 1142 1886; x_wconf 87' lang='lat' dir='ltr'>sita</span> <span class='ocrx_word' id='word_1_181' title='bbox 1165 1838 1297 1886; x_wconf 86' lang='lat' dir='ltr'>immutata</span> <span class='ocrx_word' id='word_1_182' title='bbox 1323 1834 1455 1897; x_wconf 80' lang='lat' dir='ltr'>pristinum</span> <span class='ocrx_word' id='word_1_183' title='bbox 1477 1832 1588 1887; x_wconf 69' lang='lat' dir='ltr'>oblim.</span> 
     </span>
    </p>

    <p class='ocr_par' dir='ltr' id='par_1_10' title="bbox 1092 1901 1590 1972">
     <span class='ocr_line' id='line_1_20' title="bbox 1092 1901 1590 1972; baseline -0.014 -15"><span class='ocrx_word' id='word_1_184' title='bbox 1092 1906 1289 1972; x_wconf 83' lang='lat' dir='ltr'>quandoquidem</span> <span class='ocrx_word' id='word_1_185' title='bbox 1316 1911 1435 1967; x_wconf 85' lang='lat' dir='ltr'>punctum</span> <span class='ocrx_word' id='word_1_186' title='bbox 1460 1901 1590 1952; x_wconf 51' lang='lat' dir='ltr'>reflexi&amp;</span> 
     </span>
    </p>

    <p class='ocr_par' dir='ltr' id='par_1_11' title="bbox 1092 1971 1590 2041">
     <span class='ocr_line' id='line_1_21' title="bbox 1092 1971 1590 2041; baseline -0.014 -14"><span class='ocrx_word' id='word_1_187' title='bbox 1092 1979 1116 2027; x_wconf 91' lang='lat' dir='ltr'>D</span> <span class='ocrx_word' id='word_1_188' title='bbox 1134 1977 1243 2041; x_wconf 89' lang='lat' dir='ltr'>speciem</span> <span class='ocrx_word' id='word_1_189' title='bbox 1259 1977 1345 2039; x_wconf 85' lang='lat' dir='ltr'>puncti</span> <span class='ocrx_word' id='word_1_190' title='bbox 1364 1978 1387 2024; x_wconf 81' lang='grc' dir='ltr'><strong>Δ</strong></span> <span class='ocrx_word' id='word_1_191' title='bbox 1406 1989 1458 2023; x_wconf 78' lang='lat' dir='ltr'>ssu</span> <span class='ocrx_word' id='word_1_192' title='bbox 1476 1974 1547 2022; x_wconf 85' lang='lat' dir='ltr'>slitss</span> <span class='ocrx_word' id='word_1_193' title='bbox 1561 1971 1590 2020; x_wconf 72' lang='lat' dir='ltr'>sd</span> 
     </span>
    </p>

    <p class='ocr_par' dir='ltr' id='par_1_12' title="bbox 1092 2043 1591 2109">
     <span class='ocr_line' id='line_1_22' title="bbox 1092 2043 1591 2109; baseline -0.006 -14"><span class='ocrx_word' id='word_1_194' title='bbox 1092 2051 1169 2098; x_wconf 85' lang='lat' dir='ltr'>risum</span> <span class='ocrx_word' id='word_1_195' title='bbox 1181 2049 1203 2098; x_wconf 89' lang='lat' dir='ltr'>B</span> <span class='ocrx_word' id='word_1_196' title='bbox 1217 2047 1311 2096; x_wconf 76' lang='lat' dir='ltr'>deferre</span> <span class='ocrx_word' id='word_1_197' title='bbox 1329 2053 1425 2109; x_wconf 79' lang='lat' dir='ltr'>potest,</span> <span class='ocrx_word' id='word_1_198' title='bbox 1445 2058 1521 2108; x_wconf 83' lang='lat' dir='ltr'>quam</span> <span class='ocrx_word' id='word_1_199' title='bbox 1532 2043 1591 2108; x_wconf 88' lang='lat' dir='ltr'>psiss</span> 
     </span>
    </p>

    <p class='ocr_par' dir='ltr' id='par_1_13' title="bbox 1091 2115 1591 2181">
     <span class='ocr_line' id='line_1_23' title="bbox 1091 2115 1591 2181; baseline -0.012 -13"><span class='ocrx_word' id='word_1_200' title='bbox 1091 2121 1186 2169; x_wconf 84' lang='lat' dir='ltr'>incerat</span> <span class='ocrx_word' id='word_1_201' title='bbox 1203 2119 1229 2166; x_wconf 88' lang='lat' dir='ltr'>in</span> <span class='ocrx_word' id='word_1_202' title='bbox 1241 2117 1341 2181; x_wconf 86' lang='lat' dir='ltr'>speculo</span> <span class='ocrx_word' id='word_1_203' title='bbox 1350 2117 1435 2180; x_wconf 87' lang='lat' dir='ltr'>plano.</span> <span class='ocrx_word' id='word_1_204' title='bbox 1462 2115 1591 2164; x_wconf 72' lang='lat' dir='ltr'>arcem</span> 
     </span>
    </p>

    <p class='ocr_par' dir='ltr' id='par_1_14' title="bbox 1008 2187 1592 2253">
     <span class='ocr_line' id='line_1_24' title="bbox 1008 2187 1592 2253; baseline -0.012 -13"><span class='ocrx_word' id='word_1_205' title='bbox 1008 2224 1025 2240; x_wconf 46' lang='grc' dir='ltr'>,ι</span> <span class='ocrx_word' id='word_1_206' title='bbox 1092 2190 1252 2253; x_wconf 80' lang='lat' dir='ltr'>Dpuuctssm</span> <span class='ocrx_word' id='word_1_207' title='bbox 1270 2188 1336 2237; x_wconf 87' lang='lat' dir='ltr'>idem</span> <span class='ocrx_word' id='word_1_208' title='bbox 1354 2187 1421 2251; x_wconf 81' lang='lat' dir='ltr'>qnod</span> <span class='ocrx_word' id='word_1_209' title='bbox 1439 2187 1524 2250; x_wconf 83' lang='lat' dir='ltr'>prins.</span> <span class='ocrx_word' id='word_1_210' title='bbox 1540 2187 1592 2250; x_wconf 57' lang='lat' dir='ltr'>qi</span> 
     </span>
    </p>

    <p class='ocr_par' dir='ltr' id='par_1_15' title="bbox 885 2259 1592 2324">
     <span class='ocr_line' id='line_1_25' title="bbox 1090 2259 1592 2324; baseline -0.006 -16.16"><span class='ocrx_word' id='word_1_211' title='bbox 1090 2261 1235 2324; x_wconf 79' lang='lat' dir='ltr'>supponitur</span> <span class='ocrx_word' id='word_1_212' title='bbox 1261 2264 1381 2322; x_wconf 84' lang='lat' dir='ltr'>puuctum</span> <span class='ocrx_word' id='word_1_213' title='bbox 1413 2265 1546 2308; x_wconf 73' lang='grc' dir='ltr'>οοιιιιαιιι</span> <span class='ocrx_word' id='word_1_214' title='bbox 1568 2259 1592 2304; x_wconf 84' lang='lat' dir='ltr'>st</span> 
     </span>
    </p>

    <p class='ocr_par' dir='ltr' id='par_1_16' title="bbox 820 2323 1591 2394">
     <span class='ocr_line' id='line_1_26' title="bbox 927 2328 1591 2394; baseline -0.004 -14.416"><span class='ocrx_word' id='word_1_215' title='bbox 927 2379 948 2384; x_wconf 75' lang='grc'><strong>,</strong></span> <span class='ocrx_word' id='word_1_216' title='bbox 980 2381 1006 2388; x_wconf 71' lang='grc'>,,</span> <span class='ocrx_word' id='word_1_217' title='bbox 1090 2333 1187 2394; x_wconf 90' lang='lat' dir='ltr'>utrique</span> <span class='ocrx_word' id='word_1_218' title='bbox 1212 2330 1350 2394; x_wconf 85' lang='lat' dir='ltr'>superficiei</span> <span class='ocrx_word' id='word_1_219' title='bbox 1379 2328 1473 2392; x_wconf 79' lang='lat' dir='ltr'>planas</span> <span class='ocrx_word' id='word_1_220' title='bbox 1498 2335 1524 2377; x_wconf 85' lang='lat' dir='ltr'>st</span> <span class='ocrx_word' id='word_1_221' title='bbox 1539 2340 1591 2378; x_wconf 81' lang='lat' dir='ltr'>css·</span> 
     </span>
    </p>

    <p class='ocr_par' dir='ltr' id='par_1_17' title="bbox 1091 2400 1592 2462">
     <span class='ocr_line' id='line_1_27' title="bbox 1091 2400 1592 2462; baseline 0 -15"><span class='ocrx_word' id='word_1_222' title='bbox 1091 2415 1167 2451; x_wconf 78' lang='lat' dir='ltr'>resae</span> <span class='ocrx_word' id='word_1_223' title='bbox 1186 2415 1324 2450; x_wconf 87' lang='lat' dir='ltr'>commune.</span> <span class='ocrx_word' id='word_1_224' title='bbox 1361 2400 1408 2449; x_wconf 84' lang='lat' dir='ltr'>His</span> <span class='ocrx_word' id='word_1_225' title='bbox 1426 2407 1514 2448; x_wconf 66' lang='lat' dir='ltr'>nmen</span> <span class='ocrx_word' id='word_1_226' title='bbox 1530 2403 1592 2462; x_wconf 88' lang='lat' dir='ltr'>post·</span> 
     </span>
    </p>

    <p class='ocr_par' dir='ltr' id='par_1_18' title="bbox 1090 2471 1593 2536">
     <span class='ocr_line' id='line_1_28' title="bbox 1090 2471 1593 2536; baseline -0.004 -16"><span class='ocrx_word' id='word_1_227' title='bbox 1090 2472 1195 2527; x_wconf 84' lang='lat' dir='ltr'>habitis,</span> <span class='ocrx_word' id='word_1_228' title='bbox 1218 2473 1294 2535; x_wconf 88' lang='lat' dir='ltr'>optici</span> <span class='ocrx_word' id='word_1_229' title='bbox 1312 2472 1394 2520; x_wconf 86' lang='lat' dir='ltr'>locum</span> <span class='ocrx_word' id='word_1_230' title='bbox 1412 2471 1530 2536; x_wconf 67' lang='lat' dir='ltr'>imaginis</span> <span class='ocrx_word' id='word_1_231' title='bbox 1544 2471 1593 2530; x_wconf 73' lang='lat' dir='ltr'>ln</span> 
     </span>
    </p>

    <p class='ocr_par' dir='ltr' id='par_1_19' title="bbox 1091 2539 1594 2605">
     <span class='ocr_line' id='line_1_29' title="bbox 1091 2539 1594 2605; baseline -0.004 -15"><span class='ocrx_word' id='word_1_232' title='bbox 1091 2558 1140 2590; x_wconf 91' lang='lat' dir='ltr'>non</span> <span class='ocrx_word' id='word_1_233' title='bbox 1159 2542 1263 2605; x_wconf 85' lang='lat' dir='ltr'>amplius</span> <span class='ocrx_word' id='word_1_234' title='bbox 1281 2543 1377 2592; x_wconf 86' lang='lat' dir='ltr'>iaciunt</span> <span class='ocrx_word' id='word_1_235' title='bbox 1395 2541 1432 2598; x_wconf 84' lang='lat' dir='ltr'>E,</span> <span class='ocrx_word' id='word_1_236' title='bbox 1460 2541 1507 2591; x_wconf 84' lang='lat' dir='ltr'>sed</span> <span class='ocrx_word' id='word_1_237' title='bbox 1531 2539 1594 2588; x_wconf 76' lang='lat' dir='ltr'>illu</span> 
     </span>
    </p>

    <p class='ocr_par' dir='ltr' id='par_1_20' title="bbox 1091 2611 1595 2675">
     <span class='ocr_line' id='line_1_30' title="bbox 1091 2611 1595 2675; baseline 0.004 -14"><span class='ocrx_word' id='word_1_238' title='bbox 1091 2618 1255 2675; x_wconf 88' lang='lat' dir='ltr'>transponunt</span> <span class='ocrx_word' id='word_1_239' title='bbox 1268 2614 1293 2659; x_wconf 88' lang='lat' dir='ltr'>in</span> <span class='ocrx_word' id='word_1_240' title='bbox 1302 2611 1343 2671; x_wconf 83' lang='lat' dir='ltr'>lt,</span> <span class='ocrx_word' id='word_1_241' title='bbox 1363 2619 1465 2675; x_wconf 86' lang='lat' dir='ltr'>propter</span> <span class='ocrx_word' id='word_1_242' title='bbox 1476 2617 1595 2664; x_wconf 64' lang='lat' dir='ltr'>nam</span> 
     </span>
    </p>

    <p class='ocr_par' dir='ltr' id='par_1_21' title="bbox 1091 2682 1594 2733">
     <span class='ocr_line' id='line_1_31' title="bbox 1091 2682 1594 2733; baseline -0.002 0"><span class='ocrx_word' id='word_1_243' title='bbox 1091 2684 1220 2733; x_wconf 87' lang='lat' dir='ltr'>cathetum</span> <span class='ocrx_word' id='word_1_244' title='bbox 1238 2683 1390 2731; x_wconf 87' lang='lat' dir='ltr'>incidentiae</span> <span class='ocrx_word' id='word_1_245' title='bbox 1409 2682 1453 2732; x_wconf 85' lang='grc' dir='ltr'>ΔΙ.</span> <span class='ocrx_word' id='word_1_246' title='bbox 1481 2682 1594 2732; x_wconf 67' lang='lat' dir='ltr'>simine</span> 
     </span>
    </p>

    <p class='ocr_par' dir='ltr' id='par_1_22' title="bbox 1091 2752 1594 2818">
     <span class='ocr_line' id='line_1_32' title="bbox 1091 2752 1594 2818; baseline 0 -17"><span class='ocrx_word' id='word_1_247' title='bbox 1091 2757 1115 2803; x_wconf 90' lang='lat' dir='ltr'>in</span> <span class='ocrx_word' id='word_1_248' title='bbox 1134 2753 1236 2817; x_wconf 85' lang='lat' dir='ltr'>speculo</span> <span class='ocrx_word' id='word_1_249' title='bbox 1249 2766 1358 2803; x_wconf 77' lang='lat' dir='ltr'>concavo</span> <span class='ocrx_word' id='word_1_250' title='bbox 1371 2752 1457 2809; x_wconf 79' lang='lat' dir='ltr'>NDP.</span> <span class='ocrx_word' id='word_1_251' title='bbox 1477 2759 1594 2818; x_wconf 67' lang='lat' dir='ltr'>tangente</span> 
     </span>
    </p>

    <p class='ocr_par' dir='ltr' id='par_1_23' title="bbox 1091 2822 1594 2887">
     <span class='ocr_line' id='line_1_33' title="bbox 1091 2822 1594 2887; baseline 0 -15"><span class='ocrx_word' id='word_1_252' title='bbox 1091 2825 1190 2887; x_wconf 84' lang='lat' dir='ltr'>planum</span> <span class='ocrx_word' id='word_1_253' title='bbox 1222 2822 1287 2873; x_wconf 75' lang='lat' dir='ltr'>CDF</span> <span class='ocrx_word' id='word_1_254' title='bbox 1315 2826 1340 2872; x_wconf 90' lang='lat' dir='ltr'>iss</span> <span class='ocrx_word' id='word_1_255' title='bbox 1365 2832 1459 2886; x_wconf 80' lang='lat' dir='ltr'>puncto</span> <span class='ocrx_word' id='word_1_256' title='bbox 1479 2823 1518 2880; x_wconf 89' lang='lat' dir='ltr'>D,</span> <span class='ocrx_word' id='word_1_257' title='bbox 1543 2823 1594 2872; x_wconf 70' lang='grc' dir='ltr'>οὖ·</span> 
     </span>
    </p>

    <p class='ocr_par' dir='ltr' id='par_1_24' title="bbox 1086 2893 1595 2960">
     <span class='ocr_line' id='line_1_34' title="bbox 1086 2893 1595 2960; baseline -0.002 -17"><span class='ocrx_word' id='word_1_258' title='bbox 1086 2897 1146 2959; x_wconf 80' lang='lat' dir='ltr'>‘quis</span> <span class='ocrx_word' id='word_1_259' title='bbox 1162 2895 1299 2945; x_wconf 86' lang='lat' dir='ltr'>immutatis</span> <span class='ocrx_word' id='word_1_260' title='bbox 1321 2907 1425 2945; x_wconf 85' lang='lat' dir='ltr'>necesse</span> <span class='ocrx_word' id='word_1_261' title='bbox 1453 2903 1494 2944; x_wconf 87' lang='lat' dir='ltr'>est</span> <span class='ocrx_word' id='word_1_262' title='bbox 1510 2893 1595 2960; x_wconf 66' lang='lat' dir='ltr'>inagi-</span> 
     </span>
    </p>

    <p class='ocr_par' dir='ltr' id='par_1_25' title="bbox 1093 2967 1595 3030">
     <span class='ocr_line' id='line_1_35' title="bbox 1093 2967 1595 3030; baseline 0 -16"><span class='ocrx_word' id='word_1_263' title='bbox 1093 2981 1149 3015; x_wconf 91' lang='lat' dir='ltr'>nem</span> <span class='ocrx_word' id='word_1_264' title='bbox 1168 2967 1206 3015; x_wconf 88' lang='lat' dir='ltr'>sel</span> <span class='ocrx_word' id='word_1_265' title='bbox 1224 2973 1336 3015; x_wconf 60' lang='lat' dir='ltr'>caunum</span> <span class='ocrx_word' id='word_1_266' title='bbox 1364 2967 1482 3030; x_wconf 72' lang='lat' dir='ltr'>imaginis</span> <span class='ocrx_word' id='word_1_267' title='bbox 1500 2977 1595 3029; x_wconf 63' lang='lat' dir='ltr'>cepsu-</span> 
     </span>
    </p>

    <p class='ocr_par' dir='ltr' id='par_1_26' title="bbox 1093 3033 1597 3100">
     <span class='ocr_line' id='line_1_36' title="bbox 1093 3033 1597 3100; baseline -0.004 -15"><span class='ocrx_word' id='word_1_268' title='bbox 1093 3038 1185 3085; x_wconf 88' lang='lat' dir='ltr'>sentari</span> <span class='ocrx_word' id='word_1_269' title='bbox 1204 3045 1232 3085; x_wconf 90' lang='lat' dir='ltr'>ut</span> <span class='ocrx_word' id='word_1_270' title='bbox 1251 3036 1283 3086; x_wconf 89' lang='lat' dir='ltr'>ab</span> <span class='ocrx_word' id='word_1_271' title='bbox 1296 3037 1366 3086; x_wconf 90' lang='lat' dir='ltr'>initio</span> <span class='ocrx_word' id='word_1_272' title='bbox 1379 3038 1404 3085; x_wconf 90' lang='lat' dir='ltr'>in</span> <span class='ocrx_word' id='word_1_273' title='bbox 1417 3037 1473 3085; x_wconf 92' lang='lat' dir='ltr'>loco</span> <span class='ocrx_word' id='word_1_274' title='bbox 1487 3036 1517 3092; x_wconf 80' lang='lat' dir='ltr'>E,</span> <span class='ocrx_word' id='word_1_275' title='bbox 1536 3033 1597 3100; x_wconf 78' lang='lat' dir='ltr'>quoti</span> 
     </span>
    </p>

    <p class='ocr_par' dir='ltr' id='par_1_27' title="bbox 1094 3107 1598 3170">
     <span class='ocr_line' id='line_1_37' title="bbox 1094 3107 1598 3170; baseline -0.004 -14"><span class='ocrx_word' id='word_1_276' title='bbox 1094 3115 1181 3157; x_wconf 88' lang='lat' dir='ltr'>contra</span> <span class='ocrx_word' id='word_1_277' title='bbox 1199 3109 1320 3156; x_wconf 88' lang='lat' dir='ltr'>rationem</span> <span class='ocrx_word' id='word_1_278' title='bbox 1333 3108 1408 3170; x_wconf 89' lang='lat' dir='ltr'>optici</span> <span class='ocrx_word' id='word_1_279' title='bbox 1428 3108 1564 3157; x_wconf 85' lang='lat' dir='ltr'>detsndunt</span> <span class='ocrx_word' id='word_1_280' title='bbox 1574 3107 1598 3154; x_wconf 87' lang='lat' dir='ltr'>is</span> 
     </span>
    </p>

    <p class='ocr_par' dir='ltr' id='par_1_28' title="bbox 1093 3176 1597 3243">
     <span class='ocr_line' id='line_1_38' title="bbox 1093 3176 1597 3243; baseline -0.002 -16"><span class='ocrx_word' id='word_1_281' title='bbox 1093 3179 1231 3243; x_wconf 88' lang='lat' dir='ltr'>0propter</span> <span class='ocrx_word' id='word_1_282' title='bbox 1250 3178 1378 3227; x_wconf 75' lang='lat' dir='ltr'>cathetum</span> <span class='ocrx_word' id='word_1_283' title='bbox 1398 3176 1453 3228; x_wconf 71' lang='lat' dir='ltr'>aii.</span> <span class='ocrx_word' id='word_1_284' title='bbox 1487 3177 1524 3228; x_wconf 76' lang='lat' dir='ltr'>Ex</span> <span class='ocrx_word' id='word_1_285' title='bbox 1547 3178 1597 3242; x_wconf 83' lang='lat' dir='ltr'>qni·</span> 
     </span>
    </p>

    <p class='ocr_par' dir='ltr' id='par_1_29' title="bbox 1091 3247 1598 3314">
     <span class='ocr_line' id='line_1_39' title="bbox 1091 3247 1598 3314; baseline -0.004 -16"><span class='ocrx_word' id='word_1_286' title='bbox 1091 3251 1136 3298; x_wconf 83' lang='lat' dir='ltr'>bus</span> <span class='ocrx_word' id='word_1_287' title='bbox 1149 3249 1260 3298; x_wconf 91' lang='lat' dir='ltr'>omnihus</span> <span class='ocrx_word' id='word_1_288' title='bbox 1280 3249 1371 3306; x_wconf 85' lang='lat' dir='ltr'>iniero,</span> <span class='ocrx_word' id='word_1_289' title='bbox 1389 3250 1472 3299; x_wconf 89' lang='lat' dir='ltr'>locum</span> <span class='ocrx_word' id='word_1_290' title='bbox 1485 3247 1598 3314; x_wconf 62' lang='lat' dir='ltr'>imaginis</span> 
     </span>
    </p>

    <p class='ocr_par' dir='ltr' id='par_1_30' title="bbox 1091 3320 1599 3375">
     <span class='ocr_line' id='line_1_40' title="bbox 1091 3320 1599 3375; baseline -0.002 -6"><span class='ocrx_word' id='word_1_291' title='bbox 1091 3337 1140 3369; x_wconf 90' lang='lat' dir='ltr'>nou</span> <span class='ocrx_word' id='word_1_292' title='bbox 1160 3335 1214 3369; x_wconf 86' lang='lat' dir='ltr'>esse</span> <span class='ocrx_word' id='word_1_293' title='bbox 1227 3321 1251 3368; x_wconf 89' lang='lat' dir='ltr'>in</span> <span class='ocrx_word' id='word_1_294' title='bbox 1271 3320 1372 3370; x_wconf 91' lang='lat' dir='ltr'>catheto</span> <span class='ocrx_word' id='word_1_295' title='bbox 1390 3320 1553 3375; x_wconf 86' lang='lat' dir='ltr'>incidentiae.</span> <span class='ocrx_word' id='word_1_296' title='bbox 1571 3325 1599 3368; x_wconf 86' lang='grc' dir='ltr'>ιιι</span> 
     </span>
    </p>

    <p class='ocr_par' dir='ltr' id='par_1_31' title="bbox 1091 3389 1598 3456">
     <span class='ocr_line' id='line_1_41' title="bbox 1091 3389 1598 3456; baseline -0.002 -16"><span class='ocrx_word' id='word_1_297' title='bbox 1091 3393 1125 3440; x_wconf 90' lang='lat' dir='ltr'>llli</span> <span class='ocrx_word' id='word_1_298' title='bbox 1138 3399 1261 3440; x_wconf 84' lang='lat' dir='ltr'>statuunt.</span> <span class='ocrx_word' id='word_1_299' title='bbox 1286 3389 1374 3454; x_wconf 81' lang='lat' dir='ltr'>Neque</span> <span class='ocrx_word' id='word_1_300' title='bbox 1393 3392 1530 3456; x_wconf 83' lang='lat' dir='ltr'>quidquam</span> <span class='ocrx_word' id='word_1_301' title='bbox 1539 3391 1598 3454; x_wconf 70' lang='lat' dir='ltr'>iaris</span> 
     </span>
    </p>

    <p class='ocr_par' dir='ltr' id='par_1_32' title="bbox 241 3461 1601 5014">
     <span class='ocr_line' id='line_1_42' title="bbox 241 3461 1599 3528; baseline -0.001 -15"><span class='ocrx_word' id='word_1_302' title='bbox 241 3464 282 3513; x_wconf 91' lang='lat' dir='ltr'>hic</span> <span class='ocrx_word' id='word_1_303' title='bbox 299 3463 377 3512; x_wconf 87' lang='lat' dir='ltr'>hahet</span> <span class='ocrx_word' id='word_1_304' title='bbox 394 3463 523 3520; x_wconf 84' lang='lat' dir='ltr'>cathetus,</span> <span class='ocrx_word' id='word_1_305' title='bbox 542 3463 580 3512; x_wconf 88' lang='lat' dir='ltr'>sol</span> <span class='ocrx_word' id='word_1_306' title='bbox 599 3464 618 3511; x_wconf 87' lang='lat' dir='ltr'>si</span> <span class='ocrx_word' id='word_1_307' title='bbox 638 3462 694 3525; x_wconf 88' lang='lat' dir='ltr'>quid</span> <span class='ocrx_word' id='word_1_308' title='bbox 714 3462 804 3518; x_wconf 83' lang='lat' dir='ltr'>hahet,</span> <span class='ocrx_word' id='word_1_309' title='bbox 823 3462 899 3512; x_wconf 87' lang='lat' dir='ltr'>habet</span> <span class='ocrx_word' id='word_1_310' title='bbox 919 3462 950 3511; x_wconf 86' lang='lat' dir='ltr'>ab</span> <span class='ocrx_word' id='word_1_311' title='bbox 970 3464 1060 3528; x_wconf 75' lang='lat' dir='ltr'>angulo</span> <span class='ocrx_word' id='word_1_312' title='bbox 1079 3469 1163 3524; x_wconf 85' lang='lat' dir='ltr'>recto,</span> <span class='ocrx_word' id='word_1_313' title='bbox 1190 3478 1262 3526; x_wconf 85' lang='lat' dir='ltr'>quens</span> <span class='ocrx_word' id='word_1_314' title='bbox 1281 3464 1410 3511; x_wconf 85' lang='lat' dir='ltr'>constituit</span> <span class='ocrx_word' id='word_1_315' title='bbox 1429 3476 1487 3510; x_wconf 89' lang='lat' dir='ltr'>cum</span> <span class='ocrx_word' id='word_1_316' title='bbox 1506 3461 1599 3526; x_wconf 66' lang='lat' dir='ltr'>specs!</span> 
     </span>
     <span class='ocr_line' id='line_1_43' title="bbox 242 3532 1598 3598; baseline -0.001 -16"><span class='ocrx_word' id='word_1_317' title='bbox 242 3533 387 3598; x_wconf 81' lang='lat' dir='ltr'>superficie,</span> <span class='ocrx_word' id='word_1_318' title='bbox 407 3548 423 3582; x_wconf 90' lang='lat' dir='ltr'>a</span> <span class='ocrx_word' id='word_1_319' title='bbox 441 3549 488 3598; x_wconf 89' lang='lat' dir='ltr'>quo</span> <span class='ocrx_word' id='word_1_320' title='bbox 507 3541 615 3582; x_wconf 90' lang='lat' dir='ltr'>meretur</span> <span class='ocrx_word' id='word_1_321' title='bbox 634 3534 714 3582; x_wconf 79' lang='lat' dir='ltr'>vocari</span> <span class='ocrx_word' id='word_1_322' title='bbox 734 3534 857 3583; x_wconf 77' lang='lat' dir='ltr'>cathetus.</span> <span class='ocrx_word' id='word_1_323' title='bbox 886 3536 919 3581; x_wconf 88' lang='lat' dir='ltr'>lit</span> <span class='ocrx_word' id='word_1_324' title='bbox 936 3535 987 3593; x_wconf 82' lang='lat' dir='ltr'>jnrn</span> <span class='ocrx_word' id='word_1_325' title='bbox 1007 3534 1148 3583; x_wconf 87' lang='lat' dir='ltr'>obstensum</span> <span class='ocrx_word' id='word_1_326' title='bbox 1161 3542 1212 3592; x_wconf 87' lang='lat' dir='ltr'>est,</span> <span class='ocrx_word' id='word_1_327' title='bbox 1233 3533 1387 3595; x_wconf 82' lang='lat' dir='ltr'>superficiem</span> <span class='ocrx_word' id='word_1_328' title='bbox 1406 3532 1475 3582; x_wconf 88' lang='lat' dir='ltr'>illam</span> <span class='ocrx_word' id='word_1_329' title='bbox 1494 3533 1533 3582; x_wconf 85' lang='lat' dir='ltr'>rel</span> <span class='ocrx_word' id='word_1_330' title='bbox 1546 3548 1598 3597; x_wconf 88' lang='lat' dir='ltr'>por·</span> 
     </span>
     <span class='ocr_line' id='line_1_44' title="bbox 243 3603 1599 3670; baseline 0.001 -17"><span class='ocrx_word' id='word_1_331' title='bbox 243 3607 335 3655; x_wconf 88' lang='lat' dir='ltr'>tionem</span> <span class='ocrx_word' id='word_1_332' title='bbox 356 3604 450 3669; x_wconf 85' lang='lat' dir='ltr'>speculi</span> <span class='ocrx_word' id='word_1_333' title='bbox 468 3604 506 3653; x_wconf 92' lang='lat' dir='ltr'>ID</span> <span class='ocrx_word' id='word_1_334' title='bbox 525 3604 563 3653; x_wconf 88' lang='lat' dir='ltr'>rol</span> <span class='ocrx_word' id='word_1_335' title='bbox 581 3603 630 3654; x_wconf 66' lang='lat' dir='ltr'>Nn</span> <span class='ocrx_word' id='word_1_336' title='bbox 649 3604 697 3653; x_wconf 88' lang='lat' dir='ltr'>huc</span> <span class='ocrx_word' id='word_1_337' title='bbox 717 3604 751 3651; x_wconf 92' lang='lat' dir='ltr'>nil</span> <span class='ocrx_word' id='word_1_338' title='bbox 771 3606 894 3660; x_wconf 79' lang='lat' dir='ltr'>conferre.</span> <span class='ocrx_word' id='word_1_339' title='bbox 924 3617 1001 3667; x_wconf 86' lang='lat' dir='ltr'>quare</span> <span class='ocrx_word' id='word_1_340' title='bbox 1028 3619 1075 3654; x_wconf 86' lang='lat' dir='ltr'>nec</span> <span class='ocrx_word' id='word_1_341' title='bbox 1095 3604 1200 3670; x_wconf 83' lang='lat' dir='ltr'>angulus</span> <span class='ocrx_word' id='word_1_342' title='bbox 1219 3611 1301 3652; x_wconf 89' lang='lat' dir='ltr'>rectus</span> <span class='ocrx_word' id='word_1_343' title='bbox 1323 3603 1397 3660; x_wconf 80' lang='lat' dir='ltr'>nil),</span> <span class='ocrx_word' id='word_1_344' title='bbox 1416 3618 1465 3653; x_wconf 84' lang='lat' dir='ltr'>nec</span> <span class='ocrx_word' id='word_1_345' title='bbox 1484 3603 1599 3654; x_wconf 74' lang='lat' dir='ltr'>castrans</span> 
     </span>
     <span class='ocr_line' id='line_1_45' title="bbox 244 3671 1598 3740; baseline 0 -16"><span class='ocrx_word' id='word_1_346' title='bbox 244 3675 287 3724; x_wconf 84' lang='lat' dir='ltr'>ill.</span> <span class='ocrx_word' id='word_1_347' title='bbox 325 3673 378 3724; x_wconf 88' lang='lat' dir='ltr'>lmo</span> <span class='ocrx_word' id='word_1_348' title='bbox 397 3676 455 3738; x_wconf 88' lang='lat' dir='ltr'>quia</span> <span class='ocrx_word' id='word_1_349' title='bbox 474 3682 528 3724; x_wconf 87' lang='lat' dir='ltr'>tota</span> <span class='ocrx_word' id='word_1_350' title='bbox 546 3676 582 3724; x_wconf 86' lang='lat' dir='ltr'>ris</span> <span class='ocrx_word' id='word_1_351' title='bbox 600 3675 739 3724; x_wconf 71' lang='lat' dir='ltr'>relictionis</span> <span class='ocrx_word' id='word_1_352' title='bbox 758 3675 881 3738; x_wconf 91' lang='lat' dir='ltr'>dependet</span> <span class='ocrx_word' id='word_1_353' title='bbox 895 3683 1014 3737; x_wconf 88' lang='lat' dir='ltr'>apuucto</span> <span class='ocrx_word' id='word_1_354' title='bbox 1033 3676 1171 3726; x_wconf 82' lang='lat' dir='ltr'>reflexionis</span> <span class='ocrx_word' id='word_1_355' title='bbox 1191 3673 1214 3723; x_wconf 94' lang='lat' dir='ltr'>D</span> <span class='ocrx_word' id='word_1_356' title='bbox 1234 3683 1260 3723; x_wconf 89' lang='lat' dir='ltr'>et</span> <span class='ocrx_word' id='word_1_357' title='bbox 1278 3674 1453 3737; x_wconf 89' lang='lat' dir='ltr'>perpendiculo</span> <span class='ocrx_word' id='word_1_358' title='bbox 1466 3671 1530 3732; x_wconf 82' lang='lat' dir='ltr'>DK.</span> <span class='ocrx_word' id='word_1_359' title='bbox 1548 3675 1598 3740; x_wconf 75' lang='lat' dir='ltr'>qui·</span> 
     </span>
     <span class='ocr_line' id='line_1_46' title="bbox 242 3743 1599 3812; baseline 0.001 -17"><span class='ocrx_word' id='word_1_360' title='bbox 242 3747 286 3796; x_wconf 85' lang='lat' dir='ltr'>hus</span> <span class='ocrx_word' id='word_1_361' title='bbox 305 3745 365 3794; x_wconf 89' lang='lat' dir='ltr'>nihil</span> <span class='ocrx_word' id='word_1_362' title='bbox 384 3747 477 3809; x_wconf 81' lang='lat' dir='ltr'>negotii</span> <span class='ocrx_word' id='word_1_363' title='bbox 497 3753 534 3794; x_wconf 89' lang='lat' dir='ltr'>est</span> <span class='ocrx_word' id='word_1_364' title='bbox 553 3760 609 3794; x_wconf 91' lang='lat' dir='ltr'>cum</span> <span class='ocrx_word' id='word_1_365' title='bbox 628 3747 729 3795; x_wconf 84' lang='lat' dir='ltr'>catireto</span> <span class='ocrx_word' id='word_1_366' title='bbox 747 3745 782 3794; x_wconf 82' lang='lat' dir='ltr'>Al</span> <span class='ocrx_word' id='word_1_367' title='bbox 801 3745 838 3794; x_wconf 87' lang='lat' dir='ltr'>rel</span> <span class='ocrx_word' id='word_1_368' title='bbox 858 3743 920 3805; x_wconf 79' lang='lat' dir='ltr'>AN,</span> <span class='ocrx_word' id='word_1_369' title='bbox 940 3747 1065 3809; x_wconf 87' lang='lat' dir='ltr'>sequitur.</span> <span class='ocrx_word' id='word_1_370' title='bbox 1095 3746 1155 3794; x_wconf 86' lang='lat' dir='ltr'>nihil</span> <span class='ocrx_word' id='word_1_371' title='bbox 1174 3747 1198 3794; x_wconf 92' lang='lat' dir='ltr'>in</span> <span class='ocrx_word' id='word_1_372' title='bbox 1218 3746 1350 3794; x_wconf 83' lang='lat' dir='ltr'>reflexione</span> <span class='ocrx_word' id='word_1_373' title='bbox 1369 3759 1440 3806; x_wconf 79' lang='lat' dir='ltr'>esse,</span> <span class='ocrx_word' id='word_1_374' title='bbox 1470 3745 1539 3812; x_wconf 75' lang='lat' dir='ltr'>quod</span> <span class='ocrx_word' id='word_1_375' title='bbox 1556 3745 1599 3796; x_wconf 81' lang='lat' dir='ltr'>stit</span> 
     </span>
     <span class='ocr_line' id='line_1_47' title="bbox 244 3815 1599 3880; baseline 0.004 -17"><span class='ocrx_word' id='word_1_376' title='bbox 244 3815 369 3865; x_wconf 81' lang='lat' dir='ltr'>vindicare</span> <span class='ocrx_word' id='word_1_377' title='bbox 388 3816 465 3878; x_wconf 80' lang='lat' dir='ltr'>possit</span> <span class='ocrx_word' id='word_1_378' title='bbox 484 3816 605 3865; x_wconf 78' lang='lat' dir='ltr'>cathetus.</span> <span class='ocrx_word' id='word_1_379' title='bbox 643 3816 749 3866; x_wconf 80' lang='lat' dir='ltr'>Videtur</span> <span class='ocrx_word' id='word_1_380' title='bbox 767 3817 826 3864; x_wconf 90' lang='lat' dir='ltr'>mihi</span> <span class='ocrx_word' id='word_1_381' title='bbox 845 3816 952 3864; x_wconf 83' lang='lat' dir='ltr'>oliicinsn</span> <span class='ocrx_word' id='word_1_382' title='bbox 971 3820 1055 3880; x_wconf 89' lang='lat' dir='ltr'>puncti</span> <span class='ocrx_word' id='word_1_383' title='bbox 1069 3818 1092 3866; x_wconf 95' lang='lat' dir='ltr'>D</span> <span class='ocrx_word' id='word_1_384' title='bbox 1106 3825 1175 3872; x_wconf 82' lang='lat' dir='ltr'>esse,</span> <span class='ocrx_word' id='word_1_385' title='bbox 1195 3823 1223 3865; x_wconf 91' lang='lat' dir='ltr'>ut</span> <span class='ocrx_word' id='word_1_386' title='bbox 1240 3817 1347 3880; x_wconf 82' lang='lat' dir='ltr'>speciem</span> <span class='ocrx_word' id='word_1_387' title='bbox 1366 3816 1459 3880; x_wconf 84' lang='lat' dir='ltr'>objecti</span> <span class='ocrx_word' id='word_1_388' title='bbox 1478 3817 1512 3866; x_wconf 79' lang='lat' dir='ltr'>ad</span> <span class='ocrx_word' id='word_1_389' title='bbox 1524 3819 1599 3868; x_wconf 72' lang='lat' dir='ltr'>rins</span> 
     </span>
     <span class='ocr_line' id='line_1_48' title="bbox 244 3884 1601 3953; baseline 0.003 -19"><span class='ocrx_word' id='word_1_390' title='bbox 244 3885 370 3934; x_wconf 83' lang='lat' dir='ltr'>reflectat:</span> <span class='ocrx_word' id='word_1_391' title='bbox 389 3885 554 3948; x_wconf 84' lang='lat' dir='ltr'>perpendiculi</span> <span class='ocrx_word' id='word_1_392' title='bbox 573 3902 630 3935; x_wconf 89' lang='lat' dir='ltr'>rero</span> <span class='ocrx_word' id='word_1_393' title='bbox 644 3887 709 3940; x_wconf 83' lang='lat' dir='ltr'>DK.</span> <span class='ocrx_word' id='word_1_394' title='bbox 729 3895 756 3935; x_wconf 94' lang='lat' dir='ltr'>ut</span> <span class='ocrx_word' id='word_1_395' title='bbox 775 3889 909 3951; x_wconf 76' lang='lat' dir='ltr'>imaginem</span> <span class='ocrx_word' id='word_1_396' title='bbox 927 3903 970 3950; x_wconf 84' lang='lat' dir='ltr'>por</span> <span class='ocrx_word' id='word_1_397' title='bbox 990 3888 1146 3937; x_wconf 81' lang='lat' dir='ltr'>reflexionem</span> <span class='ocrx_word' id='word_1_398' title='bbox 1166 3884 1330 3936; x_wconf 86' lang='lat' dir='ltr'>exhibendam</span> <span class='ocrx_word' id='word_1_399' title='bbox 1348 3887 1440 3953; x_wconf 67' lang='lat' dir='ltr'>dirigat</span> <span class='ocrx_word' id='word_1_400' title='bbox 1461 3893 1488 3937; x_wconf 89' lang='lat' dir='ltr'>et</span> <span class='ocrx_word' id='word_1_401' title='bbox 1506 3887 1601 3938; x_wconf 80' lang='lat' dir='ltr'>ordinet</span> 
     </span>
     <span class='ocr_line' id='line_1_49' title="bbox 244 3955 1600 4025; baseline 0.002 -22"><span class='ocrx_word' id='word_1_402' title='bbox 244 3969 276 4004; x_wconf 86' lang='lat' dir='ltr'>at</span> <span class='ocrx_word' id='word_1_403' title='bbox 295 3955 405 4020; x_wconf 76' lang='lat' dir='ltr'>legitime</span> <span class='ocrx_word' id='word_1_404' title='bbox 425 3956 535 4006; x_wconf 88' lang='lat' dir='ltr'>collocet.</span> <span class='ocrx_word' id='word_1_405' title='bbox 573 3957 637 4006; x_wconf 81' lang='lat' dir='ltr'>Nam</span> <span class='ocrx_word' id='word_1_406' title='bbox 667 3960 699 4007; x_wconf 91' lang='lat' dir='ltr'>ad</span> <span class='ocrx_word' id='word_1_407' title='bbox 717 3958 788 4019; x_wconf 89' lang='lat' dir='ltr'>hujus</span> <span class='ocrx_word' id='word_1_408' title='bbox 816 3960 993 4020; x_wconf 83' lang='lat' dir='ltr'>praescriptum</span> <span class='ocrx_word' id='word_1_409' title='bbox 1021 3961 1122 4025; x_wconf 83' lang='lat' dir='ltr'>erigitur</span> <span class='ocrx_word' id='word_1_410' title='bbox 1146 3957 1288 4020; x_wconf 84' lang='lat' dir='ltr'>superficies</span> <span class='ocrx_word' id='word_1_411' title='bbox 1306 3958 1447 4008; x_wconf 84' lang='lat' dir='ltr'>reflexionis</span> <span class='ocrx_word' id='word_1_412' title='bbox 1465 3957 1600 4012; x_wconf 68' lang='lat' dir='ltr'>stulta:</span> 
     </span>
     <span class='ocr_line' id='line_1_50' title="bbox 242 4025 1599 4096; baseline 0.005 -22"><span class='ocrx_word' id='word_1_413' title='bbox 242 4026 315 4088; x_wconf 76' lang='lat' dir='ltr'>huius</span> <span class='ocrx_word' id='word_1_414' title='bbox 334 4026 410 4076; x_wconf 92' lang='lat' dir='ltr'>ductu</span> <span class='ocrx_word' id='word_1_415' title='bbox 428 4042 523 4091; x_wconf 85' lang='lat' dir='ltr'>quoque</span> <span class='ocrx_word' id='word_1_416' title='bbox 543 4037 611 4077; x_wconf 86' lang='lat' dir='ltr'>rocta</span> <span class='ocrx_word' id='word_1_417' title='bbox 630 4030 694 4078; x_wconf 84' lang='lat' dir='ltr'>inira</span> <span class='ocrx_word' id='word_1_418' title='bbox 711 4044 761 4076; x_wconf 88' lang='lat' dir='ltr'>rem</span> <span class='ocrx_word' id='word_1_419' title='bbox 781 4031 858 4076; x_wconf 85' lang='lat' dir='ltr'>risam</span> <span class='ocrx_word' id='word_1_420' title='bbox 877 4028 1019 4090; x_wconf 89' lang='lat' dir='ltr'>deprimitur</span> <span class='ocrx_word' id='word_1_421' title='bbox 1032 4033 1113 4095; x_wconf 84' lang='lat' dir='ltr'>imago</span> <span class='ocrx_word' id='word_1_422' title='bbox 1127 4030 1159 4084; x_wconf 84' lang='grc' dir='ltr'>Ε,</span> <span class='ocrx_word' id='word_1_423' title='bbox 1179 4031 1216 4077; x_wconf 87' lang='lat' dir='ltr'>ita</span> <span class='ocrx_word' id='word_1_424' title='bbox 1233 4035 1262 4077; x_wconf 85' lang='lat' dir='ltr'>ut</span> <span class='ocrx_word' id='word_1_425' title='bbox 1279 4027 1347 4078; x_wconf 90' lang='lat' dir='ltr'>linea</span> <span class='ocrx_word' id='word_1_426' title='bbox 1359 4029 1404 4078; x_wconf 77' lang='lat' dir='ltr'>AB</span> <span class='ocrx_word' id='word_1_427' title='bbox 1423 4025 1501 4096; x_wconf 87' lang='lat' dir='ltr'>(quas</span> <span class='ocrx_word' id='word_1_428' title='bbox 1519 4029 1599 4096; x_wconf 81' lang='lat' dir='ltr'>paral·</span> 
     </span>
     <span class='ocr_line' id='line_1_51' title="bbox 243 4096 1598 4167; baseline 0.005 -22"><span class='ocrx_word' id='word_1_429' title='bbox 243 4096 291 4146; x_wconf 86' lang='lat' dir='ltr'>leia</span> <span class='ocrx_word' id='word_1_430' title='bbox 310 4099 489 4160; x_wconf 82' lang='lat' dir='ltr'>apparentiae,</span> <span class='ocrx_word' id='word_1_431' title='bbox 518 4101 543 4147; x_wconf 93' lang='lat' dir='ltr'>in</span> <span class='ocrx_word' id='word_1_432' title='bbox 562 4112 611 4163; x_wconf 86' lang='lat' dir='ltr'>qna</span> <span class='ocrx_word' id='word_1_433' title='bbox 629 4101 724 4149; x_wconf 88' lang='lat' dir='ltr'>scilicet</span> <span class='ocrx_word' id='word_1_434' title='bbox 743 4107 767 4146; x_wconf 92' lang='lat' dir='ltr'>et</span> <span class='ocrx_word' id='word_1_435' title='bbox 787 4114 824 4148; x_wconf 85' lang='lat' dir='ltr'>res</span> <span class='ocrx_word' id='word_1_436' title='bbox 843 4101 897 4161; x_wconf 88' lang='lat' dir='ltr'>ipsa</span> <span class='ocrx_word' id='word_1_437' title='bbox 916 4108 942 4147; x_wconf 91' lang='lat' dir='ltr'>et</span> <span class='ocrx_word' id='word_1_438' title='bbox 961 4102 1042 4165; x_wconf 81' lang='lat' dir='ltr'>imago</span> <span class='ocrx_word' id='word_1_439' title='bbox 1062 4105 1114 4163; x_wconf 80' lang='lat' dir='ltr'>eJus</span> <span class='ocrx_word' id='word_1_440' title='bbox 1133 4104 1251 4163; x_wconf 84' lang='lat' dir='ltr'>apparet.</span> <span class='ocrx_word' id='word_1_441' title='bbox 1278 4114 1327 4149; x_wconf 89' lang='lat' dir='ltr'>non</span> <span class='ocrx_word' id='word_1_442' title='bbox 1351 4101 1436 4164; x_wconf 81' lang='lat' dir='ltr'>inepte</span> <span class='ocrx_word' id='word_1_443' title='bbox 1454 4101 1539 4152; x_wconf 73' lang='lat' dir='ltr'>sceui</span> <span class='ocrx_word' id='word_1_444' title='bbox 1556 4115 1598 4167; x_wconf 81' lang='lat' dir='ltr'>pa-</span> 
     </span>
     <span class='ocr_line' id='line_1_52' title="bbox 242 4166 1600 4235; baseline 0.004 -19"><span class='ocrx_word' id='word_1_445' title='bbox 242 4166 303 4228; x_wconf 86' lang='lat' dir='ltr'>test)</span> <span class='ocrx_word' id='word_1_446' title='bbox 332 4169 365 4217; x_wconf 87' lang='lat' dir='ltr'>sit</span> <span class='ocrx_word' id='word_1_447' title='bbox 393 4170 415 4216; x_wconf 92' lang='lat' dir='ltr'>ei</span> <span class='ocrx_word' id='word_1_448' title='bbox 439 4171 621 4233; x_wconf 83' lang='lat' dir='ltr'>aequidistans,</span> <span class='ocrx_word' id='word_1_449' title='bbox 649 4185 713 4235; x_wconf 87' lang='lat' dir='ltr'>quae</span> <span class='ocrx_word' id='word_1_450' title='bbox 741 4172 879 4218; x_wconf 75' lang='lat' dir='ltr'>necessario</span> <span class='ocrx_word' id='word_1_451' title='bbox 907 4171 932 4217; x_wconf 92' lang='lat' dir='ltr'>iu</span> <span class='ocrx_word' id='word_1_452' title='bbox 960 4171 1113 4233; x_wconf 75' lang='lat' dir='ltr'>superficiem</span> <span class='ocrx_word' id='word_1_453' title='bbox 1141 4171 1279 4220; x_wconf 70' lang='lat' dir='ltr'>relictionis</span> <span class='ocrx_word' id='word_1_454' title='bbox 1302 4172 1389 4221; x_wconf 90' lang='lat' dir='ltr'>incidit</span> <span class='ocrx_word' id='word_1_455' title='bbox 1413 4179 1439 4222; x_wconf 88' lang='lat' dir='ltr'>et</span> <span class='ocrx_word' id='word_1_456' title='bbox 1458 4187 1517 4222; x_wconf 82' lang='lat' dir='ltr'>cans</span> <span class='ocrx_word' id='word_1_457' title='bbox 1534 4171 1600 4222; x_wconf 75' lang='lat' dir='ltr'>lissa</span> 
     </span>
     <span class='ocr_line' id='line_1_53' title="bbox 242 4239 1599 4307; baseline 0.006 -21"><span class='ocrx_word' id='word_1_458' title='bbox 242 4239 380 4288; x_wconf 85' lang='lat' dir='ltr'>redexionls</span> <span class='ocrx_word' id='word_1_459' title='bbox 393 4240 418 4288; x_wconf 90' lang='lat' dir='ltr'>iu</span> <span class='ocrx_word' id='word_1_460' title='bbox 436 4249 527 4303; x_wconf 90' lang='lat' dir='ltr'>puncto</span> <span class='ocrx_word' id='word_1_461' title='bbox 548 4241 711 4291; x_wconf 81' lang='lat' dir='ltr'>Econcurrit.</span> <span class='ocrx_word' id='word_1_462' title='bbox 737 4240 769 4288; x_wconf 80' lang='lat' dir='ltr'>Et</span> <span class='ocrx_word' id='word_1_463' title='bbox 787 4242 897 4305; x_wconf 81' lang='lat' dir='ltr'>quamvis</span> <span class='ocrx_word' id='word_1_464' title='bbox 915 4242 940 4288; x_wconf 93' lang='lat' dir='ltr'>in</span> <span class='ocrx_word' id='word_1_465' title='bbox 960 4242 1065 4304; x_wconf 91' lang='lat' dir='ltr'>speculis</span> <span class='ocrx_word' id='word_1_466' title='bbox 1084 4243 1163 4305; x_wconf 88' lang='lat' dir='ltr'>planis</span> <span class='ocrx_word' id='word_1_467' title='bbox 1181 4243 1264 4307; x_wconf 74' lang='lat' dir='ltr'>imago</span> <span class='ocrx_word' id='word_1_468' title='bbox 1282 4242 1303 4291; x_wconf 78' lang='lat' dir='ltr'>l:</span> <span class='ocrx_word' id='word_1_469' title='bbox 1321 4243 1347 4292; x_wconf 93' lang='lat' dir='ltr'>in</span> <span class='ocrx_word' id='word_1_470' title='bbox 1366 4243 1469 4294; x_wconf 85' lang='lat' dir='ltr'>catheto</span> <span class='ocrx_word' id='word_1_471' title='bbox 1486 4241 1599 4294; x_wconf 77' lang='lat' dir='ltr'>incidas·</span> 
     </span>
     <span class='ocr_line' id='line_1_54' title="bbox 242 4310 1598 4380; baseline 0.005 -23"><span class='ocrx_word' id='word_1_472' title='bbox 242 4310 293 4358; x_wconf 85' lang='lat' dir='ltr'>tiae</span> <span class='ocrx_word' id='word_1_473' title='bbox 313 4311 438 4367; x_wconf 84' lang='lat' dir='ltr'>cernitur,</span> <span class='ocrx_word' id='word_1_474' title='bbox 457 4311 483 4360; x_wconf 93' lang='lat' dir='ltr'>id</span> <span class='ocrx_word' id='word_1_475' title='bbox 501 4319 585 4361; x_wconf 86' lang='lat' dir='ltr'>tamen</span> <span class='ocrx_word' id='word_1_476' title='bbox 605 4328 655 4361; x_wconf 90' lang='lat' dir='ltr'>non</span> <span class='ocrx_word' id='word_1_477' title='bbox 674 4313 716 4366; x_wconf 89' lang='lat' dir='ltr'>iit,</span> <span class='ocrx_word' id='word_1_478' title='bbox 735 4312 794 4374; x_wconf 83' lang='lat' dir='ltr'>quia</span> <span class='ocrx_word' id='word_1_479' title='bbox 813 4311 881 4359; x_wconf 70' lang='lat' dir='ltr'>elin</span> <span class='ocrx_word' id='word_1_480' title='bbox 901 4317 939 4359; x_wconf 84' lang='lat' dir='ltr'>est</span> <span class='ocrx_word' id='word_1_481' title='bbox 958 4312 1086 4368; x_wconf 84' lang='lat' dir='ltr'>cathetus.</span> <span class='ocrx_word' id='word_1_482' title='bbox 1105 4313 1149 4362; x_wconf 84' lang='lat' dir='ltr'>sed</span> <span class='ocrx_word' id='word_1_483' title='bbox 1168 4315 1226 4376; x_wconf 88' lang='lat' dir='ltr'>quia</span> <span class='ocrx_word' id='word_1_484' title='bbox 1244 4313 1277 4362; x_wconf 89' lang='lat' dir='ltr'>ad</span> <span class='ocrx_word' id='word_1_485' title='bbox 1295 4316 1475 4378; x_wconf 85' lang='lat' dir='ltr'>praescriptum</span> <span class='ocrx_word' id='word_1_486' title='bbox 1493 4329 1598 4380; x_wconf 76' lang='lat' dir='ltr'>perpsa-</span> 
     </span>
     <span class='ocr_line' id='line_1_55' title="bbox 243 4379 1598 4446; baseline 0.008 -19"><span class='ocrx_word' id='word_1_487' title='bbox 243 4380 316 4430; x_wconf 89' lang='lat' dir='ltr'>diculi</span> <span class='ocrx_word' id='word_1_488' title='bbox 337 4379 386 4429; x_wconf 83' lang='lat' dir='ltr'>KD</span> <span class='ocrx_word' id='word_1_489' title='bbox 406 4380 482 4431; x_wconf 88' lang='lat' dir='ltr'>ducta</span> <span class='ocrx_word' id='word_1_490' title='bbox 500 4384 522 4431; x_wconf 92' lang='lat' dir='ltr'>ei</span> <span class='ocrx_word' id='word_1_491' title='bbox 542 4391 580 4431; x_wconf 89' lang='lat' dir='ltr'>est</span> <span class='ocrx_word' id='word_1_492' title='bbox 608 4382 735 4445; x_wconf 86' lang='lat' dir='ltr'>parallela.</span> <span class='ocrx_word' id='word_1_493' title='bbox 774 4382 801 4430; x_wconf 92' lang='lat' dir='ltr'>ln</span> <span class='ocrx_word' id='word_1_494' title='bbox 822 4382 936 4430; x_wconf 84' lang='lat' dir='ltr'>conrexis</span> <span class='ocrx_word' id='word_1_495' title='bbox 962 4393 1045 4432; x_wconf 88' lang='lat' dir='ltr'>autem</span> <span class='ocrx_word' id='word_1_496' title='bbox 1065 4391 1091 4433; x_wconf 88' lang='lat' dir='ltr'>et</span> <span class='ocrx_word' id='word_1_497' title='bbox 1109 4384 1224 4434; x_wconf 79' lang='lat' dir='ltr'>concavis</span> <span class='ocrx_word' id='word_1_498' title='bbox 1242 4383 1349 4446; x_wconf 87' lang='lat' dir='ltr'>speculis</span> <span class='ocrx_word' id='word_1_499' title='bbox 1367 4383 1432 4436; x_wconf 84' lang='lat' dir='ltr'>alius</span> <span class='ocrx_word' id='word_1_500' title='bbox 1450 4389 1491 4436; x_wconf 86' lang='lat' dir='ltr'>ess</span> <span class='ocrx_word' id='word_1_501' title='bbox 1512 4383 1598 4438; x_wconf 69' lang='lat' dir='ltr'>ealhe-</span> 
     </span>
     <span class='ocr_line' id='line_1_56' title="bbox 242 4451 1600 4524; baseline 0.008 -27"><span class='ocrx_word' id='word_1_502' title='bbox 242 4457 281 4497; x_wconf 91' lang='lat' dir='ltr'>tns</span> <span class='ocrx_word' id='word_1_503' title='bbox 301 4465 316 4499; x_wconf 88' lang='lat' dir='ltr'>a</span> <span class='ocrx_word' id='word_1_504' title='bbox 333 4451 461 4515; x_wconf 72' lang='lat' dir='ltr'>parallelo,</span> <span class='ocrx_word' id='word_1_505' title='bbox 482 4468 561 4517; x_wconf 87' lang='lat' dir='ltr'>neque</span> <span class='ocrx_word' id='word_1_506' title='bbox 581 4453 681 4503; x_wconf 86' lang='lat' dir='ltr'>ducturo</span> <span class='ocrx_word' id='word_1_507' title='bbox 700 4455 808 4516; x_wconf 89' lang='lat' dir='ltr'>seqnitur</span> <span class='ocrx_word' id='word_1_508' title='bbox 826 4453 1000 4515; x_wconf 88' lang='lat' dir='ltr'>perpendiculi.</span> <span class='ocrx_word' id='word_1_509' title='bbox 1034 4453 1093 4504; x_wconf 90' lang='lat' dir='ltr'>ldeo</span> <span class='ocrx_word' id='word_1_510' title='bbox 1111 4457 1194 4520; x_wconf 73' lang='lat' dir='ltr'>imago</span> <span class='ocrx_word' id='word_1_511' title='bbox 1213 4469 1262 4503; x_wconf 90' lang='lat' dir='ltr'>non</span> <span class='ocrx_word' id='word_1_512' title='bbox 1286 4457 1436 4517; x_wconf 74' lang='lat' dir='ltr'>apparetis</span> <span class='ocrx_word' id='word_1_513' title='bbox 1462 4471 1507 4516; x_wconf 84' lang='lat' dir='ltr'>so.</span> <span class='ocrx_word' id='word_1_514' title='bbox 1535 4453 1600 4524; x_wconf 67' lang='grc' dir='ltr'><strong><em>Μ</em></strong></span> 
     </span>
     <span class='ocr_line' id='line_1_57' title="bbox 243 4522 1599 4589; baseline 0.011 -25"><span class='ocrx_word' id='word_1_515' title='bbox 243 4522 314 4569; x_wconf 89' lang='lat' dir='ltr'>rariis</span> <span class='ocrx_word' id='word_1_516' title='bbox 333 4522 412 4570; x_wconf 90' lang='lat' dir='ltr'>modis</span> <span class='ocrx_word' id='word_1_517' title='bbox 431 4524 583 4585; x_wconf 83' lang='lat' dir='ltr'>experientis</span> <span class='ocrx_word' id='word_1_518' title='bbox 607 4523 751 4578; x_wconf 80' lang='lat' dir='ltr'>confirmat.</span> <span class='ocrx_word' id='word_1_519' title='bbox 778 4522 886 4571; x_wconf 88' lang='lat' dir='ltr'>adhibito</span> <span class='ocrx_word' id='word_1_520' title='bbox 905 4523 1003 4585; x_wconf 85' lang='lat' dir='ltr'>speculo</span> <span class='ocrx_word' id='word_1_521' title='bbox 1023 4540 1131 4574; x_wconf 75' lang='lat' dir='ltr'>concavo</span> <span class='ocrx_word' id='word_1_522' title='bbox 1153 4527 1237 4587; x_wconf 74' lang='lat' dir='ltr'>iustae</span> <span class='ocrx_word' id='word_1_523' title='bbox 1256 4525 1412 4589; x_wconf 70' lang='lat' dir='ltr'>quantitatis</span> <span class='ocrx_word' id='word_1_524' title='bbox 1451 4527 1515 4578; x_wconf 68' lang='lat' dir='ltr'>Fata</span> <span class='ocrx_word' id='word_1_525' title='bbox 1533 4527 1599 4578; x_wconf 76' lang='lat' dir='ltr'>ssi·</span> 
     </span>
     <span class='ocr_line' id='line_1_58' title="bbox 243 4589 1599 4658; baseline 0.009 -20"><span class='ocrx_word' id='word_1_526' title='bbox 243 4589 293 4639; x_wconf 86' lang='lat' dir='ltr'>tale</span> <span class='ocrx_word' id='word_1_527' title='bbox 312 4591 437 4654; x_wconf 85' lang='lat' dir='ltr'>speculam</span> <span class='ocrx_word' id='word_1_528' title='bbox 457 4593 527 4642; x_wconf 72' lang='grc' dir='ltr'>ΒΗΘ</span> <span class='ocrx_word' id='word_1_529' title='bbox 546 4592 600 4657; x_wconf 79' lang='lat' dir='ltr'>(lig.</span> <span class='ocrx_word' id='word_1_530' title='bbox 612 4589 672 4652; x_wconf 82' lang='grc'><strong>21),</strong></span> <span class='ocrx_word' id='word_1_531' title='bbox 693 4597 761 4655; x_wconf 88' lang='lat' dir='ltr'>cnjus</span> <span class='ocrx_word' id='word_1_532' title='bbox 781 4592 927 4644; x_wconf 82' lang='lat' dir='ltr'>centrumD</span> <span class='ocrx_word' id='word_1_533' title='bbox 947 4601 973 4643; x_wconf 91' lang='lat' dir='ltr'>et</span> <span class='ocrx_word' id='word_1_534' title='bbox 990 4595 1067 4658; x_wconf 88' lang='lat' dir='ltr'>stylus</span> <span class='ocrx_word' id='word_1_535' title='bbox 1086 4596 1124 4645; x_wconf 89' lang='lat' dir='ltr'>rel</span> <span class='ocrx_word' id='word_1_536' title='bbox 1143 4594 1246 4644; x_wconf 85' lang='lat' dir='ltr'>bacillus</span> <span class='ocrx_word' id='word_1_537' title='bbox 1264 4596 1408 4647; x_wconf 82' lang='lat' dir='ltr'>nonusiiter</span> <span class='ocrx_word' id='word_1_538' title='bbox 1426 4605 1529 4650; x_wconf 81' lang='lat' dir='ltr'>ereetu</span> <span class='ocrx_word' id='word_1_539' title='bbox 1541 4597 1599 4656; x_wconf 78' lang='lat' dir='ltr'>lin.</span> 
     </span>
     <span class='ocr_line' id='line_1_59' title="bbox 244 4662 1598 4729; baseline 0.01 -22"><span class='ocrx_word' id='word_1_540' title='bbox 244 4662 314 4721; x_wconf 80' lang='lat' dir='ltr'>cuius</span> <span class='ocrx_word' id='word_1_541' title='bbox 334 4666 468 4711; x_wconf 86' lang='lat' dir='ltr'>extremum</span> <span class='ocrx_word' id='word_1_542' title='bbox 488 4664 563 4713; x_wconf 87' lang='lat' dir='ltr'>cadat</span> <span class='ocrx_word' id='word_1_543' title='bbox 580 4666 606 4712; x_wconf 92' lang='lat' dir='ltr'>in</span> <span class='ocrx_word' id='word_1_544' title='bbox 626 4671 737 4712; x_wconf 86' lang='lat' dir='ltr'>centrum</span> <span class='ocrx_word' id='word_1_545' title='bbox 756 4663 856 4726; x_wconf 87' lang='lat' dir='ltr'>speculi.</span> <span class='ocrx_word' id='word_1_546' title='bbox 883 4662 975 4713; x_wconf 87' lang='lat' dir='ltr'>Oculus</span> <span class='ocrx_word' id='word_1_547' title='bbox 993 4681 1050 4716; x_wconf 87' lang='lat' dir='ltr'>roro</span> <span class='ocrx_word' id='word_1_548' title='bbox 1068 4666 1101 4714; x_wconf 91' lang='lat' dir='ltr'>sit</span> <span class='ocrx_word' id='word_1_549' title='bbox 1119 4669 1143 4715; x_wconf 91' lang='lat' dir='ltr'>in</span> <span class='ocrx_word' id='word_1_550' title='bbox 1163 4666 1198 4722; x_wconf 76' lang='lat' dir='ltr'>A.</span> <span class='ocrx_word' id='word_1_551' title='bbox 1218 4681 1247 4716; x_wconf 82' lang='lat' dir='ltr'>ex</span> <span class='ocrx_word' id='word_1_552' title='bbox 1266 4681 1313 4729; x_wconf 87' lang='lat' dir='ltr'>qno</span> <span class='ocrx_word' id='word_1_553' title='bbox 1333 4666 1417 4718; x_wconf 83' lang='lat' dir='ltr'>radius</span> <span class='ocrx_word' id='word_1_554' title='bbox 1435 4671 1540 4720; x_wconf 84' lang='lat' dir='ltr'>risnslls</span> <span class='ocrx_word' id='word_1_555' title='bbox 1557 4669 1598 4721; x_wconf 78' lang='lat' dir='ltr'>ds·</span> 
     </span>
     <span class='ocr_line' id='line_1_60' title="bbox 243 4731 1598 4806; baseline 0.01 -29"><span class='ocrx_word' id='word_1_556' title='bbox 243 4731 364 4780; x_wconf 81' lang='lat' dir='ltr'>scandens</span> <span class='ocrx_word' id='word_1_557' title='bbox 383 4732 426 4780; x_wconf 78' lang='lat' dir='ltr'>Al:</span> <span class='ocrx_word' id='word_1_558' title='bbox 453 4735 485 4781; x_wconf 85' lang='lat' dir='ltr'>sit</span> <span class='ocrx_word' id='word_1_559' title='bbox 503 4734 636 4796; x_wconf 80' lang='lat' dir='ltr'>parallelus</span> <span class='ocrx_word' id='word_1_560' title='bbox 656 4734 743 4782; x_wconf 88' lang='lat' dir='ltr'>bacillo</span> <span class='ocrx_word' id='word_1_561' title='bbox 765 4733 826 4794; x_wconf 86' lang='lat' dir='ltr'>llll,</span> <span class='ocrx_word' id='word_1_562' title='bbox 855 4741 881 4782; x_wconf 89' lang='lat' dir='ltr'>et</span> <span class='ocrx_word' id='word_1_563' title='bbox 899 4735 1041 4785; x_wconf 83' lang='lat' dir='ltr'>reflectatur</span> <span class='ocrx_word' id='word_1_564' title='bbox 1059 4738 1083 4785; x_wconf 92' lang='lat' dir='ltr'>in</span> <span class='ocrx_word' id='word_1_565' title='bbox 1102 4737 1130 4786; x_wconf 90' lang='grc' dir='ltr'>Τ.</span> <span class='ocrx_word' id='word_1_566' title='bbox 1169 4735 1250 4786; x_wconf 84' lang='lat' dir='ltr'>Cadet</span> <span class='ocrx_word' id='word_1_567' title='bbox 1267 4736 1289 4785; x_wconf 83' lang='lat' dir='ltr'>T</span> <span class='ocrx_word' id='word_1_568' title='bbox 1307 4745 1427 4800; x_wconf 86' lang='lat' dir='ltr'>puuctum</span> <span class='ocrx_word' id='word_1_569' title='bbox 1450 4755 1529 4806; x_wconf 86' lang='lat' dir='ltr'>prope</span> <span class='ocrx_word' id='word_1_570' title='bbox 1546 4753 1598 4790; x_wconf 82' lang='lat' dir='ltr'>ms·</span> 
     </span>
     <span class='ocr_line' id='line_1_61' title="bbox 244 4798 1600 4880; baseline 0.013 -34"><span class='ocrx_word' id='word_1_571' title='bbox 244 4798 310 4847; x_wconf 89' lang='lat' dir='ltr'>dium</span> <span class='ocrx_word' id='word_1_572' title='bbox 327 4800 409 4849; x_wconf 89' lang='lat' dir='ltr'>hscilli</span> <span class='ocrx_word' id='word_1_573' title='bbox 428 4802 554 4860; x_wconf 85' lang='lat' dir='ltr'>inlocum,</span> <span class='ocrx_word' id='word_1_574' title='bbox 573 4820 645 4867; x_wconf 88' lang='lat' dir='ltr'>quern</span> <span class='ocrx_word' id='word_1_575' title='bbox 667 4819 696 4852; x_wconf 86' lang='lat' dir='ltr'>ex</span> <span class='ocrx_word' id='word_1_576' title='bbox 708 4804 899 4867; x_wconf 87' lang='lat' dir='ltr'>l&#39;aralipomenis</span> <span class='ocrx_word' id='word_1_577' title='bbox 909 4808 958 4853; x_wconf 84' lang='lat' dir='ltr'>tuis</span> <span class='ocrx_word' id='word_1_578' title='bbox 970 4815 1081 4858; x_wconf 88' lang='lat' dir='ltr'>mutuato</span> <span class='ocrx_word' id='word_1_579' title='bbox 1101 4809 1200 4858; x_wconf 88' lang='lat' dir='ltr'>nomine</span> <span class='ocrx_word' id='word_1_580' title='bbox 1218 4807 1299 4857; x_wconf 83' lang='lat' dir='ltr'>iocum</span> <span class='ocrx_word' id='word_1_581' title='bbox 1318 4809 1459 4872; x_wconf 79' lang='lat' dir='ltr'>appellabo,</span> <span class='ocrx_word' id='word_1_582' title='bbox 1478 4809 1600 4880; x_wconf 59' lang='lat' dir='ltr'>siquidm</span> 
     </span>
     <span class='ocr_line' id='line_1_62' title="bbox 243 4867 1599 4954; baseline 0.015 -38"><span class='ocrx_word' id='word_1_583' title='bbox 243 4867 305 4917; x_wconf 90' lang='lat' dir='ltr'>rsdil</span> <span class='ocrx_word' id='word_1_584' title='bbox 325 4868 387 4918; x_wconf 81' lang='lat' dir='ltr'>Solis</span> <span class='ocrx_word' id='word_1_585' title='bbox 405 4873 515 4934; x_wconf 83' lang='lat' dir='ltr'>paralleli</span> <span class='ocrx_word' id='word_1_586' title='bbox 534 4876 559 4922; x_wconf 92' lang='lat' dir='ltr'>in</span> <span class='ocrx_word' id='word_1_587' title='bbox 578 4875 672 4938; x_wconf 86' lang='lat' dir='ltr'>speculi</span> <span class='ocrx_word' id='word_1_588' title='bbox 691 4875 811 4936; x_wconf 87' lang='lat' dir='ltr'>sphaerici</span> <span class='ocrx_word' id='word_1_589' title='bbox 838 4885 978 4925; x_wconf 81' lang='lat' dir='ltr'>sextantem</span> <span class='ocrx_word' id='word_1_590' title='bbox 997 4879 1133 4928; x_wconf 88' lang='lat' dir='ltr'>incidentes</span> <span class='ocrx_word' id='word_1_591' title='bbox 1157 4877 1190 4928; x_wconf 87' lang='lat' dir='ltr'>ibi</span> <span class='ocrx_word' id='word_1_592' title='bbox 1208 4877 1356 4944; x_wconf 66' lang='lat' dir='ltr'>colliguntur</span> <span class='ocrx_word' id='word_1_593' title='bbox 1373 4885 1401 4930; x_wconf 85' lang='lat' dir='ltr'>el</span> <span class='ocrx_word' id='word_1_594' title='bbox 1417 4883 1444 4932; x_wconf 84' lang='lat' dir='ltr'>iss</span> <span class='ocrx_word' id='word_1_595' title='bbox 1464 4887 1599 4954; x_wconf 63' lang='lat' dir='ltr'>stipatu</span> 
     </span>
     <span class='ocr_line' id='line_1_63' title="bbox 243 4939 1598 5014; baseline 0.01 -26"><span class='ocrx_word' id='word_1_596' title='bbox 243 4939 350 5006; x_wconf 84' lang='lat' dir='ltr'>spatium</span> <span class='ocrx_word' id='word_1_597' title='bbox 368 4944 558 4999; x_wconf 83' lang='lat' dir='ltr'>contrahuntur,</span> <span class='ocrx_word' id='word_1_598' title='bbox 577 4952 605 4994; x_wconf 91' lang='lat' dir='ltr'>ut</span> <span class='ocrx_word' id='word_1_599' title='bbox 623 4960 674 4994; x_wconf 87' lang='lat' dir='ltr'>rem</span> <span class='ocrx_word' id='word_1_600' title='bbox 693 4945 750 4995; x_wconf 85' lang='lat' dir='ltr'>illue</span> <span class='ocrx_word' id='word_1_601' title='bbox 768 4947 873 5009; x_wconf 86' lang='lat' dir='ltr'>positsm</span> <span class='ocrx_word' id='word_1_602' title='bbox 892 4947 1006 4998; x_wconf 81' lang='lat' dir='ltr'>adurant</span> <span class='ocrx_word' id='word_1_603' title='bbox 1034 4947 1141 5000; x_wconf 78' lang='lat' dir='ltr'>Notatur</span> <span class='ocrx_word' id='word_1_604' title='bbox 1159 4945 1309 5014; x_wconf 85' lang='lat' dir='ltr'>ponetum&#39;l&#39;</span> <span class='ocrx_word' id='word_1_605' title='bbox 1327 4954 1470 5004; x_wconf 72' lang='lat' dir='ltr'>atramnto</span> <span class='ocrx_word' id='word_1_606' title='bbox 1488 4953 1598 5010; x_wconf 75' lang='grc' dir='ltr'>ηιοιιι</span> 
     </span>
    </p>
   </div>
   <div class='ocr_carea' id='block_1_3' title="bbox 0 0 1857 5842">
    <p class='ocr_par' dir='ltr' id='par_1_33' title="bbox 0 0 1857 5842">
     <span class='ocr_line' id='line_1_64' title="bbox 0 0 1857 5842; baseline 0 0"><span class='ocrx_word' id='word_1_607' title='bbox 0 0 1857 5842; x_wconf 95' lang='lat' dir='ltr'> </span> 
     </span>
    </p>
   </div>
  </div>
 </body>
</html>
