3692 5842
826 481 1031 534 exv-cxxv.
1543 481 1610 549 543

242 657 423 738 penicillum
452 657 590 722 OAFBC
618 661 721 740 puncti
746 659 791 734 O,
826 662 878 723 sed
902 661 999 723 solam
1023 667 1140 740 partem
1165 659 1373 734 calsano,
1406 661 1491 741 cujus
1518 662 1610 741 junc-

242 757 315 810 tura
340 749 369 810 in
394 755 480 830 parte
510 749 599 810 lentis
623 751 692 812 ΑΗ.
741 749 877 820 Quilibet
907 751 999 829 igitur
1026 751 1176 814 radiorum
1201 753 1278 814 inter
1300 752 1356 824 Kl,
1379 751 1438 810 BG
1462 759 1613 812 monstrat

243 847 392 918 punctum
415 839 457 912 E,
483 838 589 899 dexter
612 839 760 900 dextrum.
807 838 849 900 Et
872 840 999 917 quilibet
1022 839 1171 901 radiorum
1195 841 1275 902 inter
1298 841 1352 915 Al,
1378 838 1436 901 llll
1462 847 1612 902 monstrat

242 933 391 1006 punctum
415 924 461 1000 0,
496 926 619 988 sinister
652 928 817 988 sinistrum.
866 927 967 998 Quare
992 947 1049 1009 quo
1083 929 1142 990 situ
1166 929 1274 992 AIIGI
1299 937 1331 990 et
1352 928 1458 990 KBGI
1482 928 1610 1008 penicil-

244 1014 343 1077 lorum
368 1023 473 1094 partes
497 1016 534 1076 ad
559 1016 677 1077 oculum
710 1014 755 1077 Gl
786 1017 973 1092 allabuntur,
998 1017 1101 1078 eodem
1120 1011 1186 1079 'situ
1211 1020 1302 1080 etiam
1327 1016 1353 1080 Ο
1376 1027 1408 1080 et
1431 1017 1458 1078 Ε
1480 1017 1611 1080 vertices

243 1103 453 1184 penicillorum
479 1123 530 1165 seu
555 1113 667 1184 puncta
691 1105 823 1166 visibilia
846 1125 970 1167 revera
993 1105 1044 1167 siti
1069 1114 1150 1167 sunt.

338 1193 453 1254 LXXI.
500 1193 724 1272 Propositio.
771 1192 879 1256 Omnis
903 1214 957 1274 per
984 1213 1135 1256 convexas
1167 1195 1264 1257 lentes
1296 1203 1398 1258 erecta
1430 1195 1611 1275 repraesen-

244 1281 325 1342 tatio
354 1290 522 1343 erectorum
556 1281 717 1345 visibilium
752 1283 979 1364 longinquorum
1004 1290 1051 1344 est
1079 1285 1252 1346 necessario
1286 1286 1433 1346 confusa:
1465 1293 1498 1346 ct
1524 1292 1612 1346 tanto

244 1371 410 1445 confusior,
436 1379 547 1452 quanto
572 1371 637 1432 lens
661 1390 798 1433 convexa
822 1373 860 1434 ab
884 1375 970 1434 oculo
996 1373 1149 1435 remotior.

337 1459 418 1522 llam
441 1477 494 1540 per
518 1460 687 1539 superiores
712 1483 730 1522 a
753 1461 903 1524 XXXIV.
938 1462 967 1523 in
1000 1462 1068 1522 XL.
1101 1462 1334 1541 uniuscujusque
1366 1461 1470 1542 puncti
1505 1461 1542 1522 de
1577 1479 1611 1522 re

248 1547 318 1610 visa
343 1547 506 1629 longinqua
530 1549 584 1620 (sit
609 1549 638 1610 in
671 1549 763 1628 priori
793 1551 947 1612 schemate
978 1551 1080 1630 [remoti
1106 1548 1147 1622 C)
1171 1550 1247 1612 radii
1273 1549 1343 1625 CA,
1369 1549 1425 1613 Cll
1450 1558 1483 1612 et
1505 1549 1612 1630 reliqui

247 1636 390 1717 paralleli
415 1638 484 1716 (per
506 1637 628 1710 XXII.)
653 1659 744 1718 usque
769 1641 806 1700 ad
832 1641 941 1702 lentem
965 1658 1139 1712 convexam,
1163 1647 1243 1719 post,
1270 1641 1450 1700 refractione
1475 1641 1558 1700 facta
1581 1639 1611 1698 iu

249 1727 336 1788 lente
360 1744 505 1799 convexa,
536 1727 599 1805 jam
625 1747 729 1788 versus
754 1729 870 1790 oculum
894 1729 941 1790 IG
965 1738 1157 1805 convergunt.
1206 1729 1249 1789 rlt
1279 1746 1332 1806 per
1356 1729 1457 1789 LXV.
1482 1746 1612 1789 couver-

248 1814 394 1894 gentibus
427 1815 520 1876 radiis
556 1816 643 1876 unius
674 1811 778 1895 puncti
807 1818 844 1877 ad
879 1819 1014 1891 oculum,
1046 1816 1230 1896 impossibile
1261 1825 1310 1877 est
1341 1817 1517 1879 distinctam
1550 1815 1614 1878 lieri
1662 1849 1667 1862 ·

246 1903 407 1966 visionem.
456 1901 589 1982 Cumque
621 1907 835 1984 convergeutia
859 1907 899 1968 sit
923 1927 1015 1968 causa
1047 1906 1246 1982 confusionis,
1280 1906 1376 1985 major
1399 1905 1614 1985 couvergeutia

247 1993 307 2054 erit
342 1991 469 2071 majoris
501 1994 685 2055 confusionis
719 2014 818 2055 causa.
868 1996 969 2074 lllajor
999 2003 1099 2055 autern
1129 2003 1178 2056 est
1208 1995 1423 2073 convergeutia
1445 1994 1475 2055 in
1506 1993 1613 2072 majori

246 2089 338 2160 parte
362 2079 495 2160 penicilli
521 2081 558 2142 ab
583 2084 668 2144 oculo
693 2084 871 2163 intercepta,
897 2104 962 2145 curn
983 2084 1100 2145 scilicet
1124 2084 1228 2146 oculus
1252 2091 1300 2144 est
1320 2084 1434 2145 alente
1458 2082 1612 2144 remotior.

247 2168 353 2248 Major
377 2170 470 2248 Igitur
484 2177 516 2230 et
531 2173 666 2233 confusio
686 2174 743 2233 erit
757 2183 876 2234 erectae
900 2173 1034 2246 visionis,
1060 2174 1085 2234 si
1103 2173 1167 2234 lens
1183 2174 1220 2236 ab
1237 2173 1322 2234 oculo
1347 2172 1489 2234 remotior
1512 2170 1612 2234 fuerit.

339 2257 473 2319 LXXII.
523 2259 746 2339 Propositio.
795 2261 907 2341 Aliqua
930 2281 985 2342 per
1008 2281 1158 2323 convexas
1183 2262 1281 2324 lentes
1305 2269 1408 2322 erecta
1431 2279 1612 2341 repraesen-

248 2347 328 2408 tatio
353 2344 516 2409 visibilium
539 2350 771 2429 propinquorum
795 2359 844 2412 est
866 2373 927 2421 τοις
951 2353 1131 2431 reproperata
1154 2352 1308 2413 distincta.

339 2435 509 2516 Presbytae
542 2438 679 2500 dicuntur
702 2439 879 2512 Aristoteli,
915 2441 974 2519 qui,
1004 2460 1069 2501 curu
1093 2449 1210 2502 remota
1233 2440 1377 2501 distincte
1409 2437 1544 2506 videant,
1574 2436 1614 2496 ad

246 2523 418 2604 propinqua
441 2534 513 2587 suut
536 2526 670 2601 lusciosi,
697 2537 730 2589 ut
753 2529 869 2590 LXIV.
918 2529 1001 2590 Talis
1030 2529 1122 2606 igitur
1150 2529 1257 2610 aliquis
1281 2548 1335 2608 per
1357 2527 1478 2590 XXIII.
1509 2525 1613 2594 oculos

248 2613 419 2676 assuefecit
441 2613 481 2675 ad
504 2615 605 2678 radios
630 2617 857 2697 uniuscujusque
882 2618 984 2696 puncti
1009 2618 1182 2697 parallelos.
1220 2619 1291 2678 Jaru
1314 2635 1385 2678 vero
1409 2635 1462 2695 per
1475 2613 1612 2676 XXXV.

247 2713 282 2764 et
305 2701 460 2765 XXXIX.
484 2715 533 2766 est
556 2705 677 2784 aliquod
700 2716 842 2786 punctum
867 2716 952 2767 trans
982 2708 1093 2768 lentenr
1117 2727 1170 2768 scu
1198 2705 1418 2787 perspicillunr,
1452 2705 1481 2765 in
1506 2722 1564 2783 quo
1588 2701 1615 2762 si

248 2798 398 2874 puuctum
428 2791 472 2853 rei
505 2793 634 2856 visibilis
666 2803 808 2874 ponatur,
842 2795 918 2856 radii
953 2796 1031 2857 illius
1065 2795 1167 2875 puncti
1200 2794 1331 2857 transita
1361 2795 1440 2855 lente
1475 2789 1615 2872 paralleli

250 2881 399 2944 incedunt
431 2899 538 2942 versus
571 2884 699 2944 oculum.
747 2885 902 2946 Distineta
932 2885 1024 2963 igitur
1056 2893 1303 2964 repraesentatur
1326 2883 1387 2945 illis
1411 2903 1459 2944 res
1487 2879 1616 2942 visibilis

248 2988 305 3051 per
331 2971 444 3032 lentem
468 2988 644 3035 convexam.
1195 2969 1203 2982 '

343 3057 387 3120 Et
409 3067 491 3134 uota,
517 3059 736 3122 demonstratio
762 3061 866 3123 delinit
889 3061 1000 3122 liruites
1026 3081 1123 3125 rerum
1147 3061 1307 3123 subtiliter.
1344 3061 1464 3123 Natura
1487 3057 1617 3120 veracis

250 3159 284 3212 et
308 3149 392 3210 ultra
415 3156 563 3226 evagatur
587 3151 670 3211 nullo
685 3169 794 3227 magno
819 3151 944 3212 visionis
970 3151 1167 3225 incommodo,
1192 3153 1248 3212 uisi
1265 3170 1330 3213 cum
1350 3151 1440 3210 uiurio
1460 3156 1616 3228 evagatur.

345 3235 496 3299 mtxlss.
554 3238 783 3318 Propositio.
841 3239 955 3302 Oculus
990 3241 1017 3300 iu
1056 3250 1167 3320 puncto
1205 3259 1367 3300 concursus
1405 3238 1618 3317 parallelorum

249 3327 423 3390 collocatus
448 3325 531 3387 videt
554 3329 720 3408 propinqua
744 3329 841 3392 adbuc
866 3339 977 3392 crecta.

346 3415 425 3478 Nam
464 3417 566 3477 oculus
604 3417 771 3479 collocatus
804 3420 833 3480 iu
867 3429 977 3497 puncto
1015 3435 1177 3476 concursus
1214 3415 1428 3494 parallelorum
1466 3413 1537 3484 (lroc
1570 3419 1618 3472 est

248 3503 439 3567 venientium
472 3525 489 3564 a
522 3514 634 3583 puncto
668 3516 784 3568 remoto
817 3518 848 3569 ct
881 3507 1041 3585 longinquo
1074 3524 1127 3582 per
1155 3505 1294 3575 XXIII.)
1328 3513 1376 3563 cst
1407 3503 1502 3561 arllruc
1536 3501 1617 3560 iutra

249 3593 401 3658 terminos
434 3612 596 3655 concursus
630 3597 779 3656 radiorum
813 3597 914 3674 puncti
949 3594 1077 3655 visibilis
1110 3593 1267 3672 propinqui
1302 3611 1356 3671 per
1378 3590 1468 3651 XLI.
1516 3587 1617 3658 Quare

249 3703 307 3768 per
332 3683 432 3748 LXX.
458 3683 577 3744 visibile
602 3684 699 3745 adlruc
724 3694 855 3745 erectum
879 3681 1167 3763 repraesentabitur.

345 3771 497 3834 LXXIV.
537 3772 769 3853 Propositio.
810 3771 922 3835 Oculus
944 3773 972 3834 iu
991 3780 1101 3852 puncto
1121 3789 1282 3831 concursus
1301 3767 1451 3828 radiorum
1474 3785 1493 3824 a
1506 3772 1618 3844 puncto

252 3863 297 3926 rei
322 3861 519 3924 defluentium
551 3863 733 3923 constitutus
763 3871 903 3940 puuctum
931 3863 1003 3924 illud
1033 3861 1154 3922 radians
1177 3877 1231 3938 per
1255 3859 1365 3918 lentem
1393 3853 1535 3915 distincte
1559 3873 1617 3915 non

253 3950 351 4024 ridet,
377 3950 431 4012 sed
456 3950 585 4010 omnium
610 3951 830 4012 confusissime.

344 4039 426 4102 Nam
450 4039 528 4101 radii
553 4040 639 4101 unius
672 4040 775 4119 puncti
808 4040 990 4102 refractione
1014 4039 1042 4100 in
1067 4039 1147 4098 lente
1180 4037 1262 4096 lacta
1294 4037 1479 4108 convergunt
1511 4049 1617 4092 versus

255 4139 399 4210 punctum
422 4146 596 4190 concursus
644 4129 678 4190 Si
703 4148 774 4208 ergo
799 4130 902 4191 oculus
928 4129 954 4189 in
980 4135 1090 4207 puncto
1114 4143 1290 4195 concursus,
1316 4125 1503 4196 convergunt
1527 4119 1619 4196 igitur

260 4237 363 4280 versus
397 4219 525 4280 oculum.
574 4219 618 4279 At
644 4238 697 4297 per
726 4219 825 4280 LXV.
860 4217 1109 4296 convergeutibus
1146 4213 1209 4287 luis,
1245 4213 1312 4272 fons
1341 4216 1373 4269 ct
1401 4208 1484 4285 origo
1515 4227 1618 4269 eorum

263 4307 405 4369 distincte
438 4325 498 4368 non
532 4305 662 4368 videtur.
716 4307 849 4388 Curnquc
883 4309 1014 4368 ruarirna
1046 4306 1087 4365 sit
1117 4299 1331 4380 couvcrgentia
1364 4297 1391 4357 in
1424 4296 1475 4356 illo
1508 4306 1620 4374 puncto

266 4395 389 4462 omnium
413 4414 526 4470 earum,
551 4415 627 4476 quae
652 4416 706 4477 per
729 4417 816 4458 unam
841 4399 953 4458 lentem
973 4415 1040 4456 esse
1064 4401 1201 4472 possuut,
1227 4387 1361 4451 confusio
1386 4385 1477 4464 igitur
1495 4385 1554 4445 erit
1578 4384 1618 4446 ibi

270 4503 390 4546 mamma
414 4503 555 4546 omnium.

348 4573 480 4636 LXXV.
527 4574 754 4654 Propositio.
803 4575 916 4636 Oculus
950 4573 1133 4633 constitutus
1162 4575 1249 4629 extra
1279 4574 1440 4645 punctum,
1470 4561 1510 4621 ad
1542 4561 1620 4640 quod

278 4673 442 4724 concurrunt
464 4663 551 4724 unius
578 4663 704 4724 visibilis
727 4664 828 4742 puncti
849 4663 935 4736 radii,
960 4662 1042 4722 videt
1062 4659 1142 4721 illius
1162 4656 1288 4718 visibilis
1313 4659 1425 4732 puncta
1438 4668 1493 4728 per
1508 4651 1620 4711 lentem

280 4763 425 4813 convexam
449 4770 557 4815 everso
581 4753 650 4813 situ.

354 4839 419 4902 lton
452 4840 520 4902 dico
553 4842 632 4921 quod
661 4841 689 4902 in
724 4859 897 4920 qrracuuquc
929 4837 1121 4916 elongatione
1150 4857 1169 4896 a
1196 4840 1306 4912 puncto
1338 4826 1621 4928 concursus-quius

283 4927 369 5004 parci
389 4929 539 4992 radiorum
568 4930 671 4992 videat
699 4937 794 4991 toturn
822 4917 940 4990 visibile
969 4945 1117 4988 eversum.
1164 4925 1243 4985 Nam
1266 4929 1301 4984 ut
1327 4913 1621 4996 maguam-visibiles
